1778 3095
287 131 366 177 596
726 131 804 169 DE
841 132 1267 171 DIVINATIONE

292 244 379 278 tem
412 237 591 280 lucernae
626 239 785 281 lumine
815 239 1027 292 declarari,
1056 241 1357 283 dissensionem
1388 255 1437 283 ac
1463 240 1710 285 seditionem

210 300 279 356 59
292 295 463 336 moveri.
521 297 616 336 Jam
653 310 704 336 ex
740 296 996 347 insanorum,
1038 308 1111 339 aut
1148 299 1357 339 ebriorum
1389 298 1484 340 visis
1521 300 1711 340 innume-

203 375 272 406 121
293 350 439 391 rabilia
483 351 726 407 conjectura
771 353 878 394 trahi
925 364 1113 408 possunt,
1160 371 1253 410 quae
1303 355 1446 396 futura
1482 355 1713 397 videantur.

288 407 395 463 Quis
429 417 490 448 est
521 409 649 459 enirn,
681 409 752 464 qui
783 418 919 450 totum
950 410 1062 450 diem
1095 411 1286 466 jaculans
1316 420 1351 443 21
1372 426 1456 452 non
1487 411 1714 467 aliquando

288 463 504 504 collimet?
538 474 648 506 totas
675 475 820 507 noctes
852 465 1110 516 dormimus3
1143 481 1279 522 neque
1308 467 1395 509 ulla
1420 468 1505 508 fere
1529 477 1606 519 est,
1631 482 1714 524 qua

291 534 374 560 non
396 521 666 562 somniemus.
692 531 734 563 et
760 522 974 572 miramur,
996 522 1219 577 aliquando
1246 532 1284 556 ¹22
1300 525 1357 574 id,
1382 523 1498 580 quod
1529 525 1712 565 somnia-

287 576 433 627 rimus,
460 577 661 618 evadere?
695 579 795 633 quid
823 587 887 618 est
913 588 998 618 tam
1029 578 1249 630 incertum,
1277 595 1403 636 quam
1434 580 1617 621 talorum
1644 580 1713 636 ja-

287 635 409 673 ctus?
457 644 597 674 tamen
638 649 763 675 nemo
795 643 873 683 est,
908 634 1007 688 quin
1043 649 1154 690 saepe
1178 635 1356 691 jactans,
1387 636 1616 678 Venerium
1644 637 1714 693 ja-

287 688 370 730 ciat
389 689 629 746 aliquando,
651 705 965 745 nonnumquam
993 690 1118 731 etiam
1148 691 1297 732 iterum
1323 707 1370 733 ac
1395 693 1582 734 tertium.
1611 707 1712 734 num

287 745 430 800 igitur,
456 756 504 787 ut
533 747 676 801 inepti,
699 755 736 778 23
754 746 929 787 Veneris
949 746 991 786 id
1020 747 1105 787 fieri
1127 748 1311 802 impulsu
1339 749 1562 800 malumus,
1585 764 1712 806 quam

285 817 385 844 casu
406 803 571 843 dicere?
605 803 719 857 quod
751 802 785 843 si
817 803 964 843 ceteris
988 804 1263 858 temporibus,
1285 804 1398 845 falsis
1418 805 1514 846 visis
1537 806 1712 847 creden-

286 859 388 899 dum
424 873 508 899 non
539 868 628 909 est3
677 874 760 900 non
796 858 930 909 video,
961 859 1061 914 quid
1096 860 1296 915 praecipui
1335 875 1506 902 somnus
1545 862 1712 913 habeat,

200 933 273 963 122
286 915 328 955 in
351 931 436 971 quo
455 916 618 957 valeant
637 916 740 957 falsa
760 929 836 971 pro
855 915 974 956 veris.
1032 916 1160 972 Quod
1191 917 1224 957 si
1253 918 1312 958 ita
1340 926 1489 958 natura
1519 928 1710 973 paratum

286 982 410 1022 esset,
433 981 479 1013 ut
506 987 556 1013 ea
584 972 841 1014 dormientes
871 982 1059 1026 agerent,
1080 988 1173 1028 quae
1202 973 1486 1015 somniarent:
1515 973 1713 1030 alligandi

285 1043 432 1069 omnes
461 1037 614 1079 essent,
644 1029 715 1085 qui
745 1028 936 1069 cubitum
971 1029 1090 1070 irent.
1121 1030 1300 1085 majores
1326 1030 1454 1081 enim,
1473 1045 1607 1086 -quam
1637 1030 1713 1072 ulli

283 1085 431 1136 insani,
472 1086 682 1127 efficerent
719 1094 860 1126 motus
901 1086 1170 1126 somniantes.
1229 1086 1359 1142 Quod
1399 1087 1432 1127 si
1468 1086 1712 1128 insanorum

281 1142 377 1183 visis
414 1142 515 1183 fides
550 1157 633 1183 non
667 1152 732 1183 est
762 1141 969 1192 habenda,
1007 1142 1104 1198 quia
1134 1142 1238 1183 falsa
1265 1152 1387 1191 sunt;
1418 1157 1494 1183 cur
1521 1143 1713 1185 credatur

283 1199 583 1239 somniantium
603 1199 712 1249 visis,
733 1213 827 1254 quae
847 1198 984 1239 multo
1007 1199 1132 1239 etiam
1161 1199 1472 1254 perturbatiora
1496 1209 1608 1250 sunt,
1628 1214 1712 1241 non

284 1255 492 1310 intelligo.
526 1270 595 1305 an,
629 1255 745 1311 quod
777 1255 909 1295 insani
944 1269 1019 1295 sua
1047 1256 1130 1295 visa
1157 1255 1388 1311 conjectori
1416 1270 1499 1296 non
1531 1266 1711 1307 narrant,

152 1321 451 1370 p,134‚narrant
481 1312 549 1367 qui
583 1312 924 1353 somniaverunt?
961 1313 1118 1367 Quaero
1149 1312 1291 1361 etiam,
1319 1312 1354 1352 si
1380 1312 1502 1353 velim
1533 1312 1712 1353 scribere

238 1382 270 1402 a.
283 1368 397 1423 quid,
418 1376 490 1409 aut
511 1368 666 1423 legere,
687 1377 759 1408 aut
777 1381 925 1408 canere
943 1368 1006 1408 vel
1027 1382 1142 1418 voce,
1163 1368 1226 1409 vel
1257 1367 1423 1419 fidibus,
1445 1376 1518 1409 aut
1537 1382 1712 1424 geome-

278 1425 433 1466 tricum
465 1424 682 1481 quiddam,
711 1433 783 1465 aut
816 1423 1055 1479 physicum,
1084 1433 1158 1465 aut
1189 1424 1453 1466 dialecticum
1490 1424 1712 1479 explicare,

280 1482 547 1522 somniumne
574 1481 880 1536 expectandum
912 1481 979 1531 sit,
1000 1495 1051 1521 an
1075 1496 1139 1522 ars
1161 1481 1413 1531 adhibenda,
1435 1481 1523 1522 sine
1543 1495 1627 1537 qua
1648 1481 1712 1521 ni-

280 1537 340 1578 hil
372 1552 516 1579 earum
550 1553 690 1580 rerum
723 1551 798 1578 nec
831 1536 932 1587 fieri,
964 1552 1038 1577 nec
1066 1537 1251 1593 expediri
1280 1539 1449 1593 potest?
1482 1537 1630 1593 Atqui,
1659 1551 1711 1578 ne

279 1594 313 1635 si
342 1595 535 1650 navigare
563 1594 734 1650 quidem
755 1593 894 1644 velim,
921 1594 979 1634 ita
1006 1594 1300 1649 gubernarem,
1328 1602 1376 1634 ut
1405 1593 1711 1634 somniaverim.

190 1667 262 1700 123
277 1665 461 1705 praesens
488 1651 598 1691 enim
630 1665 755 1706 poena
784 1649 851 1690 sit.
910 1650 996 1706 Qui
1019 1651 1150 1705 igitur
1178 1650 1385 1701 convenit,
1406 1664 1544 1705 aegros
1562 1663 1587 1690 a
1605 1663 1709 1691 con-

271 1708 439 1763 jectore
478 1707 740 1748 somniorum
775 1707 932 1761 potius,
968 1721 1092 1761 quam
1134 1721 1158 1746 a
1193 1705 1360 1747 medico
1394 1715 1535 1761 petere
1574 1706 1711 1747 medi-

276 1764 442 1804 cinam?
476 1779 528 1804 an
549 1763 833 1818 AEsculapius,
853 1777 906 1802 an
933 1763 1099 1817 Serapis
1126 1771 1267 1817 potest
1291 1762 1413 1803 nobis
1440 1761 1710 1817 praescribere

276 1833 350 1874 per
380 1820 593 1861 somnium
624 1819 882 1860 curationem
914 1818 1182 1869 valitudinis,
1213 1820 1440 1873 Neptunus
1468 1818 1710 1874 gubernan-

276 1876 388 1917 tibus
417 1892 500 1917 non
532 1877 704 1926 potest?
737 1884 776 1907 ‘24
795 1884 850 1926 et,
868 1875 955 1915 sine
984 1874 1151 1916 medico
1184 1874 1436 1915 medicinam
1472 1874 1590 1915 dabit
1619 1875 1708 1916 Mi-

274 1946 398 1973 nerva
418 1949 428 1983 3
461 1928 601 1973 Musae
622 1931 844 1981 scribendi,
866 1930 1049 1986 legendi,
1068 1940 1299 1972 ceterarum
1319 1932 1472 1972 artium
1493 1930 1710 1973 scientiam

275 1989 582 2029 somniantibus
614 2004 697 2029 non
728 1989 916 2030 dabunt?
950 1987 1012 2029 At
1032 1988 1066 2029 si
1085 1987 1246 2028 curatio
1269 1987 1439 2028 daretur
1456 1987 1708 2039 valitudinis,

274 2045 366 2086 haec
386 2060 571 2100 quoque,
593 2060 687 2101 quae
708 2045 807 2095 dixi,
829 2045 1041 2085 darentur.
1071 2059 1166 2099 quae
1196 2044 1396 2099 quoniam
1428 2058 1509 2084 non
1542 2044 1709 2095 dantur,

273 2101 484 2142 medicina
519 2117 603 2142 non
634 2101 770 2142 datur.
800 2116 883 2157 qua
913 2100 1091 2151 sublata,
1123 2100 1286 2142 tollitur
1315 2100 1452 2141 omnis
1481 2100 1709 2142 auctoritas

189 2150 261 2204 60
273 2158 551 2199 somniorum.
609 2157 693 2199 Sed
723 2158 814 2199 haec
843 2172 1013 2214 quoque
1037 2157 1078 2198 in
1104 2166 1275 2213 promtu
1299 2157 1482 2198 fuerint:
1513 2171 1624 2198 nunc
1643 2156 1707 2198 in-

272 2215 427 2255 teriora
446 2214 672 2255 videamus.

187 2283 261 2316 124
329 2271 422 2312 Aut
451 2271 561 2311 enim
595 2270 733 2311 divina
758 2271 817 2312 vis
847 2270 1060 2326 quaedam,
1094 2269 1318 2311 consulens
1353 2268 1490 2320 nobis,
1519 2268 1707 2309 somnio-

271 2342 366 2369 rum
392 2327 719 2383 significationes
740 2327 840 2368 facit
858 2344 866 2368 :
898 2336 971 2368 aut
992 2325 1255 2382 conjectores
1275 2340 1326 2367 ex
1352 2325 1535 2382 quadarn
1554 2338 1706 2365 conve-

271 2383 428 2425 nientia
465 2393 508 2426 et
545 2382 846 2439 conjunctione
887 2392 1064 2434 naturae,
1104 2397 1232 2438 quam
1271 2390 1422 2424 vocant
1459 2381 1706 2434 συμπάθειαν,

314 2514 351 2537 21
377 2518 431 2537 non
458 2507 614 2548 aliquando
644 2505 782 2545 collimet]
820 2507 872 2537 Sic
903 2506 967 2537 MS.
1054 2513 1092 2537 22
1118 2505 1160 2542 id,
1173 2505 1250 2547 quod
1258 2504 1468 2541 somniarimus,
1479 2502 1619 2544 evadere]
1633 2515 1705 2535 eva-

272 2550 380 2580 Guelf.
396 2557 427 2580 et
442 2551 506 2586 alii,
521 2552 596 2580 item
614 2551 681 2581 edd.
693 2550 857 2581 vett.Ven.
874 2557 966 2582 1494.
1009 2548 1075 2578 dere
1090 2548 1180 2578 nullo
1196 2549 1290 2578 modo
1306 2557 1418 2578 verum
1435 2556 1501 2578 esse
1517 2554 1627 2588 potest.
1647 2549 1704 2579 Le·

271 2593 402 2623 Mediol.
428 2600 518 2624 1498.
536 2595 666 2623 Ascens.
690 2595 748 2622 ἔω.
771 2600 861 2622 recte.
882 2592 966 2621 male
1008 2592 1150 2630 gendum
1167 2591 1291 2621 evenire.

268 2642 339 2676 post
361 2636 529 2665 inductum
552 2643 598 2665 est
619 2635 757 2664 collineet.
783 2644 859 2664 mox
882 2634 964 2663 edidi
1050 2639 1088 2663 23
1108 2634 1222 2662 Veneris
1239 2633 1345 2672 idfieri
1360 2631 1500 2674 impulsu]
1517 2633 1581 2664 Ms.
1594 2632 1703 2664 Guelf.

270 2685 291 2708 t.
315 2689 344 2709 n.
367 2678 543 2715 dormimus3
574 2689 662 2718 neque
684 2677 760 2717 u.f.
784 2688 807 2706 e.
831 2687 889 2717 qua
911 2687 964 2705 non
1009 2676 1042 2705 V.
1061 2675 1094 2704 id
1106 2676 1259 2716 quidemf.
1277 2676 1299 2706 i.

268 2721 447 2757 somniemus,
466 2727 500 2750 ut
515 2720 651 2758 conjecit
666 2720 838 2758 legendum
856 2719 964 2748 Mure-
1050 2725 1090 2748 ‘24
1115 2725 1142 2747 et
1157 2718 1216 2747 sine
1232 2716 1351 2758 medico]
1376 2718 1487 2749 Delevi
1505 2717 1542 2754 si,
1558 2718 1644 2757 quod
1668 2719 1700 2748 in

267 2770 318 2794 tus
349 2764 506 2802 ediditque
538 2763 722 2793 Lambinus.
754 2771 829 2791 nam
853 2761 963 2801 vulga·
1006 2761 1141 2800 vulgatis
1169 2761 1310 2792 additur:
1346 2762 1389 2792 ita
1415 2761 1452 2791 fit
1481 2762 1582 2792 forma
1608 2770 1701 2800 argu-

268 2813 359 2836 tum:
385 2813 456 2835 lotas
473 2813 563 2835 noctes
579 2805 760 2840 somniamus,
777 2815 866 2845 neque
884 2815 913 2833 u.
925 2805 961 2844 f.
1007 2805 1104 2834 menti
1121 2803 1234 2834 similis
1252 2804 1342 2844 priori
1359 2816 1365 2834 :
1388 2815 1426 2833 an
1441 2803 1623 2844 AEsculapr'us
1641 2806 1698 2834 ὄις.

268 2860 292 2879 e.
309 2860 366 2890 qua
381 2860 434 2878 non
449 2848 632 2886 dormiamus,
650 2849 796 2888 ineptum
812 2853 868 2878 est.
1005 2853 1038 2877 et
1052 2846 1152 2878 abfuit
1168 2848 1263 2878 et'mm
1279 2855 1297 2878 a
1314 2846 1376 2879 Ms.
1393 2847 1521 2877 Davisii.
