1778 3095
270 160 349 198 566
711 160 789 198 DE
824 159 1253 199 DIVINATIONE

269 275 378 309 tum.
409 267 469 309 ita
487 282 539 309 ne
560 267 758 308 divinatio
778 268 964 324 quidem,
985 269 1185 324 quoniam
1214 283 1264 310 ea
1291 282 1432 309 rerum
1461 269 1696 312 suturarum

269 333 347 365 est.
405 324 526 365 Nihil
553 333 693 365 autem
721 332 785 365 est
806 339 881 379 pro
902 335 1018 366 certo
1038 326 1244 376 futurum,
1265 325 1380 381 quod
1399 334 1540 380 potest
1559 325 1697 382 aliqua

270 381 566 436 procuratione
585 380 784 431 accidere,
804 396 854 422 ne
875 381 959 422 fiat.

226 436 261 489 9
329 438 473 492 Atque
503 451 585 492 ego
616 452 666 478 ne
696 437 841 478 utilem
873 437 1041 492 quidem
1073 439 1252 480 arbitror
1278 453 1369 479 esse
1395 438 1515 479 nobis
1537 439 1698 480 futura-

211 509 261 540 22
273 509 367 535 rum
394 508 530 533 rerum
527 472 789 534 Oscientiam.
850 496 956 550 Quae
983 495 1095 535 enim
1118 495 1200 535 vita
1220 495 1368 536 fuisset
1391 495 1569 546 Priamo,
1591 495 1625 536 si
1645 496 1698 536 ab

145 565 177 595 p.
191 550 554 590 iia-adolescentia
575 551 732 599 scisset,
754 564 860 604 quos
879 560 1048 590 eventus
1071 552 1296 592 senectutis
1317 560 1424 592 esset
1445 551 1664 592 habiturus
1683 552 1697 592 ?

233 606 489 647 ³·Abeamus
510 621 534 646 a
555 607 705 647 fabulis
723 623 732 646 ε
765 606 959 661 propiora
978 606 1206 647 videamus.
1257 608 1595 648 Clarissimorum
1619 607 1699 648 ho-

272 662 432 703 minum
467 674 620 704 nostrae
656 663 829 703 civitatis
862 662 1129 716 gravissimos
1157 663 1293 704 exitus
1321 664 1363 704 in
1396 664 1699 705 Consolatione

271 718 534 774 collegimus.
593 719 709 775 Quid
738 718 893 773 igitur?
927 727 975 758 ut
1005 718 1249 760 omittamus
1280 720 1540 775 superiores·
1529 752 1541 772 ,
1579 721 1699 762 Mar·

272 790 377 816 cone
400 775 568 824 Crasso,
591 785 727 830 putas,
750 774 852 815 utile
882 774 1025 825 fuisse,
1048 785 1154 825 tum,
1183 790 1279 816 cuni
1307 777 1500 818 maximis
1531 777 1698 832 opibus,

270 832 534 895 fortunisque
562 832 753 881 florebat,
779 831 898 879 scire,
919 832 1011 881 sibi,
1032 831 1251 873 interfecto
1283 832 1431 873 Publio
1462 833 1560 884 filio,
1583 848 1700 874 exer-

269 888 443 943 cituque
464 887 619 937 deleto,
640 896 753 928 trans
774 887 1033 941 Euphratem
1055 903 1153 929 cum
1176 888 1421 944 ignominia,
1436 899 1478 930 et
1491 889 1699 931 dedecore

269 958 360 985 esse
395 943 684 999 pereundum?
732 944 802 984 An
841 944 921 986 Cn.
958 945 1219 1009 Pompeium,
1257 959 1415 996 censes,
1445 945 1578 986 tribus
1614 946 1699 990 suis

269 1000 572 1050 consulatibus,
593 1001 725 1042 tribus
747 1001 986 1056 triumphis,
1000 1017 1276 1043 mammarum
1297 1016 1434 1042 rerum
1455 1001 1606 1057 gloria,
1623 1002 1698 1045 lae-

268 1065 454 1098 taturum
477 1058 617 1121 fuisse,
640 1057 674 1098 si
695 1057 854 1107 scisset,
876 1072 919 1098 se
937 1057 976 1098 in
999 1058 1225 1099 solitudine
1241 1058 1545 1114 AEgyptiorum
1566 1059 1698 1100 truci-

268 1113 415 1154 datum
446 1115 509 1164 iri,
531 1114 684 1155 amisso
709 1115 919 1155 exercitu.
951 1125 1047 1170 post
1077 1125 1255 1156 mortem
1288 1129 1384 1155 vero
1415 1129 1464 1155 ea
1492 1129 1697 1156 consecu-

206 1180 254 1212 23
271 1179 377 1221 tura,
413 1186 506 1226 quae
541 1171 628 1212 sine
653 1171 836 1211 lacrimis
869 1186 952 1211 non
985 1186 1209 1226 possumus
1239 1171 1404 1212 dicere?
1456 1171 1572 1228 Ouid
1601 1186 1697 1214 vero

270 1227 484 1268 Caesarem
504 1237 701 1283 putamus
719 1229 730 1267 ?
764 1227 798 1268 si
818 1227 1041 1269 divinasset
1064 1229 1167 1278 fore,
1189 1238 1235 1268 ut
1256 1228 1297 1268 in
1317 1242 1367 1268 eo
1389 1237 1547 1278 senatu,
1570 1242 1697 1292 quem

266 1283 396 1339 major
386 1299 427 1324 c
444 1298 492 1324 ex
512 1293 629 1338 parte
649 1284 737 1338 ipse
757 1294 1012 1338 cooptasset,
1029 1284 1071 1324 in
1091 1284 1206 1325 curia
1227 1284 1438 1348 Pompeia,
1455 1293 1549 1325 ante
1568 1285 1698 1340 ipsius

268 1340 459 1394 Pompeii
478 1340 764 1390 simulacrum,
781 1349 845 1381 tot
865 1340 1180 1382 centurionibus
1201 1341 1285 1381 suis
1306 1341 1653 1396 inspectantibus,
1673 1356 1700 1381 a

267 1396 539 1437 nobilissimis
560 1397 733 1447 civibus,
756 1397 905 1452 partini
927 1397 1056 1438 etiam
1087 1412 1111 1438 a
1139 1412 1183 1438 se
1212 1397 1410 1439 omnibus
1429 1398 1554 1438 rebus
1575 1412 1698 1438 orna-

265 1453 334 1503 tis,
355 1453 616 1494 trucidatus
607 1464 666 1494 ita
684 1453 859 1509 J'aceret,
880 1463 928 1495 ut
959 1454 1013 1495 ad
1040 1454 1130 1510 ejus
1158 1469 1310 1509 corpus
1338 1469 1421 1495 non
1442 1454 1571 1495 modo
1592 1453 1698 1495 ami-

265 1523 430 1560 corum,
452 1510 526 1550 sed
558 1525 608 1550 ne
639 1525 851 1551 servorum
880 1510 1051 1566 quidem
1081 1511 1302 1566 quisquam
1331 1510 1575 1561 accederet3
1610 1525 1696 1566 quo

265 1567 455 1608 cruciatu
476 1567 603 1607 animi
624 1567 751 1607 vitam
771 1576 965 1609 acturum
986 1568 1114 1608 fuisse
1131 1569 1143 1608 ?
1187 1567 1314 1608 Certe
1336 1567 1465 1622 igitur
1485 1568 1697 1622 ignoratio

201 1623 254 1656 24
265 1623 505 1664 futurorum
534 1624 760 1673 malorum,
779 1624 923 1664 utilior
953 1634 1029 1674 est,
1050 1639 1176 1679 quam
1208 1624 1395 1664 scientia.
1452 1625 1567 1664 Nam
1591 1622 1696 1665 illud

265 1679 434 1734 quidem
462 1679 560 1728 dici,
587 1680 818 1734 praesertim
848 1695 872 1720 a
900 1680 1067 1730 Stoicis,
1090 1680 1207 1720 nullo
1233 1679 1361 1720 modo
1391 1688 1557 1734 potest:
1594 1680 1697 1721 Non

263 1735 366 1776 isset
387 1736 438 1776 ad
460 1750 576 1776 arma
599 1736 843 1790 Pompeius:
873 1751 955 1777 non
977 1737 1191 1777 transisset
1211 1736 1386 1777 Crassus
1410 1736 1694 1790 Euphratem:

265 1806 349 1833 non
370 1792 619 1847 suscepisset
640 1792 795 1833 bellum
820 1793 938 1833 civile
963 1793 1118 1833 Caesar.
1141 1807 1222 1833 non
1245 1793 1374 1847 igitur
1394 1792 1540 1833 fatales
1561 1793 1696 1833 exitus

264 1848 516 1889 habuerunt.
549 1849 672 1889 vultis
701 1858 841 1889 autern
872 1850 1034 1889 evenire
1053 1849 1195 1889 omnia
1214 1849 1302 1889 fato
1325 1864 1335 1898 3
1367 1848 1469 1889 nihil
1490 1862 1594 1904 ergo
1615 1848 1696 1890 illis

264 1905 491 1959 profuisset
519 1905 700 1946 divinare
718 1922 727 1946 t
759 1914 886 1960 atque
908 1906 1036 1946 etiam
1057 1920 1226 1946 omnem
1249 1905 1433 1946 fructum
1455 1905 1548 1945 vitae
1569 1919 1696 1960 supe·-

264 1962 385 2002 rioris
415 1962 705 2017 perdidissent.
738 1961 838 2017 quid
867 1962 979 2002 enim
1009 1971 1154 2017 posset
1183 1962 1232 2002 iis
1261 1976 1350 2002 esse
1379 1961 1540 2010 laetum,
1561 1962 1696 2002 exitus

222 2029 364 2059 b.suos
397 2018 715 2073 cogitantibus?
762 2019 840 2068 Ita,
874 2034 1046 2074 quoquo
1081 2034 1125 2059 se
1157 2018 1351 2058 verterint
1385 2018 1532 2068 Stoici,
1556 2017 1698 2073 jaceat

265 2089 434 2115 necesse
454 2084 517 2114 est
537 2074 674 2115 omnis
694 2089 843 2115 eorum
865 2075 1063 2115 sollertia.
1114 2075 1158 2116 Si
1178 2075 1289 2115 enim
1309 2074 1366 2124 id,
1388 2074 1503 2129 quod
1524 2083 1698 2115 eventu-

264 2145 356 2171 rum
379 2140 456 2181 est,
476 2131 539 2171 vel
565 2131 646 2172 hoc
677 2130 821 2182 niodo,
844 2132 907 2172 vel
928 2131 1001 2171 illo
1021 2140 1163 2186 potest
1182 2131 1369 2172 evenire:
1401 2130 1571 2172 fortuna
1589 2131 1697 2173 valet

263 2187 510 2240 plurimum
548 2189 657 2243 Quae
675 2197 816 2228 autem
839 2188 1012 2228 fortuita
1029 2198 1140 2239 sunt,
1161 2196 1274 2228 certa
1292 2201 1382 2228 esse
1402 2201 1485 2227 non
1506 2196 1695 2242 possunt.

263 2243 336 2283 Sin
357 2253 497 2284 autem
520 2252 682 2285 certum
711 2253 790 2293 est,
812 2244 913 2299 quid
942 2259 1110 2300 quaque
1137 2244 1189 2285 de
1221 2259 1280 2294 re,
1310 2258 1480 2307 quoque
1505 2253 1694 2298 tempore

263 2299 453 2341 futurum
482 2300 562 2341 sit.
595 2301 699 2356 quid
727 2310 804 2349 est,
831 2300 946 2355 quod
977 2315 1046 2341 ine
1077 2300 1276 2356 adjuvent
1308 2299 1564 2355 haruspices,
1594 2314 1692 2341 curn

265 2370 329 2396 res
351 2357 608 2397 tristissimas
629 2354 825 2412 portendi
835 2357 1034 2398 dixerint.

185 2406 252 2452 10
322 2420 358 2444 13
374 2412 554 2454 Addunt
579 2413 633 2454 ad
660 2422 910 2464 extremum,
931 2414 1073 2454 omnia
1100 2414 1230 2454 levius
1249 2428 1409 2462 casura,
1431 2421 1468 2443 14
1484 2412 1609 2453 rebus
1629 2412 1694 2453 di-

201 2480 249 2511 25
264 2467 364 2508 vinis
395 2471 641 2523 procuratiS.
701 2470 745 2510 Si
773 2470 884 2510 enim
911 2470 1015 2511 nihil
1047 2471 1093 2510 fit
1120 2479 1235 2510 extra
1262 2470 1412 2518 fatum,
1438 2468 1541 2509 nihil
1568 2468 1693 2510 levari

262 2538 306 2564 re
338 2525 476 2565 divina
503 2534 657 2580 potest.
716 2527 815 2567 Hoc
846 2526 975 2567 sentit
1006 2535 1042 2559 1⁵
1062 2527 1291 2576 Homerus,
1321 2540 1420 2567 cum
1447 2534 1692 2581 querentem

307 2676 342 2699 123
368 2669 487 2698 Addunt
513 2670 553 2698 ml
581 2670 751 2708 extremum]
778 2670 852 2700 Non
880 2680 955 2700 con·
1000 2670 1082 2699 ratis.

260 2713 395 2741 veniunt
418 2713 493 2742 huic
508 2714 685 2751 sequentia,
702 2714 737 2742 Si
753 2713 827 2741 enim
845 2716 902 2742 ὄις.
922 2720 956 2743 ut
1046 2720 1081 2743 14
1107 2711 1186 2741 rebus
1211 2711 1336 2751 divinis]
1355 2713 1373 2743 i.
1391 2723 1418 2743 e.
1440 2713 1620 2743 cerimoniis
1642 2714 1691 2751 iis,

260 2756 336 2785 vidit
365 2756 459 2784 etiam
492 2756 650 2784 Davisius.
679 2765 755 2785 nant
787 2766 850 2785 non
878 2765 954 2785 con·
998 2757 1030 2786 in
1064 2756 1179 2794 quibus
1216 2756 1352 2795 expiatio
1392 2757 1520 2795 ponitur
1555 2762 1694 2786 ostento-

260 2798 398 2828 firmatio
415 2799 444 2827 in
463 2799 510 2827 his
528 2806 586 2834 est,
603 2799 655 2827 sed
674 2799 826 2828 refutatio.
865 2799 950 2828 Pear-
997 2809 1083 2834 rum,
1099 2799 1300 2829 somniorum
1317 2800 1375 2829 διε.
1393 2800 1438 2829 sic
1458 2805 1488 2828 et
1509 2808 1586 2828 mox
1603 2810 1632 2829 re
1646 2798 1692 2828 di-

259 2842 328 2870 cius
348 2841 499 2871 excidisse
525 2841 655 2880 putabat
677 2841 750 2870 male
771 2848 841 2880 post
861 2848 955 2870 extre-
996 2841 1082 2872 vina.

260 2894 346 2913 mum.
392 2884 511 2913 Poterat
535 2884 629 2915 etiam
657 2891 736 2914 stare
763 2892 832 2924 post
850 2891 953 2923 procu-
1042 2892 1078 2915 15
1106 2882 1412 2925 Homerus-inducit]
1431 2883 1508 2914 Iliad
1526 2888 1570 2921 Π,
1585 2884 1667 2916 433ξ
