1778 3095
529 145 711 184 LIBER
748 145 1082 184 SECUNDUS.
1435 150 1507 192 571

87 251 186 292 tur?
219 266 312 307 quae
339 260 477 295 autem
505 253 781 294 inconstantia
809 253 985 294 deorum
1013 260 1090 303 est,
1109 259 1157 294 ut
1183 251 1328 307 primis
1348 252 1510 294 minen-

89 314 159 347 tur
192 310 310 360 extis,
348 312 453 352 bene
488 310 736 364 promittant
770 309 997 350 secundis?
1042 317 1116 350 aut
1147 317 1264 350 tanta
1300 309 1406 350 inter
1439 324 1511 350 eos

90 362 306 415 dissensio,
327 382 436 422 saepe
455 366 580 406 etiam
610 367 717 406 inter
746 365 975 421 proximOS,
1006 374 1052 404 ut
1071 365 1281 420 Apollinis
1310 373 1405 405 exta
1432 366 1511 406 bo-

90 433 143 459 na
167 421 263 471 sint,
293 423 441 464 Dianae
470 436 552 462 non
580 422 719 462 bona?
753 421 853 477 quid
875 429 939 461 est
959 430 1045 461 tam
1068 421 1348 476 perspicuum,
1371 435 1512 476 quam,

88 489 186 517 cum
214 478 387 520 fortuito
416 478 564 520 hostiae
584 478 859 528 adducantur,
880 477 979 518 talia
998 477 1150 532 cuique
1170 487 1264 518 exta
1283 492 1387 528 esse,
1409 492 1513 533 qua-

87 530 139 572 lis
160 534 310 589 cuique
333 535 532 590 obtigerit
552 535 721 576 hostia?
755 536 814 577 At
835 534 945 575 enim
966 533 1009 574 id
1036 533 1174 587 ipsum
1204 534 1330 574 habet
1356 533 1512 588 aliquid

89 587 228 640 divini,
267 605 360 645 quae
396 591 548 646 cuique
581 592 719 633 hostia
753 591 962 646 obtingat,
995 600 1210 645 tamquam
1248 591 1288 630 in
1329 590 1512 631 sortibus
1526 603 1557 634 b.

89 660 183 699 quae
208 647 275 686 cui
300 647 490 688 ducatur.
550 650 657 690 Mox
684 648 736 688 de
767 648 962 688 sortibus.
989 661 1244 702 quamquam
1275 657 1321 688 tu
1343 647 1512 702 quidem

90 716 174 742 non
210 702 442 745 hostiarum
474 720 617 746 casum
652 705 873 746 confirmas
908 705 1083 745 sortium
1117 703 1402 752 similitudine,
1439 704 1514 744 sed

87 758 270 800 infirmas
298 770 432 802 sortes
460 762 685 803 collatione
713 761 959 802 hostiarum.
1016 761 1102 810 An,
1124 768 1160 796 27
1180 774 1276 801 cum
1298 760 1339 800 in
1361 760 1513 815 AEqui-
1526 770 1577 810 39

88 814 259 856 melium
303 817 506 867 misimus,
546 819 617 874 qui
655 819 799 859 afferat
835 832 1008 873 agnum,
1048 831 1173 873 quem
1214 816 1514 867 immolemus3

88 871 122 912 is
153 871 257 914 mihi
281 888 416 929 agnus
446 876 630 925 affertur,
648 875 719 930 qui
753 874 879 914 habet
905 883 1000 914 exta
1026 875 1150 914 rebus
1179 873 1516 923 accommodata,

88 935 131 968 et
156 928 210 968 ad
239 943 335 970 eum
368 945 527 986 agnum
560 946 643 972 non
674 945 787 981 casu,
818 930 891 971 sed
923 930 1030 971 duce
1061 930 1141 970 deo
1171 945 1307 971 servus
1340 930 1515 971 deduci-

88 991 158 1025 tur
176 986 188 1025 ?
222 1000 317 1027 nam
348 995 386 1018 28
406 988 439 1028 si
459 1002 601 1028 casum
631 988 673 1028 in
699 1002 750 1027 eo
771 1001 940 1042 quoque
959 987 1061 1027 dicis
1083 1001 1187 1037 esse,
1209 987 1327 1042 quasi
1359 995 1515 1028 sortem

90 1042 300 1096 quandam
339 1058 435 1084 cum
476 1044 650 1085 deorum
682 1043 896 1085 voluntate
928 1043 1228 1099 conjunctam3
1261 1043 1384 1084 doleo
1421 1052 1515 1084 tan-

88 1106 175 1138 tam
219 1107 257 1132 29
271 1099 437 1147 Stoicos
473 1110 639 1142 nostros
678 1101 894 1157 Epicureis
930 1099 1129 1141 irridendi
1169 1100 1232 1140 sui
1269 1100 1515 1140 facultatem

89 1154 267 1195 dedisse.
299 1171 382 1197 non
417 1157 525 1198 enim
562 1157 748 1213 ignoras,
775 1172 900 1214 quam
936 1157 1014 1197 ista
1043 1156 1271 1197 derideant.
1331 1158 1387 1197 Et
1422 1157 1582 1212 qui-40

87 1209 184 1251 dem
222 1211 282 1252 illi
320 1213 482 1255 facilius
514 1215 653 1255 facere
687 1222 878 1269 possunt.
913 1213 1013 1254 deos
1046 1210 1158 1254 enim
1197 1213 1309 1267 ipsos
1341 1213 1517 1269 jocandi

88 1281 213 1308 causa
247 1269 412 1311 induxit
446 1271 653 1326 Epicurus
686 1270 938 1326 perlucidos,
969 1280 1012 1311 et
1046 1269 1294 1325 perflabiles,
1325 1279 1368 1310 et
1398 1269 1518 1310 habi-

88 1332 240 1375 tantes,
274 1333 314 1358 30
330 1335 546 1382 tamquam
579 1328 687 1368 inter
721 1327 828 1368 duos
861 1327 995 1377 lucos,
1029 1327 1087 1367 sic
1120 1326 1227 1371 inter
1256 1325 1362 1366 duos
1394 1341 1519 1367 mun-

90 1379 182 1430 dos,
202 1392 374 1438 propter
394 1394 553 1425 metum
582 1384 824 1425 ruinarum:
857 1398 1013 1439 eosque
1044 1383 1196 1423 habere
1225 1390 1347 1438 putat
1371 1382 1517 1423 eadem

89 1439 292 1490 membra,
324 1455 416 1494 quae
446 1456 537 1491 nos,
557 1448 686 1481 31nec
714 1456 840 1482 usum
871 1440 1003 1481 ullum
1034 1440 1189 1481 habere
1216 1439 1517 1480 membrorum.

89 1493 205 1549 Ergo
243 1496 276 1535 is
309 1497 767 1554 circuitione'quadam
798 1497 900 1537 deos
933 1497 1100 1547 tollens,
1128 1504 1167 1528 32
1183 1504 1293 1537 recte
1324 1511 1406 1536 non
1439 1495 1518 1537 du-

88 1550 196 1599 bitat
228 1551 525 1594 divinationem
562 1554 723 1595 tollere.
785 1553 867 1594 Sed
902 1568 1001 1604 non,
1032 1563 1081 1594 ut
1119 1553 1187 1594 hic
1218 1552 1299 1594 sibi
1338 1562 1518 1604 constat,

87 1606 192 1648 itein
224 1609 369 1650 Stoici.
399 1610 510 1651 illius
538 1611 649 1652 enim
675 1610 776 1651 deus
797 1609 899 1651 nihil
926 1610 1083 1651 habens
1106 1624 1181 1651 nec
1203 1610 1281 1660 sui,
1303 1623 1379 1650 nec
1397 1609 1520 1650 alieni

91 1665 266 1718 negotii,
300 1670 394 1706 non'
417 1676 559 1722 potest
590 1667 832 1708 hominibus
862 1666 1159 1707 divinationem
1195 1665 1420 1721 impertire.
1450 1680 1519 1706 ve-

89 1728 174 1760 ster
199 1729 339 1762 autem
368 1723 470 1764 deus
502 1733 643 1779 potest
670 1739 755 1763 non
782 1723 1012 1779 impertire,
1033 1731 1081 1764 ut
1102 1722 1375 1763 nihilominus
1395 1737 1519 1763 mun-

90 1776 192 1816 dum
223 1787 357 1833 regat,
388 1788 429 1820 et
458 1780 700 1821 hominibus
730 1780 935 1821 consulat.
997 1779 1086 1820 Cur
1119 1779 1249 1834 igitur
1276 1794 1349 1820 vos
1379 1778 1578 1824 indui-41

90 1833 143 1873 tis
176 1834 217 1874 in
245 1848 314 1875 eas
344 1843 381 1867 3²3
397 1837 625 1892 captiones,
647 1851 749 1892 quas
777 1851 1009 1893 numquam
1037 1836 1281 1892 explicetis?
1314 1835 1373 1876 ita
1393 1836 1521 1887 enim,

135 2011 172 2039 27
199 2014 260 2032 cum
278 2004 307 2032 in
322 2003 529 2046 AEquimelt'um
545 2001 687 2043 misimus]
720 2004 785 2033 [ἰν.

92 2047 277 2083 XXXVIII,
300 2054 350 2077 28.
375 2047 588 2076 substructiones
610 2048 704 2077 factas
727 2054 786 2076 tra-

830 2003 929 2034 Gron.
947 2010 977 2033 et
991 2003 1160 2043 Neapolim
1177 2004 1215 2034 ad
1231 2004 1322 2034 Ovid.
1341 2004 1446 2034 Fastos
1464 2004 1524 2041 111,

830 2053 902 2077 430.
930 2047 1053 2086 Colligo
1069 2057 1086 2077 e
1100 2047 1201 2077 verbis
1213 2053 1331 2086 propter
1345 2054 1450 2076 metum
1463 2047 1522 2076 rui-

93 2092 139 2120 dit
153 2091 185 2119 in
207 2090 413 2128 AEquimelio.
429 2100 492 2130 quo
509 2090 639 2119 nomine
661 2099 786 2129 magnae

92 2134 230 2172 porticus
257 2140 287 2162 et
313 2133 449 2163 basilicae
476 2133 508 2162 in
535 2133 642 2172 primis
671 2133 788 2162 intelli-

92 2182 221 2215 guntur.
267 2176 314 2205 Ex
337 2176 369 2205 h.
389 2175 409 2205 l.
424 2176 529 2214 colligi
546 2176 668 2206 videtur
683 2185 784 2214 posse,

92 2229 165 2249 oves
194 2219 234 2248 ibi
262 2225 291 2248 et
315 2228 427 2257 pecora
448 2219 509 2248 alia
531 2218 626 2248 fuisse
649 2218 785 2257 venalia,

93 2262 276 2301 praesertim,
294 2272 366 2299 quae
381 2263 419 2291 ad
442 2271 529 2291 sacra
544 2268 646 2292 essent
661 2262 784 2300 idonea,

94 2312 127 2334 ut
146 2304 371 2344 Hierosolymis
389 2306 420 2334 in
438 2305 607 2344 porticibus
625 2305 744 2344 templi.

139 2354 177 2377 ⁴28
202 2347 224 2376 si
248 2358 342 2376 casum
365 2347 394 2375 in
418 2359 446 2376 eo
469 2359 497 2388 q.
521 2347 592 2376 dicis
615 2346 682 2385 esse]
709 2348 786 2377 Edd-

93 2397 168 2420 vett.
184 2398 214 2420 et
236 2391 312 2420 Mss.
330 2391 448 2420 habent
463 2401 546 2419 casu:
574 2391 645 2420 inde
665 2391 787 2420 factum

93 2443 111 2462 a
133 2433 355 2463 recentioribus
375 2444 467 2463 casus.
486 2434 587 2463 immo
611 2444 706 2462 casum
725 2440 789 2463 erat

93 2476 310 2511 scribendum,
328 2477 422 2515 idque
438 2487 484 2506 res
500 2476 646 2514 postulat.

140 2525 178 2550 ‘29
202 2518 310 2547 Stoicos
332 2517 450 2558 nostros]
480 2520 625 2549 Davisius
656 2519 789 2548 correxit

96 2568 217 2597 vcstros,
241 2568 277 2590 ut
301 2562 339 2590 ad
362 2561 522 2592 Quintum
550 2563 709 2597 referatur,
734 2562 787 2600 qui

96 2604 275 2634 Stoicorum
302 2606 492 2634 sententiam
517 2605 706 2634 defenderat.
735 2606 789 2635 sed

97 2648 207 2677 Cicero
225 2647 320 2675 etiam
342 2646 463 2677 favebat
486 2648 610 2684 Stoicis,
631 2654 661 2676 et
682 2657 734 2677 eos
756 2649 788 2677 in

98 2689 207 2720 multis
223 2688 422 2727 sequebatur.

140 2739 181 2763 30
203 2739 351 2772 tamquam
368 2732 442 2760 inter
457 2731 521 2760 duos
537 2731 625 2771 lucos]
652 2732 722 2762 Hoc
745 2742 790 2761 re-

97 2775 199 2814 spicit,
216 2781 251 2804 ut
267 2775 390 2813 opinor,
408 2775 445 2803 ad
462 2774 572 2804 locum
588 2776 619 2804 in
636 2775 791 2814 Capitolio

97 2820 177 2847 inter
199 2819 277 2847 duos
300 2817 402 2852 lucos,
421 2817 506 2855 quod
529 2824 593 2846 erat
607 2817 743 2857 Asylum
759 2824 789 2846 et

98 2861 276 2903 perfugium
300 2859 482 2891 securitatis.
508 2859 574 2889 Liv.
590 2860 617 2897 Ι,
636 2866 664 2890 8.
689 2860 741 2889 ubi
758 2869 788 2889 v.

829 2100 942 2119 „drum-

874 2139 907 2162 :31
936 2143 986 2161 nec
1000 2143 1081 2161 usum
1098 2131 1189 2161 ullum
1205 2132 1306 2161 habere
1322 2131 1522 2172 membrorum]

829 2174 930 2204 habere
949 2175 1029 2205 mihi
1054 2175 1086 2204 h.
1104 2174 1125 2204 l.
1149 2182 1334 2214 suspectum
1358 2182 1415 2211 est,
1432 2182 1526 2214 puto-

829 2228 891 2257 que
913 2228 979 2247 esse
999 2218 1180 2255 insitiuum,
1202 2227 1238 2247 ac
1259 2224 1376 2248 temere
1396 2227 1413 2248 e
1432 2228 1525 2257 supe-

830 2261 960 2290 rioribus
977 2261 1156 2299 repetitum.

873 2310 912 2334 32
938 2310 1011 2332 recte
1033 2315 1085 2332 non
1103 2302 1217 2332 dubita!
1238 2302 1448 2332 divinan'onem
1472 2303 1525 2333 tol-

831 2345 901 2385 lere]
921 2346 1060 2376 Clericus
1077 2352 1106 2375 et
1125 2346 1274 2376 Davisius
1291 2345 1417 2376 malunt
1433 2352 1523 2383 recta,

831 2399 947 2428 nempe
970 2396 1006 2419 ut
1021 2396 1198 2428 opponatur
1213 2388 1384 2419 circuitioni.
1402 2389 1524 2419 frustra.

832 2432 949 2462 Sensus
979 2438 1036 2469 est,
1067 2433 1142 2471 quia
1172 2433 1256 2462 Deos
1287 2431 1381 2468 tollit,
1410 2442 1526 2471 quam-

831 2485 929 2514 quam
957 2485 1010 2514 per
1036 2476 1269 2511 circuitionem,
1293 2481 1375 2505 recte
1397 2481 1428 2504 et
1451 2485 1526 2505 con-

831 2519 1000 2547 sentienter
1028 2518 1055 2548 ei
1085 2519 1140 2554 rei,
1171 2518 1267 2548 etiam
1297 2517 1525 2548 divinationem

831 2561 924 2597 tollit,
949 2561 1070 2600 sibique
1094 2561 1126 2591 in
1147 2571 1184 2591 eo
1207 2566 1341 2598 constat,
1364 2567 1400 2591 ut
1418 2562 1525 2592 statim

831 2604 940 2633 Cicero
955 2605 1040 2633 dicit.

875 2653 912 2677 323
939 2646 1091 2685 captiones,
1109 2657 1179 2687 quas
1192 2656 1346 2687 numquam
1362 2643 1524 2683 explicetis]

833 2689 984 2719 Usitatius
1007 2690 1133 2719 dixisset
1153 2700 1167 2718 e
1185 2688 1287 2730 quibus
1301 2699 1352 2716 vos
1371 2697 1527 2727 numquam

833 2732 980 2770 explicetis
1003 2732 1052 2762 vel
1076 2731 1246 2771 expediatis.
1269 2730 1323 2759 sed
1346 2735 1376 2759 et
1398 2730 1460 2759 hoc
1483 2739 1528 2758 re-

833 2783 923 2805 ctum
946 2781 1003 2810 est,
1025 2783 1062 2806 ut
1084 2782 1114 2805 et
1137 2774 1239 2815 laquei
1263 2773 1412 2803 dicuntur
1434 2781 1529 2811 expe-

833 2817 890 2846 diri
907 2824 936 2847 et
951 2817 1042 2849 solvi.
