1778 3095
508 129 688 168 LIBER
725 128 1058 168 SECUNDUS.
1417 139 1501 181 ⁵⁵9

127 238 211 278 deri.
269 240 460 279 Causarum
476 239 639 289 ignoratio
656 238 907 276 admirationem
914 239 1009 286 facit
1028 239 1064 275 in
1080 249 1117 275 re
1133 249 1238 279 nova,
1254 237 1291 275 in
1307 239 1405 278 rebus
1423 242 1495 278 usi-

127 295 211 331 tatis
232 308 295 332 non
312 295 400 332 item.
450 293 563 343 Quare
579 305 660 329 vero
680 292 744 328 Dii
759 300 886 328 ostenta
904 292 1054 336 mittunt,
1073 292 1103 328 si
1119 291 1190 328 sine
1207 292 1380 343 interprete
1398 295 1494 332 intel-

127 347 191 397 ligi
208 362 270 384 non
282 355 433 398 possunt,
452 353 484 383 et
502 346 544 389 si,
562 359 640 396 quae
651 344 895 395 portenduntur
910 345 1017 388 mala,
1037 345 1152 381 caveri
1170 359 1232 382 non
1244 355 1396 396 possunt.
1434 349 1494 384 In-

128 401 370 451 terpretationes
396 407 562 450 praeterea
589 399 723 435 incertae
748 405 840 442 sunt,
867 406 899 434 et
924 408 1010 447 saepe
1035 399 1121 434 inter
1147 412 1181 435 se
1205 408 1438 450 repugnantes,
1458 410 1496 437 ut

121 453 226 503 plane
232 453 376 500 frustra
394 461 552 489 ostentum
572 453 705 488 missum
724 452 779 488 sit.
805 465 834 489 c.
853 457 917 488 22.
936 464 964 488 s.
1020 451 1102 487 Jam
1122 452 1284 501 auspicia
1302 453 1362 489 etsi
1379 462 1457 489 sunt
1473 467 1496 490 a

130 507 270 548 Romulo
288 506 506 543 divinationis
528 518 634 541 causa
663 505 829 548 instituta,
848 513 957 541 tamen
969 513 1085 554 postea
1102 503 1153 540 ad
1166 505 1343 554 opinionem
1363 515 1497 543 tantum

127 559 242 609 vulgi,
262 567 294 596 et
311 559 360 596 ad
376 572 518 609 magnas
537 558 618 608 reip.
641 558 803 594 utilitates
825 565 951 594 retenta
979 565 1009 594 et
1033 568 1233 594 conservata
1257 569 1346 596 sunt.
1404 560 1498 596 Nam

128 613 218 649 illud
233 613 414 662 auspicium
432 625 448 648 e
460 612 562 662 pullis
581 625 652 648 cum
671 620 741 648 tam
760 620 906 647 coactum
925 619 956 646 et
973 621 1159 660 expressum
1176 611 1232 652 sit,
1250 611 1361 648 divini
1379 612 1498 650 babere

128 665 216 702 nibil
226 675 342 716 potest.
399 665 455 701 Ex
473 665 585 702 ceteris
604 678 683 702 vero
700 664 822 702 avibus
842 663 989 713 auguria
1006 663 1143 700 diversa
1161 675 1240 701 sunt
1258 664 1355 714 apud
1372 666 1498 702 Roma-

128 732 186 755 nos
200 725 232 754 et
245 718 325 754 alios
340 719 486 768 populos,
503 731 559 755 nec
574 718 669 769 apud
683 718 755 755 illos
772 731 860 754 nunc
877 716 1092 760 adhibentur,
1105 717 1170 754 nisi
1182 718 1217 754 in
1231 731 1265 754 re
1280 717 1395 755 bellica
1410 735 1419 761 3
1441 733 1496 756 ne-

127 784 189 821 que
205 781 315 808 tamen
333 780 365 808 et
383 771 434 808 bie
452 783 589 821 semper,
606 781 779 822 postquam
801 771 887 808 bella
904 785 925 808 a
942 771 1025 807 Pro·
1033 771 1130 808 Cons.
1149 780 1179 807 et
1200 773 1366 822 Proprcet.
1387 772 1498 809 admi·

128 824 270 860 nistrari
286 834 466 874 caeperunt,
481 826 539 875 qui
557 825 707 875 auspicia
725 838 788 861 non
807 823 929 861 babent
945 841 956 860 .·
976 837 1018 860 ex
1033 824 1239 862 acuminibus
1257 833 1369 862 autem
1385 826 1499 876 auspi-

127 877 194 921 cia,
214 877 303 927 quod
321 891 428 927 genus
456 887 559 915 totum
590 878 736 914 militare
761 886 822 921 est,
841 877 919 924 jam
946 878 1004 914 M.
1029 878 1215 914 Marcellus
1241 878 1357 915 consul
1380 879 1499 917 omisit.

127 930 276 980 Ipsorum
297 941 408 968 autem
424 931 641 981 auspiciorum
660 930 777 978 afferri
789 938 908 980 potest,
926 943 1027 980 neque
1043 930 1159 967 idonea
1175 945 1294 976 causa,
1309 945 1410 982 neque
1428 932 1499 970 ido-

128 997 207 1020 neus
225 994 341 1020 auctor
355 994 387 1020 et
406 985 570 1027 inventor,
584 996 686 1033 neque
703 983 776 1020 ulla
794 994 842 1020 est
860 997 967 1020 eorum
986 984 1184 1022 constantia.
1206 998 1233 1021 c.
1249 991 1313 1024 33.
1332 1000 1360 1022 s.
1389 986 1499 1023 Omi-

130 1050 178 1073 na
200 1047 295 1088 porro
321 1039 349 1073 si
374 1037 538 1081 valerent,
559 1050 648 1073 nemo
674 1037 774 1074 libero
800 1044 832 1073 et
860 1037 966 1088 quieto
984 1037 1093 1074 animo
1110 1051 1176 1074 esse
1198 1048 1317 1088 posset,
1337 1040 1386 1076 nil
1401 1052 1501 1088 agere

127 1090 253 1127 ratione
270 1089 364 1134 duce,
383 1090 443 1127 sed
459 1091 561 1127 omine
587 1100 618 1127 ct
644 1103 737 1127 casu.
759 1103 787 1127 c.
801 1095 867 1128 40.
924 1091 1053 1133 Sortes,
1072 1097 1246 1141 tamquam
1267 1093 1500 1137 Praenestinae,

115 1142 317 1192 fabulosam
345 1144 564 1181 inventionem
583 1143 718 1188 babent,
737 1157 794 1180 nec
813 1153 860 1180 est
878 1144 911 1180 in
931 1144 970 1180 iis
989 1143 1123 1193 aliquid
1136 1145 1229 1189 certi,
1248 1158 1321 1181 cum
1342 1147 1502 1182 Fortuna

127 1197 264 1240 monitu,
279 1206 451 1247 tamquam
471 1206 556 1234 nutu
573 1198 689 1248 capitis
709 1206 770 1234 aut
786 1197 851 1234 alio
867 1197 973 1246 signa,
990 1197 1167 1242 tollantur,
1187 1213 1208 1235 a
1220 1208 1323 1247 puero
1341 1199 1501 1236 miscean-

127 1259 185 1286 tur
214 1259 246 1286 et
276 1249 471 1293 ducantur3
501 1252 612 1301 itaque
638 1264 710 1287 cum
734 1251 847 1288 ceteris
874 1251 974 1287 etiam
1001 1264 1087 1287 nunc
1111 1260 1372 1289 contemnuntur.
1392 1266 1421 1289 c.
1436 1257 1501 1291 41.

129 1303 387 1340 Chaldaeorum
407 1314 518 1341 autem
540 1305 632 1341 ratio
646 1318 719 1341 cum
738 1303 782 1341 ab
801 1305 881 1354 ipsis
900 1303 1112 1341 celeberrimis
1138 1305 1315 1355 astrologis
1343 1305 1503 1356 repudia-

127 1365 196 1398 tur,
215 1364 284 1393 tum
304 1358 461 1394 rationem
487 1356 586 1394 habet
599 1356 724 1404 fictam
744 1366 774 1394 et
793 1356 990 1395 absurdam.
1047 1358 1162 1409 Neque
1179 1358 1262 1395 enim
1276 1368 1383 1409 potest
1403 1359 1502 1396 intel-

127 1409 203 1460 ligi,
223 1410 378 1460 quomodo
396 1425 418 1447 a
436 1411 550 1453 stellis,
567 1424 608 1447 ex
633 1409 762 1457 infinito
782 1422 881 1461 paene
906 1411 1097 1454 inter-vallo,
1126 1413 1277 1461 contagio
1303 1412 1353 1449 ad
1377 1421 1504 1450 terram

121 1463 300 1513 pertineat.
341 1463 450 1512 ‚Quod
464 1465 494 1500 si
510 1464 652 1514 adfectio
669 1464 756 1508 cceli,
777 1477 880 1516 quare
897 1478 959 1500 non
977 1467 1087 1515 potius
1106 1466 1201 1502 venti
1219 1475 1502 1517 tempestatesque,

116 1516 205 1553 ‚item
230 1516 369 1553 locorum
398 1518 546 1567 ingenia,
565 1518 614 1555 ad
638 1526 745 1554 ortum
772 1518 975 1555 nascentium
996 1518 1176 1568 pertinent,
1196 1533 1272 1570 qnae
1299 1520 1333 1555 in
1360 1518 1503 1557 diversis

125 1568 214 1606 orbis
227 1569 386 1619 partibus
404 1571 542 1608 diversa
571 1580 664 1609 sunt.
722 1572 838 1622 Neque
855 1584 973 1608 verum
991 1581 1051 1614 est,
1070 1571 1175 1608 eodem
1195 1581 1332 1623 tempore
1350 1572 1383 1609 b.
1400 1586 1428 1610 e.
1449 1586 1501 1610 eo-

127 1621 200 1659 dem
219 1622 294 1659 coeli
311 1632 343 1659 et
361 1623 504 1660 siderum
522 1633 617 1661 statu
634 1625 722 1661 natis
739 1623 850 1661 eadem
856 1625 947 1672 fata
965 1625 1089 1662 instare
1104 1641 1112 1670 3
1144 1639 1216 1662 cum
1236 1635 1369 1669 constet,
1389 1626 1502 1663 eadem

126 1674 209 1712 hora
234 1676 337 1718 natis,
363 1686 534 1728 tamquam
559 1678 713 1727 geminis,
737 1678 885 1721 diversa,
905 1677 1047 1714 diversis
1065 1688 1174 1715 autem
1194 1678 1390 1729 temporibus
1411 1680 1503 1716 natis

128 1728 243 1766 eadem
260 1729 428 1767 accidisse.
484 1731 588 1778 Quid
597 1734 619 1766 ?
652 1730 739 1782 quod
763 1730 869 1768 eodem
888 1741 1025 1781 tempore
1042 1733 1115 1768 nati
1133 1746 1195 1769 non
1210 1741 1382 1783 propterea
1401 1734 1503 1770 etiam

127 1781 235 1819 eodem
266 1792 357 1819 astro
383 1784 456 1820 nati
482 1794 572 1827 sunt,
599 1784 687 1834 quod
711 1785 883 1836 ὁρίζοντες,
905 1784 938 1822 h.
954 1798 983 1823 e.
1010 1784 1101 1821 orbes
1115 1784 1274 1831 finientes
1301 1787 1502 1823 ‘varietatem

129 1836 312 1873 maximam
332 1836 465 1879 babent,
484 1837 607 1888 aliique
622 1839 656 1874 in
674 1838 750 1874 aliis
769 1838 844 1874 locis
862 1846 952 1874 sunt.
1010 1839 1163 1889 Denique
1180 1840 1361 1876 constituta
1376 1840 1503 1876 ratione

130 1888 371 1926 Chaldaeorum
391 1891 519 1927 tollitur
535 1891 663 1927 seminis
681 1891 750 1934 vis,
770 1905 847 1940 quae
865 1891 1014 1929 maxima
1031 1904 1098 1928 esse
1113 1892 1204 1929 solet.
1230 1905 1260 1929 c.
1280 1897 1345 1930 42.
1367 1907 1395 1929 s.
1434 1893 1503 1931 Re-

123 1941 265 1992 pudiato
278 1955 398 1992 genere
421 1942 598 1989 artificioso
623 1942 672 1980 ad
695 1944 853 1980 naturale
873 1944 1098 1995 progreditur,
1117 1945 1211 1992 cujus
1225 1946 1339 1995 prima
1352 1957 1437 1997 pars
1455 1956 1504 1984 est

128 1995 339 2033 futurorum
365 2010 430 2047 per
455 1997 612 2034 furorem
641 1998 840 2046 praedictio.
893 2000 936 2034 ln
962 2011 1031 2049 qua
1059 2000 1179 2035 mirum
1206 1999 1297 2036 illud
1319 2007 1380 2043 est,
1402 2001 1501 2051 quod,

128 2063 207 2100 quae
224 2051 302 2086 sani
320 2064 383 2087 non
406 2050 537 2094 vident,
567 2064 606 2087 ea
628 2051 739 2088 insani
760 2051 876 2089 videre
897 2059 1078 2101 putantur.
1133 2052 1243 2100 ‚Quod
1256 2062 1368 2091 autem
1385 2067 1427 2090 ex
1443 2053 1502 2091 hoc

122 2115 245 2151 genere
263 2102 342 2140 libri
362 2103 519 2152 Sibyllini
535 2111 626 2149 sunt,
640 2104 752 2153 facile
769 2105 911 2155 intelligi
928 2113 1047 2155 potest,
1069 2118 1118 2143 eos
1136 2119 1203 2143 esse
1220 2106 1385 2153 coifictos,
1402 2106 1503 2157 idque

128 2168 204 2192 cum
231 2156 345 2193 multis
371 2157 448 2194 aliis
471 2170 513 2194 ex
536 2157 645 2203 rebus,
664 2165 733 2195 tum
762 2171 841 2195 vero
868 2159 1018 2210 inprimis
1045 2171 1086 2195 ex
1112 2172 1159 2203 eo,
1180 2159 1269 2209 quod
1289 2167 1321 2197 et
1345 2160 1500 2198 versibus

127 2209 244 2260 scripti
259 2219 351 2254 sunt,
370 2220 402 2248 et
421 2211 619 2262 ἀκςοστιχὶς
638 2210 792 2248 adbibita
817 2220 876 2250 est.
932 2212 1075 2262 Reliqua
1093 2222 1203 2249 autem
1222 2227 1244 2249 a
1262 2222 1432 2251 vetustate
1448 2227 1502 2251 ce·

127 2261 260 2299 lebrata
272 2264 440 2301 vaticinia
446 2264 615 2313 fabulosa
627 2274 718 2309 sunt,
738 2266 884 2315 ipsaeque
899 2265 1104 2302 oraculorum
1122 2276 1224 2304 sortes
1238 2267 1365 2317 partim
1372 2267 1501 2316 falsae,

121 2316 253 2366 partim
284 2330 366 2354 casu
396 2331 501 2362 verae,
522 2318 651 2368 partim
667 2318 877 2369 flexiloquae,
903 2319 1074 2369 ambiguae
1100 2329 1132 2356 et
1158 2319 1334 2366 obscurae3
1363 2321 1503 2371 denique

118 2368 200 2416 jam
219 2369 279 2407 diu
297 2370 475 2416 desierunt,
493 2370 583 2422 quod
594 2370 677 2417 fieri
705 2386 767 2408 non
787 2373 911 2423 potuit,
929 2373 958 2409 si
976 2372 1031 2409 vis
1049 2373 1110 2409 illa
1129 2372 1249 2410 divina
1264 2374 1356 2422 ficit.
1385 2388 1414 2412 c.
1434 2380 1503 2412 54.

130 2435 197 2472 seq.
242 2425 477 2463 Somniorum
497 2425 598 2475 longa
617 2426 773 2475 repetitur
790 2440 813 2462 a
833 2425 952 2463 Stoicis
967 2426 1121 2475 defensio,
1140 2427 1198 2477 qui
1214 2428 1372 2464 rationem
1392 2441 1501 2465 eorum

129 2487 153 2512 a
172 2477 287 2513 mentis
305 2477 490 2516 divinitate
501 2488 532 2515 et
549 2478 768 2526 conjunctione
783 2492 856 2515 cum
870 2480 947 2516 aliis
963 2479 1126 2516 mentibus
1145 2480 1284 2518 ducunt.
1333 2481 1417 2519 Sive
1435 2495 1501 2519 au·

131 2537 196 2565 tem
214 2539 334 2567 mentes
348 2541 408 2581 per
424 2544 470 2576 se,
485 2532 559 2568 sive
576 2541 713 2569 externa
732 2533 859 2569 visione
879 2540 1065 2575 moventur,
1080 2533 1250 2584 permulta
1257 2534 1362 2582 falsa
1379 2535 1501 2571 somni-

129 2582 266 2618 antibus
293 2584 405 2621 videri
424 2595 564 2635 possunt
587 2597 647 2636 pro
671 2586 776 2628 veris,
796 2585 884 2637 quod
897 2596 928 2623 ct
947 2586 1172 2636 vigilantibus
1194 2587 1328 2625 accidit.
1383 2590 1502 2639 Neque

129 2648 223 2680 vero,
242 2636 272 2672 si
288 2650 390 2673 unum
408 2651 450 2674 ex
467 2638 761 2676 innumerabilibus
775 2653 894 2677 verum
910 2641 1067 2677 somnium
1074 2640 1165 2687 fuit,
1180 2650 1352 2691 propterea
1370 2642 1502 2679 somniis

118 2686 211 2734 fides
232 2688 399 2733 habenda,
416 2691 503 2740 quod
519 2692 558 2728 id
572 2706 653 2729 casu
672 2692 808 2730 accidit.
859 2693 959 2743 Quod
974 2695 1004 2731 si
1018 2707 1099 2730 vero
1116 2695 1247 2731 somniis
1265 2707 1382 2731 verum
1402 2693 1502 2731 vide-

130 2755 249 2786 remus,
269 2752 331 2780 aut
349 2743 470 2780 divina
488 2745 542 2781 vis
561 2745 717 2795 quaedam
735 2746 903 2783 consulens
921 2747 1013 2784 nobis
1033 2748 1226 2784 somniorum
1244 2746 1501 2796 sigrzfficationes

118 2795 278 2843 faceret3
308 2806 369 2833 aut
395 2796 582 2843 conjectores
608 2812 650 2835 ex
677 2799 825 2850 quadam
845 2801 1071 2837 convenientia
1097 2808 1233 2837 naturae
1258 2799 1498 2849 (συμπαθείᾳ)

129 2848 214 2898 quid
225 2863 391 2904 ‘quamque
404 2862 470 2890 rem
484 2861 685 2903 sequeretur,
701 2852 920 2902 intelligerent
934 2870 946 2900 5
967 2862 1030 2892 aut
1047 2852 1185 2904 denique
1199 2852 1386 2890 obser-vatio
1404 2865 1509 2903 quee-v
