1778 3095
261 167 339 208 ⁵72
702 163 780 201 DE
817 163 1244 204 DIVINATIONE

258 285 358 310 cum
387 270 524 326 magis
558 279 795 326 properant,
825 272 1076 314 concludere
1105 274 1267 316 solent:
1317 273 1361 315 Si
1392 273 1448 316 dii
1478 281 1588 326 sunt,
1617 285 1680 318 est

259 326 471 368 divinatio.
506 335 602 368 sunt
639 336 780 368 autem
821 328 892 370 dii.
930 339 994 371 est
1030 344 1132 385 ergo
1171 331 1383 372 divinatio.
1441 331 1586 372 Multo
1617 341 1681 373 est

259 383 546 437 probabilius:
591 397 675 424 non
710 393 773 425 est
805 395 948 426 autem
982 386 1191 427 divinatio.
1227 402 1308 428 non
1341 396 1438 428 sunt
1470 401 1572 442 ergo
1607 387 1679 428 dii.

259 439 384 491 Vide,
413 454 539 494 quam
573 446 731 481 temere
762 443 1044 493 committant,
1075 451 1135 493 ut,
1169 443 1202 483 si
1236 444 1350 484 nulla
1384 444 1436 484 sit
1468 443 1681 494 divinatio,

260 495 365 536 nulli
386 496 468 536 sint
488 495 560 537 dii.
582 495 778 539 divinatio
798 499 908 539 enim
929 498 1147 554 perspicue
1166 499 1343 541 tollitur.
1369 500 1470 541 deos
1490 514 1593 550 esse,
1615 514 1681 541 re-

261 551 481 593 tinendum
501 560 576 593 est.

185 600 252 649 18
320 608 463 664 Atque
497 608 575 650 hac
606 609 852 664 extispicum
888 609 1139 651 divinatione
1172 612 1351 662 sublata,
1383 611 1521 653 omnis
1554 612 1682 654 haru-

199 674 251 708 42
264 664 423 719 spicina
452 665 616 707 sublata
646 675 723 706 est.
785 666 962 706 Ostenta
999 667 1108 706 enim
1149 677 1392 722 sequuntur,
1425 678 1468 709 et
1497 669 1680 724 fulgura.

132 720 370 763 1³·117·valet
401 730 543 763 autem
570 722 614 762 in
648 721 886 777 fulguribus
921 722 1154 763 observatio
1184 723 1404 775 diuturna3
1436 725 1477 766 in
1507 725 1684 766 ostentis

221 775 368 820 ²·ratio
388 778 635 833 plerumque
654 778 980 834 conjecturaque
1008 778 1244 820 adhibetur.
1302 781 1418 837 Quid
1446 790 1510 823 est
1539 781 1684 837 igitur,

257 834 372 891 quod
392 835 655 875 observatum
678 834 731 875 sit
752 835 793 874 in
812 835 1008 890 fulgure?
1061 835 1230 876 Coelum
1250 836 1292 876 in
1315 850 1403 877 xvl
1423 846 1559 892 partes
1579 838 1684 879 divi-

257 898 402 931 serunt
440 890 620 932 Etrusci.
651 890 773 932 facile
801 890 844 932 id
881 891 1051 947 quidem
1091 892 1186 943 fuit,
1221 900 1434 948 quattuor,
1469 908 1570 949 quas
1605 909 1684 937 nos

257 945 476 997 haber'nus,
502 947 743 1003 duplicare:
775 956 871 1003 post
902 948 1015 989 idem
1040 948 1192 989 iterum
1218 950 1368 1000 facere,
1386 958 1436 990 ut
1462 964 1513 990 ex
1538 965 1590 991 eo
1617 951 1683 992 di-

256 1011 414 1053 cerent,
435 1003 596 1045 fulmen
624 1018 707 1059 qua
733 1018 783 1045 ex
811 1012 928 1059 parte
950 1005 1140 1046 venisset.
1200 1006 1385 1047 Primum
1415 1005 1458 1047 id
1487 1006 1589 1062 quid
1617 1007 1682 1048 in-

258 1061 415 1100 terest?
455 1060 608 1101 deinde
643 1060 745 1117 quid
777 1060 1015 1116 significat?
1054 1076 1191 1102 nonne
1225 1063 1492 1118 perspicuum
1525 1071 1603 1113 est,
1632 1077 1685 1105 ex

256 1116 394 1172 prima
424 1116 698 1158 admiratione
730 1117 966 1168 hominum,
987 1118 1102 1173 quod
1131 1117 1328 1169 tonitrua,
1348 1118 1574 1175 jactusque
1599 1120 1682 1160 ful-

257 1172 420 1214 minum
452 1173 757 1223 extimuissent,
790 1173 1029 1225 credidisse,
1059 1188 1109 1215 ea
1136 1174 1297 1216 efficere
1325 1190 1464 1216 rerum
1492 1175 1681 1217 omnium

256 1238 561 1327 praepoltlersstem
596 1231 775 1271 Jovem?
807 1230 948 1287 itaque
979 1230 1022 1272 in
1057 1231 1209 1273 nostris
1240 1231 1552 1274 commentariis
1583 1232 1685 1274 scri-

258 1294 379 1340 ptum
430 1300 454 1326 a
486 1300 634 1327 emus:

198 1374 246 1410 43
365 1364 460 1413 Jove
478 1374 624 1411 tonante,
631 1366 853 1417 fulgurante,
871 1366 1003 1405 comitia
1016 1366 1129 1418 populi
1145 1365 1265 1404 habere
1282 1368 1391 1417 nefas.

258 1440 359 1481 Hoc
390 1441 566 1482 fortasse
597 1442 838 1497 reipublicae
863 1455 991 1483 causa
1016 1441 1295 1483 constitutum
1315 1452 1393 1484 est.
1415 1441 1683 1484 comitiorum

258 1496 369 1537 enim
391 1512 476 1538 non
502 1497 790 1539 habendorum
811 1513 957 1540 causas
978 1512 1070 1539 esse
1088 1498 1324 1540 voluerunt.
1386 1500 1536 1556 Itaque
1554 1499 1687 1541 comi-

259 1553 415 1594 tiorum
445 1554 582 1596 solum
602 1555 746 1596 vitium
778 1564 857 1607 est,
883 1554 1073 1596 fulmen:
1105 1554 1219 1611 quod
1248 1555 1361 1597 idem
1391 1556 1589 1598 omnibus
1617 1570 1683 1597 re-

258 1609 340 1652 bus
369 1610 578 1666 optimum
618 1611 851 1667 auspicium
885 1611 1104 1662 habemus,
1136 1611 1170 1652 si
1201 1612 1414 1653 sinistrum
1447 1612 1542 1653 fuit.
1601 1611 1685 1653 Sed

181 1666 313 1735 19de
332 1667 527 1722 auspiciis
547 1668 630 1708 alio
655 1668 766 1718 loco,
787 1683 898 1709 nunc
918 1668 971 1708 de
991 1668 1245 1723 fulguribus.
1302 1668 1417 1725 Quid
1446 1668 1575 1723 igitur
1603 1668 1685 1709 mi-

261 1738 339 1764 nus
359 1737 383 1763 a
402 1723 589 1780 physicis
607 1724 689 1765 dici
704 1724 844 1775 debet,
863 1738 987 1780 quam
1007 1724 1235 1780 quidquam
1252 1725 1356 1766 certi
1377 1724 1601 1780 significari
1618 1738 1684 1765 re·

258 1779 337 1820 bus
364 1780 562 1821 incertis?
597 1795 679 1821 non
706 1781 817 1821 enim
842 1790 884 1821 te
912 1789 1016 1836 puto
1046 1795 1138 1821 esse
1163 1795 1276 1832 eum,
1304 1781 1375 1836 qui
1402 1781 1497 1822 Jovi
1525 1780 1686 1823 fulmen

195 1836 484 1878 44fabricatos
513 1851 603 1878 esse
625 1836 837 1893 Cyclopas
865 1837 908 1878 in
935 1837 1068 1877 AEtna
1092 1846 1230 1892 putes.
1286 1838 1402 1879 Nam
1425 1846 1535 1878 esset
1560 1836 1687 1878 mira·—

258 1893 357 1943 bile,
391 1893 608 1948 quomodo
641 1893 685 1934 id
713 1893 877 1947 Jupiter
909 1894 1033 1934 toties
1057 1892 1233 1948 jaceret,
1261 1908 1359 1934 cum
1387 1909 1518 1935 unum
1555 1893 1685 1934 habe-

257 1958 336 1991 ret.
395 1951 489 1990 Nec
529 1964 625 1990 vero
666 1949 912 1990 fulminibus
953 1949 1162 2000 homines,
1199 1950 1301 2006 quid
1338 1960 1410 1991 aut
1447 1949 1685 1991 faciendum

256 2014 381 2056 esset,
404 2015 477 2047 aut
504 2005 750 2056 cavendum,
770 2015 974 2047 moneret.
1003 2005 1140 2061 placet
1165 2008 1277 2048 enim
1312 2006 1481 2057 Stoicis,
1505 2021 1577 2047 eos
1609 2020 1684 2046 an-

256 2062 412 2103 helitus
444 2071 580 2113 terrae,
611 2062 682 2118 qui
711 2062 854 2118 frigidi
881 2062 978 2114 sint,
1003 2077 1099 2103 cum
1136 2063 1264 2104 fluere
1295 2062 1512 2118 coeperint,
1540 2071 1685 2104 ventos

256 2133 372 2160 esse:
404 2133 501 2160 cum
537 2128 676 2160 autem
707 2133 751 2159 se
781 2120 822 2159 in
849 2119 1004 2160 nubem
1036 2118 1260 2169 induerint,
1289 2119 1465 2175 ejusque
1490 2118 1685 2160 tenuissi-

255 2190 371 2216 mam
413 2189 625 2231 quamque
669 2184 830 2230 partem
869 2175 1075 2231 coeperint
1111 2174 1306 2226 dividere,
1343 2184 1468 2231 atque
1507 2175 1687 2216 disrum-

255 2245 370 2286 pere,
398 2232 527 2287 idque
564 2231 749 2273 crebrius
789 2232 939 2282 facere,
978 2241 1021 2272 et
1049 2231 1350 2282 vehementius,
1390 2242 1482 2272 tum
1519 2240 1562 2272 et
1600 2230 1684 2272 ful-

256 2302 380 2343 gura,
407 2298 450 2329 et
478 2289 663 2329 tonitrua
692 2288 912 2329 exsistere:
945 2288 978 2328 si
1011 2297 1153 2329 autem
1185 2289 1361 2330 nubium
1390 2287 1588 2329 conflictu
1617 2302 1684 2327 ar—

213 2356 247 2389 b.
259 2344 336 2385 dor
366 2358 583 2400 expressus
611 2359 656 2385 se
688 2344 888 2395 emiserit,
916 2344 959 2386 id
988 2359 1079 2385 esse
1109 2345 1283 2386 fulmen.
1342 2343 1471 2400 Quod
1500 2344 1628 2399 igitur
1646 2343 1685 2385 vi

257 2410 432 2451 naturae,
455 2401 569 2442 nulla
595 2401 843 2451 constantia,
863 2400 979 2442 nullo
1012 2410 1104 2442 rato
1136 2411 1326 2456 tempore
1347 2399 1533 2441 videmus
1562 2399 1685 2450 effici,

255 2471 308 2498 ex
328 2471 379 2498 eo
400 2458 751 2512 significationem
772 2472 912 2498 rerum
932 2458 1278 2512 consequentium
1301 2455 1525 2511 quaerimus
1544 2457 1556 2496 ?
1591 2456 1683 2497 Sci·

254 2512 368 2561 licet,
390 2513 424 2553 si
445 2514 524 2554 ista
542 2514 708 2569 Jupiter
728 2513 996 2568 significaret,
1015 2521 1055 2545 34
1069 2524 1154 2554 tam
1181 2513 1315 2553 multa
1335 2512 1487 2552 frustra
1506 2511 1686 2553 fulmina

192 2580 242 2613 45
256 2569 494 2610 emitteret?
541 2570 660 2625 Quid
695 2570 808 2610 enim
847 2569 1027 2625 proficit,
1066 2577 1104 2601 3⁵
1126 2583 1225 2609 cum
1261 2570 1302 2609 in
1343 2567 1530 2609 medium
1569 2583 1686 2610 mare

299 2689 339 2713 34
370 2690 430 2711 tarn
461 2681 553 2712 multa
572 2683 694 2722 frustra
719 2682 754 2721 f.
786 2680 943 2721 emineret]
989 2683 1066 2713 Mss.
1084 2682 1222 2722 plerique
1238 2688 1267 2711 et
1283 2682 1351 2712 edd.
1367 2688 1444 2712 vett.
1463 2681 1592 2720 quidam
1614 2680 1688 2712 libr)

257 2726 335 2756 Mss.
357 2726 487 2764 quidam
508 2726 627 2756 addunt
647 2736 720 2753 non:
745 2726 797 2754 sed
820 2735 883 2754 non
901 2732 947 2755 cst
990 2732 1097 2755 tamen
1116 2724 1330 2763 habentjacit‚
1347 2725 1432 2764 quod
1453 2731 1483 2753 et
1503 2725 1598 2754 edidit
1619 2724 1686 2754 Da-

255 2777 381 2799 necesse
402 2769 463 2798 hoc
478 2768 611 2798 verbum
627 2769 697 2798 addi
713 2780 718 2797 ε
744 2768 839 2796 modo
855 2768 949 2797 inter·
991 2766 1099 2804 visius,
1117 2769 1208 2807 idque
1230 2774 1310 2797 recte
1333 2774 1422 2807 putat
1444 2767 1586 2797 ordinem
1605 2773 1685 2797 tem—

255 2811 393 2850 togando
416 2812 642 2850 pronuncietur
670 2811 837 2848 sententia,
862 2817 897 2840 ut
920 2817 951 2841 et
992 2821 1107 2850 porum
1124 2811 1292 2851 postulare,
1305 2817 1398 2849 atque
1415 2810 1456 2838 ita
1469 2809 1601 2839 correxit
1617 2818 1684 2840 ma-

253 2854 448 2893 scripsimus.
991 2864 1052 2885 nus
1065 2855 1156 2885 docta
1171 2856 1202 2886 in
1218 2853 1366 2893 exemplo
1380 2861 1452 2883 meo
1466 2852 1598 2883 Veneto.

297 2903 336 2927 35
361 2907 424 2926 cum
447 2897 476 2926 in
499 2907 537 2926 m.
561 2906 638 2925 mare
649 2895 768 2936 fulmen
782 2893 870 2936 jecit]
898 2896 949 2926 Sic
