1778 3095
233 117 311 148 212
541 109 613 147 DE
642 110 798 149 FINIB.
827 109 1028 148 BONOR.
1056 109 1125 147 ET
1151 109 1359 148 MALOR.

232 232 324 259 sese
357 232 581 274 quemque,
613 228 660 260 ut
689 233 737 260 ea
767 219 825 262 vis
853 219 1054 275 diligendi
1075 219 1130 261 ad
1150 218 1275 261 aliam
1304 231 1393 259 rem
1421 218 1663 283 quampiam

232 276 449 340 referatur,
471 291 556 317 non
586 276 640 317 ad
670 291 768 317 eum
800 277 953 332 ipsum,
971 277 1052 341 ‘qui
1087 290 1177 318 sese
1205 275 1369 330 diligat.
1399 274 1482 316 hoc
1502 289 1601 316 cum
1620 291 1664 316 m

231 332 441 383 amicitiis,
460 347 557 373 cum
589 333 630 373 in
660 333 822 385 officiis,
842 348 938 374 cum
970 334 1012 374 in
1042 333 1264 374 virtutibus
1293 332 1463 382 dicitur,
1482 346 1663 387 quomo—

230 388 472 444 documque
505 389 673 439 dicitur,
705 386 895 445 intelligi
913 398 1054 431 tamen
1089 390 1191 447 quid
1227 390 1405 439 dicatur,
1437 397 1591 444 potest.
1621 389 1665 429 in

231 446 352 487 nobis
374 455 515 487 autem
534 445 634 500 ipsis
655 460 706 486 ne
725 425 905 509 intelligi
922 446 1108 501 quidem,
1128 455 1174 487 ut
1190 455 1360 502 propter
1376 444 1501 486 aliam
1518 459 1667 500 quam-

229 503 344 557 piam
378 517 482 552 rem,
511 502 626 542 verbi
656 502 807 556 gratia,
839 511 1011 557 propter
1043 503 1319 558 voluptatem,
1351 517 1427 544 nos
1458 515 1665 543 amemus.

230 568 403 614 propter
425 573 500 600 nos
522 558 634 599 enim
655 558 786 607 illam,
809 573 890 598 non
911 567 1083 613 propter
1102 573 1196 600 eam
1218 559 1499 623 nosmetipsos
1520 556 1665 613 diligi-

165 620 211 652 31
230 617 669 672 1nus.Oua1nquam
692 613 793 670 quid
813 623 890 665 est,
912 614 1029 670 quod
1044 615 1180 678 magis
1202 615 1470 671 perspicuum
1492 615 1559 665 sit,
1580 628 1665 655 non

90 1723 119 1752 p.
137 1720 206 1743 132.

180 1766 208 1787 (1-

156 1791 298 1837 32sibi
319 1792 476 1848 injecto
503 1801 662 1836 terrore
692 1795 840 1836 mortis
871 1794 1132 1835 horrescunt.
1192 1794 1302 1836 Quis
1332 1801 1474 1835 autem
1496 1793 1579 1835 de
1568 1808 1661 1850 ipso

227 672 359 713 modo
388 686 533 713 carum
565 671 644 712 sibi
674 684 901 726 quemque,
920 685 1062 712 verum
1085 672 1210 712 etiam
1235 671 1499 713 vehementer
1519 685 1665 712 carum

225 730 347 770 esse?
381 729 474 784 quis
494 735 557 769 est
576 727 702 778 enim,
723 736 796 768 aut
826 736 982 783 quotus
1013 728 1205 784 quisque,
1224 728 1309 779 cui,
1328 743 1443 770 mors
1472 743 1571 770 cum
1591 742 1666 784 ap-

225 785 494 841 propinquet,

333 865 411 900 lion
428 863 579 913 refugiat
597 861 710 899 timido
728 876 892 913 sanguen,
912 871 1014 913 alque
1031 863 1221 901 exalbescat
1240 872 1326 901 metu
1343 866 1366 899 ?

224 936 301 977 etsi
324 936 405 978 hoc
428 937 600 994 quidem
621 946 684 979 est
704 939 746 979 in
768 939 884 991 vitio,
905 939 1228 981 dissolutionem
1255 947 1415 980 naturae
1437 946 1525 981 tam
1545 938 1665 980 valde

222 993 570 1048 perhorrescerwe
598 995 718 1059 *quod
754 996 855 1037 item
895 1004 960 1038 est
992 996 1384 1052 reprehendendum
1419 995 1461 1037 in
1501 994 1664 1037 dolore.

222 1050 296 1090 sed
329 1052 428 1115 quia
457 1052 544 1092 fere
575 1052 634 1092 sic
663 1052 900 1094 afficiuntur
929 1068 1090 1106 omnes,
1113 1054 1212 1094 satis
1242 1052 1483 1117 argumenti
1511 1061 1590 1104 est,
1611 1053 1665 1093 ab

221 1106 395 1149 interitu
430 1117 623 1150 natulam
660 1109 914 1151 abhorrere:
945 1110 1073 1165 idque
1108 1125 1194 1166 quo
1229 1125 1366 1165 magls
1398 1108 1570 1166 quidam
1605 1109 1665 1151 ita

221 1164 396 1215 faciunt,
417 1173 465 1206 ut
486 1166 585 1221 jure
615 1165 742 1206 etiam
759 1166 1136 1230 reprehendantur,
1156 1167 1239 1208 hoc
1264 1167 1402 1222 magis
1423 1166 1666 1221 intelligen-

221 1219 325 1261 dum
346 1230 424 1273 est,
446 1222 567 1262 haec
557 1237 647 1278 lpsa
668 1223 797 1262 nimia
816 1223 857 1262 in
877 1223 1133 1278 quibusdam
1151 1223 1294 1264 futura
1313 1238 1398 1263 non
1420 1223 1562 1273 fuisse,
1585 1222 1663 1263 nisi

221 1278 417 1332 quaedam
439 1288 579 1319 essent
601 1278 770 1319 modica
789 1288 953 1320 natura.
984 1294 1060 1320 nec
1079 1293 1176 1320 vero
1203 1279 1299 1320 dico
1329 1294 1478 1320 eorum
1498 1286 1663 1320 metum

219 1335 385 1385 mortis,
407 1335 479 1390 qui
510 1335 608 1390 quia
638 1335 789 1390 plivari
819 1349 864 1376 se
894 1336 990 1376 vitae
1022 1336 1144 1377 bonis
1175 1336 1444 1387 arbitrentur,
1464 1343 1539 1376 aut
1564 1336 1664 1391 quia

219 1390 424 1445 quasdam
455 1400 555 1446 post
584 1401 768 1432 mortem
789 1391 1038 1434 formidines
1063 1392 1353 1444 extimescant,
1374 1402 1447 1435 aut
1467 1392 1501 1433 si
1522 1400 1663 1434 metu-

219 1455 306 1498 ant,
329 1463 381 1488 ne
402 1463 500 1488 cum
522 1447 670 1489 dolore
692 1449 941 1513 moriantur,
961 1449 1119 1491 idcirco
1142 1459 1323 1491 mortem
1344 1449 1538 1505 fugiant.
1571 1449 1663 1490 451n

218 1505 355 1558 pariis
389 1506 502 1545 enim
539 1520 664 1560 saepe,
696 1506 769 1561 qui
799 1505 903 1546 nihil
934 1520 1082 1547 eorum
1113 1506 1320 1561 cogitant,
1342 1507 1376 1547 si
1403 1506 1574 1562 quando
1598 1505 1664 1546 his

219 1560 411 1602 ludentes
459 1562 672 1602 minamur
714 1562 1056 1626 praecipitaturos
1105 1563 1315 1614 alicunde,
1367 1563 1662 1605 extimescunt.

219 1617 451 1672 quinetiam
472 1619 586 1669 ferae,
608 1618 746 1674 inquit
767 1619 984 1671 Pacuvius,

332 1710 464 1760 Quibus
481 1710 577 1748 abest
595 1710 645 1747 ad
655 1710 919 1762 praecavendum
938 1710 1147 1760 intelligendi
1166 1711 1313 1754 astutia,

218 1849 405 1904 sapiente
427 1851 547 1892 aliter
566 1851 804 1893 existimat?
839 1851 1071 1908 quinetiam
1088 1865 1188 1892 cum
1209 1850 1438 1892 decreverit
1456 1864 1548 1892 esse
1567 1866 1663 1893 mo-

217 1906 427 1957 riendum,
448 1917 589 1948 tamen
611 1908 800 1949 discessu
829 1923 854 1949 a
884 1909 983 1972 suis,
1003 1916 1129 1963 atque
1150 1907 1242 1962 ipsa
1262 1907 1537 1963 relinquenda
1565 1908 1661 1950 luce

216 1972 449 2004 moveatur.
510 1965 702 2006 Maxime
734 1974 877 2006 autem
910 1965 952 2005 in
987 1964 1070 2005 hoc
1105 1964 1277 2020 quidem
1313 1978 1469 2019 genere
1504 1965 1563 2006 vis
1594 1975 1660 2007 est

214 2019 437 2084 perspicua
467 2029 642 2072 naturae,
664 2037 760 2063 curn
797 2030 839 2063 et
870 2021 1189 2063 mendicitatem
1212 2021 1335 2076 multi
1356 2022 1659 2077 perpetiantur,

214 2086 263 2117 ut
303 2077 464 2118 vivant:
509 2087 552 2119 et
590 2088 802 2134 angantur
835 2078 1246 2134 appropinquatione
1284 2078 1433 2119 mortis
1474 2079 1661 2120 confecti

214 2133 407 2174 homines
441 2143 683 2176 senectute:
714 2145 757 2176 et
790 2150 839 2176 ea
871 2135 1095 2190 pe1ierant,
1117 2150 1211 2190 quae
1242 2134 1524 2176 Philoctetam
1546 2135 1659 2176 vide-

214 2204 310 2230 mus
332 2191 373 2231 in
393 2191 572 2232 fabulis·
603 2193 673 2248 qui
695 2207 794 2233 cum
823 2192 1081 2233 cruciaretur
1100 2207 1185 2232 non
1208 2191 1393 2233 ferendis
1424 2192 1660 2244 doloribus,

213 2248 478 2302 plopagabat
499 2257 641 2289 tamen
660 2249 787 2290 vitam
808 2255 847 2280 46
862 2249 1045 2304 aucupio
1068 2248 1334 2304 sagittarum,

326 2327 524 2377 Cmgfigebat
544 2328 664 2366 tardas
684 2330 815 2375 celeres,
830 2339 925 2367 stans
944 2330 1112 2373 volantes,

214 2405 263 2438 ut
282 2399 395 2453 apud
416 2400 589 2442 Attium
612 2411 690 2454 est,

320 2481 576 2532 Pinnaramque
593 2491 747 2519 contextu
766 2483 890 2533 corpori
908 2488 1101 2531 tegumenta
1106 2481 1282 2531 faciebat.

149 2566 196 2597 33
212 2552 279 2593 De
314 2552 537 2595 hominum
571 2570 743 2611 genere,
777 2563 850 2597 aut
886 2555 1060 2597 omnino
1099 2555 1153 2597 de
1187 2555 1434 2597 animalium
1469 2555 1650 2613 loquor;

254 2675 293 2698 45
319 2667 472 2707 inpzrvz's
498 2669 571 2698 enim
597 2668 685 2707 saepe]
712 2669 914 2699 Constructio
957 2675 1032 2709 saepe
1047 2656 1147 2709 friget.
1165 2669 1195 2699 in
1214 2669 1269 2699 illo
1285 2680 1363 2700 non.

210 2721 275 2740 non
300 2718 436 2748 constat,
461 2712 485 2740 si
511 2713 549 2741 ad
577 2713 695 2741 extimes
698 2719 764 2741 cunt
791 2713 914 2742 referas.
1001 2718 1041 2743 46
1058 2713 1179 2752 aucupio
1198 2711 1387 2751 sigittarum]
1407 2712 1488 2743 Aves
1505 2715 1659 2754 capiendo

209 2753 239 2783 Si
265 2760 311 2783 est
333 2764 351 2784 a
374 2734 538 2791 Cicerone,
562 2755 721 2803 intellige:
747 2756 827 2785 inter
842 2766 912 2795 par·
954 2765 1008 2795 per
1032 2757 1169 2794 sagittas.
1217 2756 1365 2787 Davisius
1392 2757 1500 2788 scribit
1525 2758 1660 2797 aucupio..

208 2807 263 2826 vos
285 2797 317 2833 ii,
335 2799 389 2836 qui
416 2798 495 2827 nihil
521 2799 660 2837 cogitant
676 2808 799 2828 eorum.
846 2800 911 2829 Da·
954 2799 1075 2840 Sagitta
1091 2798 1251 2839 corfigebat
1266 2801 1325 2830 &Q

207 2841 304 2871 xisiusx
321 2841 466 2881 corrigit:
485 2848 544 2881 pal
548 2853 580 2872 1⁷1
598 2842 673 2871 enim
689 2848 774 2881 saepe.
791 2843 845 2873 sed
869 2843 912 2872 ita
