1778 3095
216 148 295 185 426
599 150 678 187 DE
708 149 970 188 NATURA
998 149 1266 188 DEORUM

217 256 489 312 mortalisque
520 257 585 298 sit.
645 257 764 300 Quid
793 268 930 300 autem
963 259 1118 311 obstat,
1140 274 1224 315 quo
1244 258 1383 300 minus
1402 258 1456 300 sit
1474 258 1638 310 beatus,

216 312 251 352 si
271 327 353 353 non
373 312 427 354 sit
446 313 586 369 bipes?
611 323 684 354 aut
701 315 793 366 ista,
814 315 894 356 sive
914 316 1104 366 beatitas,
1124 317 1210 357 sive
1228 314 1445 356 beatitudo
1463 314 1639 358 dicenda

173 370 294 419 b·est,
334 372 577 426 (utrumque
612 371 785 412 omnino
818 372 985 422 durum,
1024 372 1098 413 sed
1137 388 1217 413 usu
1254 371 1483 412 mollienda
1519 372 1638 413 nobis

218 426 342 466 verba
363 429 474 479 sunt)
498 442 637 467 verum
669 442 730 478 ea,
751 443 1027 483 qutecumque
1054 437 1130 478 est,
1152 444 1226 469 cur
1257 438 1328 469 aut
1360 428 1402 468 in
1434 427 1565 469 solem
1586 427 1639 468 il-

216 482 321 532 lum,
342 491 414 522 aut
435 483 476 523 in
497 482 608 524 hunc
628 484 849 534 mundum,
870 493 941 525 aut
962 486 1002 525 in
1018 484 1201 540 aliquam
1219 494 1400 525 mentem
1425 492 1639 534 aeternam,

218 538 352 593 figura
384 540 670 595 membrisque
709 541 895 596 corporis
933 556 1119 590 vacuam,
1156 541 1303 582 cadere
1343 555 1426 581 non
1465 541 1637 595 potest?

152 595 205 641 96
218 594 336 635 Nihil
367 595 480 636 aliud
516 596 634 646 dicis,
666 596 758 646 nisi,
786 611 1016 652 numquam
1051 597 1130 637 vidi
1163 598 1295 638 solem
1328 607 1401 638 aut
1434 595 1640 637 mundum

215 650 402 692 beatum.
461 652 576 707 Quid
595 654 608 693 ?
641 652 863 702 mundum,
883 663 1033 707 praeter
1054 653 1180 703 hunc,
1199 668 1454 709 umquamne
1474 652 1636 693 vidisti?

214 707 402 762 negabis.
464 708 554 749 Cur
584 708 713 763 igitur
745 723 827 749 non
863 717 1057 749 sexcenta
1089 709 1220 750 millia
1247 725 1336 750 esse
1367 709 1640 759 mundorum,

214 763 287 804 sed
310 764 629 804 innumerabilia
653 779 776 804 ausus
797 779 840 804 es
861 764 1026 805 dicere?
1062 766 1183 806 Ratio
1205 765 1362 806 docuit.
1420 768 1536 821 Ergo
1558 765 1640 806 hoc

213 827 255 859 te
275 820 380 861 ratio
415 835 496 860 non
529 820 713 870 docebit,
735 835 829 861 cum
867 821 1210 875 praestantissima
1241 832 1389 862 natura
1415 830 1640 878 quaeratur,

212 890 345 931 eaque
364 877 488 916 beata
507 885 550 917 et
574 886 742 927 veterna,
775 893 867 933 quae
900 877 988 918 sola
1019 877 1155 918 divina
1184 887 1332 918 natura
1361 888 1470 928 sunt,
1492 890 1539 919 ut
1558 878 1640 918 im-

213 932 468 973 mortalitate
488 933 699 974 vincamur
718 934 771 973 ab
791 949 838 974 ea
859 944 1019 984 natura,
1036 935 1093 974 sic
1115 935 1241 975 animi
1259 935 1497 989 praestantia
1512 933 1639 974 vinci:

214 996 341 1043 atque
363 997 407 1029 ut
427 989 569 1039 animi,
590 989 688 1030 item
713 990 900 1045 corporis
919 991 931 1030 P
965 1005 1039 1031 cur
1068 991 1209 1046 igitur,
1230 1006 1326 1031 cum
1349 991 1496 1031 ceteris
1516 990 1641 1031 rebus

214 1044 428 1085 inferiores
449 1046 594 1095 simus,
615 1047 750 1087 forma
769 1061 888 1102 pares
914 1062 1058 1087 sumus
1077 1048 1089 1087 ?
1122 1047 1175 1088 ad
1195 1047 1509 1088 similitudinem
1530 1047 1641 1086 enim

130 1093 201 1141 35
215 1100 296 1141 deo
331 1102 504 1157 propius
538 1103 764 1143 accedebat
803 1103 986 1143 humana
1020 1103 1162 1154 virtus,
1201 1118 1326 1158 quam
1366 1103 1513 1157 figura.
1570 1101 1643 1142 An

216 1158 446 1213 quidquam
474 1169 560 1199 tam
591 1160 751 1214 puerile
772 1159 852 1199 dici
874 1168 1014 1214 potest
1038 1163 1101 1213 (ut
1121 1160 1299 1200 eundem
1320 1160 1460 1200 locum
1484 1158 1643 1200 diutius

215 1218 406 1269 urgeam)
431 1230 556 1270 quam
593 1216 625 1255 si
657 1231 706 1256 ea
734 1231 892 1270 genera
919 1216 1153 1266 beluarum,
1179 1231 1273 1271 quae
1304 1217 1345 1256 in
1374 1217 1502 1256 rubro
1522 1215 1642 1267 mari,

150 1270 201 1314 97
218 1271 383 1311 Indiave
416 1272 659 1326 gignantur,
686 1272 802 1312 nulla
833 1287 921 1312 esse
952 1273 1171 1313 dieamus?
1206 1272 1341 1328 Atqui
1370 1287 1420 1312 ne
1450 1271 1644 1312 curiosis-

214 1327 308 1367 simi
327 1327 498 1382 quidem
519 1328 711 1368 homines
742 1328 995 1384 exquirendo
1017 1329 1161 1370 audire
1182 1337 1268 1370 tam
1291 1328 1425 1369 multa
1450 1335 1641 1382 possunt,

212 1398 338 1438 quam
375 1394 472 1425 sunt
507 1385 655 1434 multa,
688 1400 782 1439 quae
816 1395 938 1435 terra,
972 1386 1090 1436 mari,
1124 1385 1361 1440 paludibUS‚
1399 1383 1642 1425 fluminibus

174 1494 176 1496 v
211 1439 439 1481 exsistunt:
471 1456 564 1496 quae
585 1456 787 1496 negemus
806 1456 911 1492 esse,
933 1442 1031 1497 quia
1051 1457 1282 1498 numquam
1305 1441 1496 1482 vidimus.
1544 1441 1642 1494 Ipsa

211 1510 307 1536 vero
328 1512 453 1552 quam
478 1497 582 1538 nihil
602 1498 655 1538 ad
676 1512 761 1538 rem
794 1499 988 1553 pertinet,
1009 1514 1102 1553 quae
1133 1514 1204 1539 vos
1234 1498 1416 1539 delectat
1445 1496 1641 1546 maxime,

212 1552 444 1595 similitudo
463 1555 475 1594 ?
509 1553 627 1595 Quid
645 1555 658 1594 ?
691 1555 803 1595 canis
828 1570 966 1595 nonne
987 1555 1133 1596 similis
1162 1555 1291 1610 lupo?
1325 1563 1466 1610 atque,
1487 1562 1534 1594 ut
1553 1554 1640 1594 En-

213 1623 321 1661 mus,

320 1701 427 1737 Simia
445 1714 546 1751 quam
565 1701 690 1742 similis,
711 1701 903 1752 turpissima
923 1701 1041 1744 bestia,
1059 1702 1150 1738 nobis
1163 1705 1185 1737 ,Ρ

211 1796 254 1827 at
286 1801 424 1826 mores
460 1786 502 1826 in
539 1794 716 1842 utroque
748 1787 946 1841 dispareS.
1006 1787 1243 1842 Elephanto
1275 1786 1496 1828 beluarum
1527 1787 1642 1829 nulla

147 1848 198 1890 98
211 1842 469 1898 prudentior.
500 1850 542 1882 at
562 1843 695 1897 figura
716 1858 810 1898 quae
832 1844 1010 1884 vastior?
1044 1845 1111 1884 De
1131 1843 1274 1883 bestiis
1296 1843 1460 1898 loquor.
1490 1844 1636 1900 Quid?

211 1900 319 1940 inter
340 1899 451 1954 ipsos
474 1898 664 1939 homines
686 1914 822 1939 nonne
851 1908 892 1940 et
924 1899 1146 1940 simillimis
1174 1899 1320 1940 formis
1341 1900 1524 1955 dispares
1545 1915 1639 1942 mo-

211 1969 290 2006 res,
312 1962 351 1987 26
371 1964 413 1995 et
433 1955 622 1996 moribus
648 1955 870 1996 simillimis
905 1956 1039 2011 figura
1067 1955 1279 1996 dissimilis
1299 1958 1310 1996 ?
1344 1957 1498 1997 etenim
1520 1957 1553 1998 si
1573 1971 1638 1998 se-

102 2012 310 2063 p.21.me1‚
329 2011 481 2063 Vellei,
512 2012 762 2066 suscipimus
794 2027 927 2067 genus
962 2013 1042 2054 hoc
1070 2013 1324 2068 argumenti,
1353 2013 1521 2053 attende
1551 2029 1638 2069 quo

169 2069 198 2091 ²·
211 2077 363 2124 serpat.
399 2078 447 2110 tu
482 2069 592 2109 enim
628 2069 838 2119 sumebas,
870 2069 947 2109 nisi
977 2069 1020 2110 in
1050 2069 1232 2110 hominis
1267 2070 1400 2125 figura
1432 2070 1637 2111 rationem

209 2126 345 2166 inesse
381 2140 463 2165 non
498 2140 634 2180 posse.
667 2134 804 2166 sumet
836 2126 956 2176 alius,
977 2126 1053 2166 nisi
1083 2126 1125 2166 in
1155 2126 1363 2167 terrestri:
1396 2127 1473 2166 nisi
1499 2126 1540 2167 in
1570 2141 1636 2178 eo,

210 2182 282 2237 qui
303 2191 425 2222 natus
456 2182 509 2223 sit
527 2199 535 2223 ι
568 2182 647 2222 nisi
666 2182 707 2221 in
727 2197 793 2233 eo,
815 2183 885 2237 qui
906 2182 1132 2223 adoleverit
1151 2199 1160 2222 t
1190 2182 1268 2223 nisi
1288 2182 1330 2223 in
1352 2197 1418 2233 eo,
1439 2183 1511 2238 qui
1529 2183 1639 2224 didi-

207 2238 336 2279 cerit:
368 2239 445 2278 nisi
466 2239 506 2279 in
528 2253 594 2288 e0,
616 2239 687 2294 qui
709 2253 758 2279 ex
775 2240 916 2279 animo
938 2247 1115 2289 constet,
1138 2248 1181 2280 et
1201 2254 1376 2294 corpore
1396 2239 1572 2290 caduco,
1593 2248 1638 2281 et

205 2294 398 2336 infirmo:
430 2304 645 2350 postremo
676 2295 755 2335 nisi
784 2295 825 2335 in
856 2295 1041 2345 homine,
1062 2306 1190 2351 atque
1211 2296 1391 2336 mortali.
1450 2296 1579 2351 Quod
1601 2296 1636 2336 si

206 2351 248 2392 in
271 2351 466 2392 omnibus
498 2351 561 2391 his
591 2351 713 2392 rebus
743 2352 926 2401 obsistis,
947 2352 1048 2408 quid
1078 2362 1156 2401 est,
1177 2352 1290 2408 quod
1322 2360 1363 2392 te
1390 2365 1473 2392 una
1499 2352 1637 2393 forma

207 2408 459 2449 conturbet?
493 2407 556 2448 his
589 2408 700 2448 enim
738 2409 949 2458 omnibus,
982 2424 1075 2463 quae
1106 2409 1319 2463 proposui,
1348 2408 1571 2463 adjunctis,
1591 2409 1635 2449 in

207 2463 379 2504 homine
410 2465 612 2504 rationem
643 2478 748 2514 esse,
775 2474 818 2505 et
849 2474 1034 2505 mentem
1067 2465 1247 2505 videbas.
1306 2465 1470 2520 Quibus
1499 2464 1636 2506 detra-

206 2520 299 2570 ctis,
319 2520 446 2561 deum
469 2530 610 2561 tamen
631 2535 753 2561 nosse
783 2531 825 2561 te
854 2520 972 2570 dieis,
993 2521 1122 2561 modo
1151 2520 1404 2561 lineamenta
1422 2531 1634 2563 maneant.

208 2577 305 2617 Hoc
338 2586 401 2616 est
434 2591 518 2616 non
552 2576 828 2627 considerare,
864 2577 936 2617 sed
972 2577 1089 2631 quasi
1122 2577 1273 2627 sortiri,
1308 2577 1410 2632 quid
1444 2577 1633 2633 loquare.

143 2635 194 2676 99
207 2632 301 2673 Nisi
321 2632 430 2674 forte
450 2647 501 2672 ne
523 2632 604 2673 hoc
626 2632 796 2688 quidem
819 2632 1014 2683 attendis,
1036 2648 1118 2673 non
1141 2633 1270 2674 modo
1290 2633 1330 2673 in
1354 2633 1538 2684 homine,
1559 2633 1633 2675 sed

204 2689 330 2730 etiam
353 2689 394 2729 in
415 2689 578 2740 arbore,
599 2689 803 2745 quidquid
834 2704 1186 2745 supervacaneum
1207 2690 1274 2741 sit,
1295 2699 1367 2731 aut
1393 2705 1516 2730 usum
1547 2705 1632 2731 non

245 2805 286 2830 26
310 2806 337 2828 et
360 2799 481 2828 moribus
504 2798 660 2828 simillimis
673 2800 734 2838 fig*
752 2798 833 2838 diss]
859 2798 898 2828 si·
939 2799 1093 2828 simillimis
1105 2801 1216 2840 formis
1239 2801 1366 2840 dispares
1389 2813 1487 2838 mores,
1506 2811 1632 2842 respon-

203 2842 333 2872 millimis
360 2843 503 2872 additum
530 2852 545 2871 e
572 2852 603 2872 re
627 2849 656 2871 et
685 2843 747 2872 MS.
769 2842 896 2872 Eliensi.
936 2843 987 2872 det
1003 2842 1123 2872 moribus
1139 2843 1406 2884 simillintisfigura
1421 2844 1578 2877 dissimilis.

203 2895 279 2916 nam
302 2886 493 2916 antitheseos
516 2886 592 2916 ratio
615 2885 752 2924 postulat
767 2886 797 2915 id
813 2886 894 2916 addi.
