1778 3095
376 317 456 370 Μ.
494 313 777 367 TULLII
817 313 1256 368 CICERONIS
1540 313 1638 384 2⁹:⁶⁰·

788 454 842 479 DE

323 552 770 623 NATURA
820 551 1314 637 DEORUM,

786 712 842 736 AD

604 804 683 851 M.
720 803 1030 851 BRUTUM

528 923 731 966 LIBER
771 924 1085 965 TERTIUS.

663 1070 910 1093 ,ψ

602 1188 749 1226 ARGU
755 1188 1014 1226 MENTUM.

87 1277 162 1315 Hoc
179 1275 262 1313 libro
289 1275 474 1312 continetur
504 1274 615 1311 Cottae
639 1272 833 1310 Academici
864 1280 981 1310 contra
1011 1273 1158 1310 Stoicam
1184 1273 1226 1311 de
1252 1274 1334 1312 Diis
1363 1277 1525 1315 rationem

137 1330 331 1379 disputatio.
388 1329 443 1366 Ea
464 1339 502 1365 ut
520 1328 665 1378 superior
683 1326 765 1364 liber
783 1327 818 1363 in
836 1333 996 1377 quattuor
1005 1337 1122 1377 partes
1139 1327 1324 1365 distributa
1339 1339 1398 1366 est.
1430 1331 1524 1368 Nam

130 1384 242 1432 primo
257 1381 424 1433 respondet
442 1395 471 1418 c.
493 1388 576 1428 3-7.
595 1380 644 1417 ad
659 1394 712 1426 ea,
734 1380 855 1431 quibus
876 1380 1008 1416 Balbus
1023 1380 1132 1418 docere
1143 1382 1310 1427 voluerat,
1332 1396 1400 1419 esse
1425 1385 1524 1429 Deos,

136 1448 168 1473 et
181 1438 289 1487 primo
317 1436 447 1486 quidem
474 1435 537 1477 ita,
566 1445 605 1471 ut
629 1434 793 1476 ostendat,
817 1443 945 1484 praeter
972 1447 1038 1470 rem
1070 1437 1278 1484 argumentis
1305 1449 1377 1473 eam
1392 1445 1523 1487 partem

137 1490 277 1527 rationis
299 1490 421 1526 Stoicae
439 1489 669 1535 confirmatam
688 1501 766 1531 esse,
787 1488 817 1523 si
832 1501 951 1524 verum
974 1489 1032 1532 sit,
1060 1489 1148 1539 quod
1176 1489 1278 1526 Stoici
1305 1489 1433 1534 dicant,
1460 1505 1524 1528 non

136 1557 231 1592 egere
261 1544 406 1580 oratione
438 1556 510 1578 eam
540 1556 621 1585 rem,
653 1540 742 1592 quod
771 1542 815 1577 sit
841 1541 1030 1591 perspicua,
1062 1551 1093 1578 et
1126 1543 1211 1579 inter
1240 1557 1347 1580 omnes
1375 1555 1521 1592 constet;

135 1595 252 1633 deinde
268 1610 348 1633 ‘vero
366 1596 430 1639 ita,
450 1605 487 1631 ut
506 1596 642 1644 singula
661 1604 861 1644 argumenta
881 1594 1026 1631 bre-viter
1047 1595 1262 1646 reprehendat
1277 1612 1289 1632 .·
1318 1611 1524 1648 quamquam

134 1664 175 1686 ea
188 1661 272 1701 pars
292 1664 353 1686 non
369 1650 502 1698 integra
522 1649 571 1685 ad
586 1662 642 1684 uos
656 1648 824 1699 per-venit.
885 1648 1038 1685 Secunda
1059 1659 1158 1699 parte
1175 1663 1204 1686 c.
1225 1657 1334 1696 9-25.
1353 1652 1464 1688 omnia
1484 1666 1525 1689 ea

134 1705 389 1754 impugnantur,
410 1716 487 1753 quae
504 1701 543 1738 de
564 1703 644 1739 Diis
664 1702 756 1752 ipsis,
776 1702 891 1752 quales
909 1712 1024 1744 essent,
1045 1702 1219 1753 disputata
1238 1714 1347 1741 erant.
1402 1706 1524 1756 Itaque

126 1759 236 1808 primo
263 1771 326 1793 non
356 1770 394 1793 ea
420 1763 621 1805 argumenta
653 1756 758 1792 solum
790 1754 960 1798 dissolvit,
993 1755 1112 1806 quibus
1145 1756 1279 1800 mundo,
1308 1757 1382 1802 soli,
1416 1759 1521 1804 lunae,

133 1810 361 1860 sideribusque
377 1809 544 1846 divinitas
564 1819 693 1846 asserta
717 1818 803 1852 erat,
830 1809 891 1846 sed
914 1810 1015 1846 etiam
1043 1823 1083 1846 ea
1109 1811 1227 1860 opinio,
1246 1825 1348 1862 quam
1367 1811 1522 1850 absurda

132 1865 189 1906 sit,
206 1864 359 1911 pluribus
378 1863 586 1912 argumentis
605 1862 832 1899 demonstrat:
862 1877 1000 1912 quorum
1014 1863 1127 1912 facile
1150 1864 1300 1914 princeps
1323 1875 1373 1902 est
1390 1865 1437 1908 id,
1457 1880 1521 1916 quo

137 1917 327 1954 Carneades
364 1917 413 1952 uti
450 1916 574 1952 solebat
609 1923 723 1952 contra
762 1916 897 1959 Stoicos,
935 1916 1090 1959 Nullum,
1120 1930 1223 1968 neque
1250 1929 1380 1968 corpus,
1419 1932 1522 1970 neque

132 1971 276 2014 animal,
307 1969 397 2020 quod
416 1969 592 2019 patibilem
621 1977 783 2005 naturam
817 1969 953 2013 babeat,
987 1970 1171 2006 immortale
1201 1980 1233 2007 et
1261 1982 1424 2008 aeternum
1454 1984 1520 2009 esse

125 2035 243 2074 posse3
286 2023 535 2060 immortalitate
563 2032 674 2059 autem
703 2030 735 2059 et
763 2024 953 2059 aeternitate
978 2023 1128 2069 sublata,
1163 2025 1271 2074 ipsam
1303 2025 1518 2063 divinitatem

131 2078 213 2114 tolli.
270 2077 402 2114 Deinde
432 2077 573 2126 po‘e‘ticos
606 2078 705 2118 Deos,
734 2083 766 2112 et
799 2090 873 2126 quos
900 2076 994 2126 plebs
1023 2078 1252 2127 superstitiosa
1288 2079 1518 2117 venerabatur

130 2136 327 2181 σωρειτικαῖς
346 2134 524 2180 ἐρωτήσεσι,
544 2129 664 2180 quibus
696 2129 888 2166 Carneades
914 2130 948 2166 in
975 2129 1040 2166 bac
1065 2131 1289 2181 disputatione
1307 2134 1358 2168 uti
1375 2133 1515 2178 solebat,

129 2185 271 2235 aliisque
288 2184 494 2233 argumentis
513 2184 611 2220 tollit.
670 2183 784 2220 Tertia
807 2193 892 2233 pars
919 2193 1030 2220 autem
1056 2183 1287 2235 disputationis
1315 2200 1387 2222 cum
1403 2188 1516 2236 parti·

129 2237 190 2274 bus
209 2237 342 2274 duabus
360 2247 494 2287 quartae
509 2236 689 2273 intercidit.
747 2238 841 2273 Nam
862 2246 988 2287 quarta
1010 2237 1244 2287 disputationis
1271 2239 1395 2276 Stoicae
1418 2251 1516 2289 pars,

126 2305 218 2342 quae,
241 2293 327 2328 Deos
341 2290 528 2341 providisse
544 2300 576 2326 et
594 2290 793 2327 consuluisse
812 2289 1007 2332 bominibus,
1027 2290 1255 2336 contendebat,
1276 2302 1437 2342 quattuor
1454 2308 1515 2333 ar-

123 2346 294 2394 gumentis
325 2344 496 2381 nitebatur
521 2348 575 2392 (v.
596 2358 732 2393 argum.
754 2344 800 2380 L.
821 2344 873 2382 Il.
894 2343 1045 2392 infine),
1059 2343 1173 2381 borum
1191 2345 1328 2382 secundo
1346 2355 1377 2382 et
1394 2356 1516 2396 quarto

125 2412 202 2449 quae
219 2398 418 2448 respondisse
440 2398 541 2435 Cotta
547 2397 714 2447 fingitur,
734 2410 774 2433 ea
792 2397 863 2433 sola
883 2407 1060 2447 supersunt
1072 2413 1084 2434 :
1113 2397 1143 2435 c.
1158 2399 1294 2436 26-40.
1354 2400 1512 2439 Ostendit

126 2452 212 2488 enim
235 2453 352 2502 primo,
378 2451 497 2502 quibus
530 2451 628 2487 rebus
659 2449 840 2487 bominibus
871 2452 1071 2488 consuluisse
1102 2452 1167 2488 Dii
1194 2451 1368 2498 dicantur,
1401 2467 1512 2492 eorum

122 2504 294 2555 pleraque,
316 2506 464 2555 inprimis
489 2506 661 2547 rationem,
682 2503 732 2542 ad
749 2504 916 2541 bominum
938 2505 1116 2555 perniciem
1144 2507 1319 2552 converti3
1348 2520 1511 2544 summos·

125 2570 188 2608 que
207 2558 347 2595 homines
366 2569 398 2595 et
416 2559 558 2595 virtutis
575 2558 820 2595 amantissimos
834 2559 1028 2609 plerumque
1045 2558 1137 2596 mala
1142 2560 1293 2608 fortuna
1312 2573 1387 2597 usos
1404 2574 1483 2598 esse.

72 2625 245 2705 QUAE
267 2669 364 2696 cum
392 2655 550 2696 Balbus
581 2656 767 2706 dixisset,
797 2663 891 2696 tum
919 2655 1105 2697 arridens
1127 2655 1272 2707 Cotta,
1302 2657 1419 2708 Sero,
1446 2657 1509 2699 in·
1527 2669 1551 2714 1

72 2713 177 2767 quit,
217 2712 335 2763 mihi,
370 2712 515 2762 Balbe,
548 2713 754 2768 praecipis‚
786 2712 889 2768 quid
918 2712 1156 2754 defendam.
1188 2727 1272 2769 ego
1304 2714 1433 2770 enim,
1466 2722 1540 2771 tel

70 2768 325 2823 disputante,
366 2767 466 2823 quid
506 2780 651 2810 contra
686 2769 886 2818 dicerem,
923 2783 1093 2810 mecum
1131 2769 1220 2825 ipse
1258 2770 1508 2821 meditabar,

71 2839 207 2880 neque
229 2835 314 2866 tam
336 2823 553 2865 refellendi
580 2826 642 2866 tui
672 2838 812 2875 causa,
843 2840 971 2881 quam
1001 2840 1064 2877 ea,
1094 2841 1190 2882 quae
1219 2823 1358 2867 minus
1382 2825 1509 2867 intel-

71 2881 275 2937 ligebam,
307 2880 559 2937 requirendi.
620 2881 733 2924 Cum
772 2889 914 2923 autem
952 2896 1030 2926 suo
1065 2882 1218 2940 cuique
1249 2881 1415 2941 judicio
1452 2881 1510 2933 sit

733 2936 832 2993 sig
