1778 3095
242 126 319 162 246
583 129 841 169 TUSCUL.
873 130 1312 171 QUAESTIONUM

347 244 509 282 Romulus
525 246 560 282 in
579 247 658 284 caelo
676 261 749 284 cum
765 247 829 285 diis
847 249 922 298 agit
940 263 1070 292 (evum,

241 340 289 372 ut
308 331 430 372 famae
453 332 683 374 assentiens
711 332 816 374 dixit
844 333 1033 374 Ennius:
1064 342 1106 374 et
1133 332 1246 388 apud
1276 332 1465 381 Graecos,
1497 330 1676 388 indeque

240 388 456 444 perlapsus
477 388 530 429 ad
552 404 642 439 nos,
664 398 707 430 et
728 404 860 444 usque
885 389 938 430 ad
967 390 1187 431 Oceanum
1219 388 1441 438 Hercules,
1474 396 1615 428 tantus
1634 397 1677 429 et

241 453 327 485 tam
349 459 532 499 praesens
551 446 732 487 habetur
764 446 881 486 deus.
913 446 1010 486 hinc
1043 446 1169 486 Liber
1201 445 1319 495 deus,
1349 443 1514 485 Semele
1539 452 1676 494 natus,

240 501 475 556 eademque
510 503 633 542 famae
666 503 909 543 celebritate
939 501 1192 557 Tyndaridae
1224 502 1400 543 fratres:
1432 502 1503 556 qui
1539 509 1577 533 ⁵0
1592 514 1676 541 non

239 557 368 598 modo
390 558 605 613 adjutores
626 559 666 599 in
689 558 846 613 proeliis
866 558 1049 598 victoriae
1070 558 1217 614 populi
1238 557 1431 607 Romani,
1454 557 1527 597 sed
1547 557 1673 598 etiarn

239 614 375 655 nuntii
410 615 538 655 fuisse
569 615 855 669 perhibentur.
915 614 1062 656 Quid?
1098 615 1191 665 Ino,
1224 614 1377 656 Cadmi
1406 613 1505 664 filia,
1536 627 1677 654 nonne

240 671 486 712 Leucothea
516 670 731 711 nominata
765 685 789 710 a
821 670 998 721 Graecis,
1028 671 1201 712 Matuta
1230 671 1411 712 habetur
1437 685 1461 710 a
1491 669 1675 710 nostris?

242 727 377 783 quid?
430 737 567 768 totum
608 741 739 782 prope
779 726 946 777 caelum,
992 742 1045 767 ne
1085 727 1225 781 plures
1265 741 1505 782 persequar,
1541 739 1679 767 nonne

165 777 429 824 13human0
459 797 614 838 genere
646 782 906 837 completum
929 785 1021 824 est?
1055 783 1099 824 Si
1129 798 1225 824 vero
1255 784 1429 824 scrutari
1458 792 1610 832 vetera,
1637 791 1681 823 et

179 850 230 891 29
242 855 292 881 ex
315 839 379 880 his
401 855 464 890 ea,
485 855 579 895 quae
598 848 633 871 ⁵1
650 840 874 895 scriptores
895 840 1035 881 Graeci
1054 839 1344 895 prodiderunt,
1363 854 1509 880 eruere
1529 853 1679 880 coner:

241 897 321 952 ipsi
354 896 431 947 illi,
466 896 677 951 majorum
710 896 904 951 gentium
936 896 994 937 dii
1024 896 1095 952 qui
1130 896 1353 947 habentur,
1380 896 1478 936 hinc
1505 911 1530 936 a
1559 895 1681 936 nobis

241 953 422 1008 profecti
463 952 504 993 in
545 953 696 993 caelum
736 953 1010 1008 reperientur.
1069 953 1241 1009 Quaere,
1280 967 1460 1009 quorum
1503 952 1682 993 demon-

241 1017 426 1051 strantur
447 1010 637 1065 sepulcra
659 1010 700 1050 in
723 1009 914 1050 Graecia:
946 1009 1226 1060 reminiscere,
1255 1009 1453 1065 quoniam
1475 1023 1519 1049 es
1541 1008 1681 1048 initia-

242 1074 326 1116 tus,
366 1074 404 1097 ⁵2
419 1081 514 1122 quae
550 1066 772 1107 traduntur
805 1065 1039 1122 mysteriis:
1071 1074 1164 1106 tum
1200 1066 1395 1121 denique,
1433 1080 1559 1121 quam
1597 1063 1681 1105 hoc

241 1122 327 1163 late
347 1131 504 1178 pateat,
525 1122 748 1178 intelliges.
808 1122 893 1163 Sed
924 1122 997 1178 qui
1033 1121 1225 1162 nondum
1255 1136 1318 1173 ea,
1355 1130 1391 1154 53
1407 1137 1501 1177 quae
1535 1120 1681 1161 multis

241 1188 340 1234 post
379 1179 496 1219 annis
536 1179 704 1220 tractari
737 1178 973 1233 caepissent,
1009 1177 1186 1233 physica
1216 1177 1474 1228 didicissent,
1514 1186 1681 1218 tantum

241 1235 321 1280 sibi
342 1244 647 1291 persuaserant,
678 1244 882 1290 quantum
912 1242 1061 1274 natura
1086 1233 1341 1275 admonente
1369 1242 1682 1288 cognoverant:

241 1292 438 1342 rationes,
472 1298 516 1332 et
550 1305 696 1332 causas
728 1305 866 1331 rerum
904 1304 988 1331 non
1026 1290 1253 1330 tenebant:
1296 1289 1391 1330 visis
1427 1288 1681 1345 quibusdam

242 1362 354 1403 saepe
384 1348 674 1397 movebantur,
714 1347 863 1402 hisque
888 1346 1070 1388 maxime
1105 1346 1336 1396 nocturnis,
1366 1355 1415 1387 ut
1446 1345 1683 1387 viderentur

178 1404 284 1454 30ii,
325 1404 398 1460 qui
435 1404 519 1445 vita
557 1413 833 1453 excesserant,
866 1403 1013 1445 vivere.
1075 1412 1114 1435 ⁵4
1130 1404 1192 1444 Ut
1229 1417 1357 1459 porro
1396 1402 1682 1443 firmissimum

197 1460 230 1490 b.
243 1460 325 1501 hoc
346 1460 484 1501 afferri
504 1460 684 1511 videtur,
705 1475 780 1501 cur
798 1459 900 1502 deos
932 1474 1023 1501 esse
1050 1459 1285 1510 credamus,
1307 1458 1423 1515 quod
1443 1459 1559 1500 nulla
1578 1473 1683 1514 gens

240 1526 329 1558 tam
363 1517 465 1567 fera,
503 1531 630 1558 nemo
664 1517 855 1557 omnium
890 1526 975 1557 tam
1013 1516 1067 1557 sit
1095 1516 1305 1567 immanis,
1343 1514 1465 1572 cujus
1496 1523 1683 1556 mentem

241 1589 327 1615 non
347 1574 547 1615 imbuerit
569 1573 745 1614 deorum
776 1573 934 1627 opinio.
966 1572 1089 1613 multi
1122 1572 1175 1613 de
1202 1572 1281 1613 diis
1312 1586 1436 1627 prava
1466 1572 1684 1622 sentiunt;

240 1631 283 1671 id
305 1631 416 1671 enim
439 1630 590 1671 vitioso
611 1643 729 1670 more
756 1629 863 1669 effici
897 1628 1031 1670 solet:
1064 1643 1210 1669 omnes
1241 1638 1383 1669 tamen
1413 1642 1504 1669 esse
1533 1628 1615 1669 vim
1642 1636 1686 1669 et

242 1695 436 1728 naturam
458 1687 640 1728 divinam
672 1686 939 1727 arbitrantur.
973 1696 1010 1720 5⁵
1025 1700 1101 1726 nec
1139 1699 1233 1726 vero
1266 1685 1308 1726 id
1338 1684 1569 1726 collocutio
1604 1685 1684 1726 ho·

241 1743 422 1794 minum,
444 1752 517 1784 aut
538 1757 767 1784 consensus
788 1742 927 1783 effecit
947 1759 956 1781 τ
990 1757 1073 1782 non
1099 1741 1301 1783 institutis
1333 1741 1476 1795 opinio
1497 1750 1561 1782 est
1580 1756 1685 1783 con-

243 1800 422 1850 firmata,
442 1815 527 1841 non
547 1799 728 1855 legibus.
788 1798 917 1840 Omni
938 1808 1079 1839 autem
1109 1799 1150 1838 in
1180 1813 1224 1838 re
1254 1797 1474 1838 consensio
1492 1798 1685 1840 omnium

242 1856 451 1912 gentium,
471 1856 538 1897 lex
559 1864 716 1897 naturae
737 1855 926 1910 putanda
945 1865 1022 1895 est.
1046 1854 1139 1910 quis
1167 1863 1231 1895 est
1250 1854 1394 1909 igitur,
1416 1853 1489 1909 qui
1508 1869 1684 1896 suorum

243 1922 427 1954 mortem
450 1913 633 1968 primum
655 1927 740 1953 non
760 1926 811 1952 eo
828 1912 987 1967 lugeat,
1015 1910 1131 1966 quod
1158 1924 1231 1951 eos
1261 1911 1433 1951 orbatos
1451 1909 1546 1952 vitae
1565 1925 1684 1952 com-

245 1969 383 2010 modis
422 1970 684 2011 arbitretur?
737 1968 858 2009 Tolle
908 1968 1015 2008 hanc
1063 1967 1303 2022 opinionem
1326 1984 1335 2007 :
1386 1966 1550 2008 luctum
1591 1982 1685 2008 sus-

245 2026 407 2067 tuleris.
430 2041 555 2067 nemo
577 2025 688 2066 enim
711 2034 855 2065 maeret
879 2039 956 2065 suo
978 2023 1267 2065 incommodo.
1290 2030 1329 2055 ⁵6
1346 2023 1490 2065 dolent
1507 2024 1685 2066 fortasse

244 2092 287 2123 et
306 2092 546 2138 anguntur:
580 2082 650 2123 sed
669 2081 742 2123 illa
761 2081 953 2136 lugubris
982 2079 1244 2132 lamentatio,
1265 2080 1470 2136 fletusque
1490 2095 1684 2133 maerens,

246 2153 297 2180 ex
317 2154 369 2180 eo
388 2149 466 2189 est,
484 2138 599 2195 quod
618 2153 730 2189 eum,
753 2152 879 2193 quem
901 2137 1140 2188 dileximus,
1168 2137 1263 2178 vitae
1289 2136 1528 2178 commodis
1549 2137 1683 2193 priva-

292 2304 331 2326 50
368 2306 422 2323 non
462 2294 540 2323 modo
580 2293 817 2334 adjutores—sed
856 2292 944 2322 etiam
989 2302 1054 2321 non
1071 2298 1116 2322 est
1129 2292 1214 2330 quod
1237 2291 1314 2321 huic
1335 2297 1368 2320 ut
1390 2292 1584 2331 respondeat.
1601 2293 1685 2323 unde

246 2336 360 2375 nuncii]
387 2338 437 2367 Sc.
461 2338 493 2367 in
517 2337 600 2367 bello
625 2337 834 2367 Macedonico
856 2336 943 2366 11.v.
991 2336 1072 2364 mihi
1105 2333 1137 2362 τὸ
1166 2341 1199 2363 ut
1230 2340 1415 2373 suspectum
1449 2344 1574 2373 semper
1611 2336 1684 2372 fuit,

249 2382 330 2412 Flor.
344 2382 388 2417 11,
409 2388 456 2411 12.
471 2388 500 2410 et
518 2381 558 2410 ibi
574 2381 716 2410 Freinsh.
989 2378 1160 2417 putavique
1189 2387 1244 2416 pro
1274 2387 1312 2407 eo
1340 2384 1372 2405 a!
1401 2387 1467 2407 esse
1498 2377 1685 2417 legendum,

293 2432 329 2454 51
355 2424 502 2462 scriptores
529 2422 645 2461 Graeci]
669 2423 774 2461 Vulgo
793 2420 944 2451 Graeciae:
989 2422 1075 2460 quod
1099 2427 1129 2450 et
1154 2421 1311 2450 Lambino
1335 2420 1367 2450 in
1395 2427 1537 2451 mentem
1563 2422 1686 2452 venisse

248 2468 335 2506 quod
359 2468 510 2505 corrigere
531 2476 597 2496 non
622 2466 777 2501 dubitavi,
800 2473 877 2493 cum
900 2464 945 2493 sic
989 2464 1050 2493 vidi
1067 2475 1076 2501 ;
1100 2464 1153 2493 sed
1170 2463 1254 2493 idem
1269 2474 1338 2492 vero
1359 2472 1414 2503 pro
1423 2469 1521 2503 porro.
1566 2464 1627 2494 Sed
1643 2465 1686 2495 ita

248 2510 336 2549 loqui
363 2509 473 2539 Cicero
498 2519 562 2538 non
587 2508 696 2539 soleat.
723 2506 825 2538 (ἶνα-εἱ
851 2507 947 2536 habet
988 2507 1221 2545 argumentatio
1234 2506 1322 2545 perit.

250 2553 315 2582 Ms.
333 2551 440 2582 Guelf.
1034 2557 1071 2579 55
1096 2560 1145 2577 nec
1156 2560 1225 2578 vero
1237 2546 1412 2588 id—efficit]
1424 2548 1552 2579 Correxi
1568 2549 1686 2589 ffrcit:

295 2602 332 2625 52
357 2605 423 2635 quae
440 2591 608 2632 traduntur]
628 2593 679 2622 Sic
700 2592 769 2621 edd.
794 2592 855 2621 fere
870 2598 945 2621 vett.
989 2591 1126 2630 postulat
1150 2602 1196 2622 res
1220 2600 1249 2621 et
1271 2592 1302 2620 in
1327 2593 1376 2621 ed.
1400 2597 1461 2620 vet.
1486 2593 1597 2630 reperit
1622 2592 1685 2622 Bu-

249 2639 347 2668 etiam
364 2639 396 2667 in
413 2637 477 2666 Ms.
495 2643 653 2675 repertum
664 2641 726 2664 est:
752 2635 821 2664 ferri
838 2641 945 2665 tamen
990 2635 1107 2664 herlus.

250 2680 418 2719 vulgatum
443 2687 558 2718 posset,
583 2679 607 2708 si
635 2685 665 2708 et
687 2685 759 2707 ante
784 2677 872 2707 fieret
899 2677 946 2706 de·
1035 2682 1073 2707 56
1097 2676 1191 2705 dolent
1203 2675 1347 2716 fortasse]
1374 2675 1439 2705 Cur
1450 2675 1582 2715 fizrtasse
1603 2676 1637 2706 in
1654 2686 1685 2707 re

250 2729 451 2754 monstrentur.
991 2720 1126 2749 minime
1149 2720 1271 2749 dubia?
1298 2718 1398 2748 Credo
1423 2728 1489 2748 esse
1512 2719 1683 2751 vitiosum:

294 2773 331 2797 53
356 2775 422 2807 quae
453 2776 491 2793 m.
517 2770 550 2803 p.
576 2776 604 2793 a.
634 2763 758 2792 tractari
782 2760 941 2802 caepissent]
988 2763 1216 2792 correctionem
1242 2761 1437 2802 probabilem
1465 2771 1523 2791 nec
1547 2762 1612 2801 ipse
1638 2771 1683 2792 re-

249 2809 433 2848 Lege-ndum
449 2815 527 2846 puto
542 2813 697 2847 coeperunt.
989 2806 1066 2846 peri,
1083 2815 1143 2837 nec
1159 2805 1224 2843 alii,
1241 2804 1485 2836 destituentibus
1502 2804 1599 2836 libris.

293 2859 331 2883 54
359 2851 399 2881 Ut
414 2857 501 2890 porro
512 2850 561 2890 fir
624 2850 653 2878 Ιι.
675 2861 703 2879 a.
727 2847 774 2888 w]
801 2848 840 2879 In
859 2857 945 2887 seqq.
