1778 3095
233 133 307 165 184
532 128 604 166 DE
633 129 789 167 FINIB.
819 130 1016 168 BONOR.
1047 131 1114 168 ET
1140 131 1350 169 MALOR.

153 234 372 290 13partes
393 235 528 278 beatae
548 238 657 279 vitae.
715 239 863 295 Atqui,
886 240 934 290 si,
955 247 1002 280 ut
1031 239 1248 280 convenire
1279 239 1407 280 debet
1435 239 1542 281 inter
1568 255 1660 292 nos,

168 308 220 340 32
233 298 297 332 est
317 293 512 347 quaedam
531 295 736 350 appetitio
757 296 955 337 naturalis
985 310 1047 345 ea,
1080 310 1172 351 quae
1203 296 1432 337 seeundum
1465 306 1656 338 naturam

187 356 219 387 b.
232 358 343 399 sunt,
365 359 594 405 appetens:
625 365 772 393 eorum
804 352 993 393 omnium
1023 360 1085 392 est
1112 351 1250 407 aliqua
1270 367 1434 393 summa
1456 353 1658 395 facienda.

231 419 317 461 quo
339 407 585 457 constituto,
616 416 708 448 tum
738 409 881 449 licebit
911 408 1045 449 otiose
1075 408 1153 449 ista
1182 424 1382 464 quaerere,
1413 409 1464 450 de
1495 410 1660 465 magni-

228 462 375 503 tudine
397 478 551 515 rerum,
572 464 623 504 de
649 465 907 515 excellentia,
936 473 1093 520 quanta
1121 465 1161 505 in
1191 481 1360 522 quoque
1391 466 1443 506 sit
1463 465 1515 506 ad
1538 466 1660 507 beate

227 518 463 569 vivendum,
493 521 545 561 de
582 522 669 561 istis
704 522 804 576 ipsis
837 521 1216 573 obscurationibus,
1247 538 1340 577 quae
1371 533 1544 578 propter
1571 523 1659 563 exi-

228 575 436 631 guitatem
459 577 538 627 vix,
559 587 633 618 aut
655 591 704 617 ne
726 579 788 618 vix
810 577 979 632 quidem
1002 587 1239 632 appareant.

286 632 418 688 Quid,
451 634 502 674 de
535 649 620 689 quo
656 633 771 674 nulla
804 634 1006 674 dissensio
1043 636 1134 675 est?
1167 649 1292 676 nemo
1325 635 1434 676 enim
1471 644 1548 685 est,
1584 635 1657 691 qui

228 687 349 729 aliter
383 689 547 740 dixerit,
575 690 673 744 quin
706 691 896 731 omnium
927 700 1168 732 naturarum
1203 691 1338 732 simile
1372 701 1480 733 esset
1516 692 1573 743 id,
1605 692 1659 732 ad

228 745 344 798 quod
363 747 504 786 omnia
532 748 793 787 referuntur:
827 747 941 802 quod
971 756 1033 788 est
1061 748 1259 788 ultimum
1290 763 1424 789 rerum
1458 760 1659 805 appeten-

227 800 390 842 darum.
450 802 600 843 Omnis
623 804 734 844 enim
758 812 822 844 est
843 815 991 844 natura
1012 803 1189 859 diligens
1212 804 1288 845 sui.
1314 820 1407 860 quae
1438 816 1501 846 est
1531 806 1658 856 enim,

228 872 323 912 quae
345 872 388 898 se
408 874 612 914 umquam
642 859 818 910 deserat,
848 873 921 901 aut
949 871 1111 916 partem
1141 861 1324 916 aliquam
1356 862 1433 912 sui,
1463 871 1536 902 aut
1567 863 1658 917 ejus

226 913 356 968 partis
386 914 594 966 habitum,
623 926 696 957 aut
727 918 823 967 vim,
854 927 927 958 aut
956 918 1082 958 ullius
1113 931 1256 959 earum
1286 932 1440 967 rerum,
1471 934 1564 974 quae
1592 933 1656 958 se-

226 970 414 1011 cundum
436 981 629 1013 naturam
650 974 746 1023 sint,
766 983 838 1014 aut
866 984 1046 1024 motum,
1076 984 1149 1015 aut
1177 983 1332 1015 statum
1352 976 1365 1015 ?
1400 990 1494 1030 quae
1515 983 1657 1015 autem

227 1035 376 1068 natura
403 1042 488 1069 suae
522 1030 669 1084 primae
702 1030 975 1071 institutionis
1007 1031 1139 1071 oblita
1166 1032 1262 1074 est?
1304 1031 1417 1072 nulla
1451 1032 1657 1086 profect0‚

162 1092 211 1123 33
227 1083 329 1138 quin
347 1099 467 1126 suam
495 1086 577 1126 vim
609 1086 786 1127 retineat
815 1102 839 1127 a
868 1088 1004 1142 primo
1034 1088 1086 1128 ad
1117 1098 1366 1128 extremum.
1426 1088 1658 1144 Quomodo

226 1140 358 1194 igitur
385 1142 535 1192 evenit,
564 1151 611 1183 ut
646 1143 828 1184 hominis
864 1154 1012 1184 natura
1044 1144 1133 1184 sola
1162 1152 1285 1193 esset,
1316 1159 1410 1199 (μεθ
1440 1144 1654 1185 hominem

224 1196 492 1253 relinqueret,
520 1215 614 1255 quae
646 1200 957 1240 oblivisceretur
986 1200 1187 1255 corporiS‚
1219 1215 1312 1254 quae
1343 1215 1557 1240 summum
1579 1202 1658 1241 bo-

225 1268 327 1294 num
362 1270 445 1295 non
482 1256 524 1295 in
557 1265 648 1296 toto
685 1256 871 1306 homine,
904 1256 975 1296 sed
1010 1257 1050 1296 in
1088 1264 1204 1311 parte
1236 1256 1418 1296 hominis
1449 1259 1656 1311 poneret?

224 1311 463 1364 quomodo
494 1322 653 1362 autem,
675 1313 790 1367 quod
820 1312 899 1367 ipsi
930 1313 1055 1352 etiam
1086 1314 1284 1362 fatentur,
1316 1321 1564 1368 constatque
1594 1313 1660 1354 in-

223 1376 288 1406 ter
320 1381 483 1417 omnes,
517 1369 846 1419 conservabitur,
869 1375 907 1400 65
920 1377 967 1409 ut
1001 1369 1136 1409 simile
1167 1369 1220 1410 sit
1250 1369 1440 1409 omnium
1469 1369 1658 1411 naturale

221 1421 326 1463 illud
349 1423 563 1474 ultimum,
585 1425 636 1465 de
666 1440 751 1480 quo
782 1425 1018 1481 quaeritur?
1052 1435 1143 1466 tum
1173 1425 1283 1466 enim
1315 1434 1424 1467 esset
1453 1425 1602 1476 simile,
1624 1427 1658 1467 si

222 1477 267 1519 in
289 1480 437 1521 ceteris
460 1496 630 1537 quoque
662 1483 819 1523 naturis
851 1482 891 1522 id
922 1482 1074 1537 cuique
1104 1490 1214 1523 esset
1243 1482 1457 1532 ultimum,
1479 1483 1594 1537 quod
1616 1483 1658 1524 in

224 1550 393 1592 quaque
424 1538 659 1578 excelleret.
691 1538 773 1578 tale
810 1539 920 1578 enim
956 1539 1089 1579 visum
1123 1547 1232 1579 esset
1261 1538 1460 1579 ultimum
1490 1539 1658 1580 Stoico-

160 1597 334 1633 34rum.
392 1594 509 1650 Quid
540 1594 710 1635 dubitas
744 1595 874 1649 igitur
903 1603 1066 1635 mutare
1097 1595 1299 1650 principia
1328 1596 1522 1636 naturae?
1556 1596 1658 1651 quid

223 1649 335 1690 enim
366 1649 486 1701 dicis,
517 1665 642 1691 omne
674 1651 843 1700 animal,
880 1651 1005 1692 simul
1042 1660 1166 1707 atque
1203 1652 1256 1692 sit
1284 1661 1442 1702 ortum,
1472 1652 1658 1707 applica-

222 1714 315 1747 tum
336 1721 426 1747 esse
445 1707 497 1747 ad
519 1722 562 1748 se
584 1707 845 1763 diligendum
868 1725 876 1748 :
909 1723 1082 1763 esseque
1099 1709 1139 1748 in
1157 1722 1201 1748 se
1223 1708 1507 1750 conservando
1528 1723 1658 1750 occu-

222 1771 369 1817 patum
388 1764 400 1802 ?
434 1764 535 1819 quin
556 1764 696 1819 potius
718 1764 776 1804 ita
806 1765 925 1814 dicis,
959 1779 1084 1805 omne
1113 1765 1265 1805 animal
1288 1765 1544 1820 applicatum
1567 1780 1657 1807 esse

223 1819 275 1859 ad
297 1819 355 1870 id,
379 1819 492 1875 quod
516 1821 557 1861 in
577 1835 628 1861 eo
649 1821 703 1861 sit
724 1821 949 1875 optimum,
981 1831 1022 1862 et
1053 1821 1092 1861 in
1125 1822 1215 1877 ejus
1246 1822 1369 1861 unius
1401 1831 1656 1877 occupatum

221 1889 312 1916 esse
332 1877 542 1928 custodia,
575 1877 647 1917 reli
680 1892 840 1933 uasque
870 1887 1039 1919 naturas
1072 1878 1174 1919 nihil
1205 1877 1318 1918 aliud
1350 1891 1492 1932 agere,
1512 1878 1591 1919 nisi
1609 1888 1658 1920 ut

220 1931 264 1972 id
283 1943 542 1985 conservent,
565 1893 680 1989 quoii
702 1934 744 1974 in
774 1949 940 1989 quaque
966 1934 1178 1989 optimum
1208 1935 1288 1975 sit?
1323 1949 1408 1989 quo
1429 1934 1559 1976 modo
1579 1949 1655 1976 au-

92 1997 309 2036 p.114.tem
332 1990 556 2044 optimum,
579 1991 793 2031 sibonum
826 2000 1028 2046 praeterea
1056 1991 1220 2031 nullum
1250 1993 1344 2032 est?
1377 1990 1411 2031 si
1431 1999 1571 2032 autem
1592 2006 1657 2032 re-

180 2044 335 2101 aliqua
363 2047 600 2101 appetenda
628 2057 739 2096 sunt,
771 2062 859 2098 cur,
890 2047 1004 2103 quod
1036 2056 1099 2088 est
1128 2047 1326 2088 ultimum
1354 2061 1494 2088 rerum
1529 2062 1655 2103 appe-

219 2102 457 2153 tendarum,
488 2103 530 2144 id
561 2118 644 2144 non
682 2112 755 2144 aut
789 2119 838 2144 ex
872 2105 1063 2145 omnium
1098 2119 1258 2154 earum,
1288 2111 1361 2144 aut
1384 2117 1436 2144 ex
1456 2104 1657 2159 plurima-

219 2173 329 2209 rum,
368 2169 411 2200 et
448 2161 725 2201 maximarum
764 2161 1023 2215 appetitione
1063 2161 1359 2202 concluditur?
1398 2169 1447 2201 ut
1489 2160 1656 2201 Phidias

218 2224 361 2270 potest
391 2222 466 2257 663
482 2217 620 2272 primo
651 2217 869 2258 instituere
897 2217 1081 2273 signum,
1108 2217 1235 2274 idque
1256 2217 1483 2272 perficere:
1514 2225 1657 2272 potest

218 2272 272 2312 ab
293 2272 376 2313 alio
397 2273 640 2315 inchoatum
664 2273 868 2328 accipere,
902 2284 945 2315 et
974 2274 1203 2315 absolvere.
1232 2273 1331 2315 huie
1362 2282 1426 2315 est
1455 2273 1658 2328 sapientia

219 2329 379 2370 similis.
400 2345 483 2371 non
504 2330 619 2371 enim
639 2331 729 2384 ipsa
750 2331 900 2385 genuit
920 2330 1153 2380 hominem,
1185 2330 1256 2371 sed
1284 2330 1447 2384 accepit
1465 2344 1490 2370 a
1507 2338 1658 2370 natura

217 2383 479 2427 inchoatum.
521 2387 629 2428 hanc
674 2386 858 2436 intuens,
906 2387 1034 2428 debet
1084 2387 1324 2428 institutum
1376 2385 1497 2437 illud,
1537 2386 1657 2441 quasi

155 2458 204 2490 35
220 2441 406 2496 signum,
448 2444 678 2484 absolvere.
738 2443 923 2485 Qualem
968 2443 1098 2498 igitur
1133 2453 1282 2484 natura
1326 2441 1543 2482 hominem
1591 2442 1656 2483 in-

218 2497 420 2539 choavit?
454 2508 497 2540 et
534 2500 651 2555 quod
684 2509 748 2540 est
776 2514 945 2550 munuS‚
982 2499 1096 2554 quod
1135 2514 1241 2554 opus
1275 2498 1519 2553 sapientiae?
1553 2498 1656 2554 quid

217 2562 297 2605 est,
317 2554 432 2610 quod
453 2556 506 2596 ab
528 2570 577 2596 ea
605 2556 764 2597 absolvi
795 2564 837 2597 et
864 2555 1007 2611 perfici
1034 2555 1212 2597 debeat?
1246 2555 1280 2596 si
1301 2555 1404 2596 nihil
1424 2555 1465 2596 in
1486 2569 1538 2596 eo
1557 2569 1656 2611 per—

260 2699 298 2723 65
323 2699 355 2722 u!
370 2691 462 2721 simile
484 2692 526 2721 sit'
544 2693 667 2721 omnium
691 2693 824 2722 naturale
836 2692 913 2721 illud
956 2701 1034 2722 cum
1050 2692 1178 2721 Dav-isio
1194 2691 1344 2730 corrigere
1367 2697 1502 2720 naturam
1525 2701 1580 2730 pro
1603 2703 1657 2721 na·

215 2736 271 2764 ulti
302 2734 363 2773 um]
378 2737 397 2765 i.
411 2745 438 2765 e.
456 2742 490 2765 ut
504 2736 645 2765 naturale
662 2735 739 2765 illud
756 2735 910 2766 ultimum
958 2734 1063 2764 rurale.

215 2780 340 2809 bonum
367 2779 493 2817 (dicitur
521 2778 667 2815 naturale,
694 2779 769 2819 quia
795 2786 841 2808 est
867 2788 914 2807 se-
1002 2783 1041 2808 66
1066 2777 1190 2817 aprima
1207 2775 1367 2816 instituere]
1382 2787 1411 2808 v.
1428 2787 1522 2818 supra
1537 2778 1576 2808 ad
1593 2777 1654 2815 111,

214 2822 360 2853 cundum
377 2819 538 2859 naturam)
558 2822 597 2853 sit
612 2822 645 2852 in
662 2822 813 2851 omnibus
828 2822 914 2851 idem
959 2829 988 2854 9.

213 2874 337 2906 semper
354 2865 411 2895 sibi
427 2864 542 2895 simile.
563 2865 670 2904 itaque
691 2875 757 2895 non
773 2874 852 2905 opus
868 2870 915 2895 est
