1778 3095
590 78 772 115 LIBER
799 74 1076 114 TERTIUS.
1479 75 1556 117 307

120 184 388 238 confidendo,
409 186 525 242 quod
547 186 680 227 laudis
699 194 776 226 est.
801 184 873 240 qui
901 191 1043 224 autem
1064 188 1128 221 est
1149 179 1293 229 fidens,
1313 179 1347 220 is
1366 180 1559 234 profecto

120 257 207 283 non
224 244 471 285 extimescit.
492 242 701 297 discrepat
719 242 831 282 enim
851 255 875 281 a
894 238 1101 288 timendo,
1123 235 1351 277 confidere.
1373 245 1412 268 24
1429 246 1557 292 atque

120 298 164 339 in
185 315 312 355 quem
335 299 446 341 cadit
470 299 696 354 aegritudo,
718 298 760 338 in
781 297 964 338 eundem
985 296 1126 337 timor.
1157 307 1333 348 quarum
1357 293 1469 332 enim
1490 308 1556 333 re-

121 370 216 396 rum
238 356 458 412 praesentia
475 370 620 396 sumus
641 356 684 396 in
705 354 966 410 aegritudine,
987 351 1157 392 easdem
1188 348 1491 404 impendentes,
1513 359 1556 390 et

121 413 331 453 venientes
352 413 564 453 timemus.
594 412 653 453 ita
675 412 733 462 fit,
755 422 803 452 ut
822 408 1060 451 fortitudini
1092 406 1301 462 aegritudo
1332 415 1555 460 repugnet.

121 469 343 510 verisimile
363 478 427 509 est
447 468 591 524 igitur,
612 469 654 509 in
677 483 802 524 quem
825 467 946 508 cadat
973 465 1198 520 aegritudo⁷
1217 463 1367 504 cadere
1388 464 1431 502 in
1452 475 1555 502 eun-

122 524 220 565 dem
252 525 462 575 timorem,
483 534 525 566 et
545 534 583 558 25
600 525 892 566 infractionem
927 522 1138 579 quandam
1167 520 1310 569 animi,
1330 527 1372 559 et
1402 519 1557 560 demis-

122 581 297 622 sionem.
323 597 417 637 quae
438 582 479 622 in
501 596 628 637 quem
647 582 819 631 cadunt,
841 581 881 620 in
902 578 1083 620 eundem
1113 577 1228 618 cadit
1257 585 1303 616 ut
1325 576 1487 626 serviat,
1506 585 1555 616 ut

119 638 276 677 victum
298 652 341 678 se
368 638 623 694 quandoque
644 645 683 670 ‘26
697 653 788 679 esse
818 638 1012 678 fateatur.
1045 649 1139 690 quae
1169 634 1241 689 qui
1267 633 1429 688 recipit,
1449 633 1555 673 reci-

120 693 210 748 piat
229 693 340 734 idem
362 709 529 736 necesse
560 707 624 737 est
654 695 939 743 timiditatem,
960 702 1003 733 et
1032 691 1255 747 ignaviam.
1288 705 1371 730 non
1399 689 1557 730 cadunt

121 757 265 791 autem
294 751 385 792 haec
407 751 449 792 in
469 753 601 793 virum
633 753 802 793 fortem.
833 751 964 806 igitur
984 762 1036 789 ne
1057 747 1266 804 aegritudo
1296 747 1482 803 quidem.
1515 754 1559 787 at

122 821 249 848 nemo
284 808 463 863 sapiens,
486 809 563 849 nisi
593 809 726 850 fortis.
785 809 887 849 Non
918 806 1031 847 cadit
1052 820 1156 860 ergo
1176 805 1218 844 in
1238 805 1468 859 sapientem
1500 818 1557 843 ae-

120 863 308 918 gritudO.
371 866 572 906 Praeterea
606 880 775 906 necesse
807 875 885 915 est,
916 863 988 919 qui
1018 863 1138 903 fortis
1168 861 1235 911 sit,
1257 861 1438 901 eundem
1469 866 1601 900 esseb.

122 921 269 976 magni
299 922 456 963 animi:
488 923 560 978 qui
592 923 740 978 magni
769 921 897 962 animi
929 920 996 970 sit,
1021 919 1250 960 invictum:
1282 917 1355 973 qui
1383 915 1620 958 invictus15

123 976 191 1027 sit,
213 991 311 1019 eum
334 993 397 1019 res
423 978 628 1020 humanas
658 979 885 1035 despicere,
906 987 1033 1033 atque
1064 976 1171 1016 infra
1201 990 1243 1015 se
1272 974 1428 1029 positas
1449 973 1560 1015 arbi-

122 1034 238 1075 trari.
269 1035 485 1091 despicere
506 1044 649 1077 autem
671 1051 795 1077 nemo
820 1043 962 1090 potest
991 1048 1060 1074 eas
1091 1047 1169 1082 res,
1191 1041 1362 1087 propter
1380 1046 1483 1087 quas
1507 1046 1563 1071 ae-

121 1090 342 1145 gritudine
363 1093 469 1134 affici
490 1102 646 1148 potest.
666 1108 717 1134 ex
738 1107 824 1148 quo
845 1091 1036 1141 efficitur,
1057 1090 1211 1130 fortem
1231 1088 1366 1129 virum
1388 1088 1562 1143 aegritu-

124 1146 224 1188 dine
261 1164 495 1205 numquam
528 1150 650 1191 affici.
683 1163 829 1191 omnes
864 1157 1006 1189 autem
1041 1147 1265 1201 sapienteS,
1299 1145 1445 1186 fortes.
1478 1159 1563 1185 non

124 1204 240 1245 cadit
262 1205 391 1260 igitur
420 1207 462 1247 in
491 1208 723 1262 sapientem
750 1205 974 1261 aegritudo.
1005 1212 1048 1244 et
1077 1201 1439 1258 quemadmodum
1459 1215 1565 1242 ocu-

124 1259 192 1301 lus
213 1263 504 1313 conturbatus,
526 1278 611 1304 non
632 1273 697 1305 est
717 1264 850 1318 probe
880 1262 1053 1302 affectus
1073 1260 1126 1300 ad
1148 1274 1271 1300 suum
1293 1273 1446 1299 munus
1467 1259 1566 1299 fun-

125 1317 346 1372 gendum:
375 1328 417 1360 et
450 1320 621 1375 reliquae
654 1329 809 1376 partes,
831 1327 1020 1359 totumve
1050 1331 1203 1372 corpus
1235 1324 1348 1356 statu
1378 1330 1478 1356 cum
1503 1325 1568 1356 est

127 1383 311 1427 motum,
348 1375 468 1417 deest
500 1377 639 1417 officio
670 1392 746 1417 suo
782 1384 825 1416 et
855 1374 1047 1415 muneri:
1081 1373 1138 1414 sic
1169 1373 1448 1413 conturbatus
1476 1371 1564 1412 ani-

126 1445 238 1480 muS‚
270 1446 356 1472 non
386 1442 452 1473 est
481 1442 603 1488 aptus
634 1433 687 1473 ad
718 1431 1028 1486 exsequendum
1064 1444 1217 1471 munus
1243 1444 1381 1469 suum.
1412 1443 1568 1469 munus

126 1495 270 1527 autem
301 1488 430 1529 animi
461 1499 538 1540 est,
570 1490 731 1530 ratione
762 1490 867 1529 bene
898 1489 987 1528 uti:
1019 1495 1063 1528 et
1092 1486 1290 1541 sapientis
1320 1486 1485 1526 animus
1510 1485 1570 1526 ita

128 1557 295 1599 semper
314 1545 489 1586 affectus
507 1554 584 1597 est,
606 1556 654 1587 ut
674 1546 833 1587 ratione
854 1545 1014 1600 optime
1045 1552 1202 1584 utatur.
1234 1557 1466 1597 numquam
1487 1542 1570 1598 igi-

126 1607 198 1641 tur
218 1609 282 1641 est
302 1602 587 1656 perturbatus.
619 1612 662 1644 at
683 1601 907 1657 aegritudo,
929 1600 1191 1656 perturbatio
1212 1607 1275 1640 est
1295 1599 1437 1639 animi.
1460 1613 1570 1639 sem-

126 1671 202 1712 per
234 1657 366 1713 igitur
395 1673 445 1700 ea
476 1660 641 1715 sapiens
671 1659 848 1700 vacabit.
907 1657 1009 1699 Veri
1041 1656 1169 1697 etiam
1200 1656 1337 1696 simile
1365 1655 1470 1696 illud
1489 1660 1615 1708 est,8

128 1714 202 1769 qui
235 1715 289 1755 sit
319 1724 573 1771 temperans,
604 1731 732 1772 quem
767 1715 907 1756 Graeci
937 1714 1103 1770 σώφρονα
1136 1713 1363 1769 appellant,
1391 1727 1568 1768 eamque
1586 1729 1633 1767 16

129 1770 328 1812 virtutem
350 1774 576 1828 σωφροσύνην
595 1783 760 1823 vocant,
782 1787 909 1828 quam
932 1771 1049 1812 soleo
1070 1770 1269 1826 equidem
1291 1779 1383 1811 tum
1403 1778 1569 1825 tempe-

129 1828 324 1878 rantiam,
355 1838 447 1870 tum
478 1830 814 1871 moderationem
846 1828 1071 1884 appellare,
1091 1842 1413 1883 nonnumquam
1442 1827 1570 1868 etiam

130 1884 383 1926 modestiam
403 1903 412 1926 ε
442 1886 515 1927 sed
546 1886 660 1928 haud
692 1886 795 1937 scio,
817 1901 868 1926 an
900 1894 1013 1926 recte
1033 1899 1083 1925 ea
1102 1884 1231 1925 virtus
1254 1884 1475 1940 frugalitas
1497 1898 1570 1939 ap-

130 1940 279 1995 pellari
298 1943 446 1997 possit,
470 1943 586 1998 quod
617 1944 838 1998 angustius
868 1941 981 1997 apud
1003 1942 1178 1982 Graecos
1199 1941 1307 1982 valet
1327 1960 1336 1983 :
1367 1942 1437 1997 qui
1459 1940 1573 1996 frugi

132 1998 326 2039 homines
354 1999 560 2054 χρησίμους
590 2000 818 2055 appellant,
849 1999 893 2040 id
923 2008 1000 2050 est,
1029 1998 1329 2039 tantummodo
1361 1998 1500 2039 utiles.
1531 2007 1575 2039 at

131 2053 237 2095 illud
258 2064 322 2096 est
342 2055 483 2097 latius.
516 2064 552 2092 Ω7
569 2072 740 2097 omnem
772 2057 883 2097 enim
915 2055 1227 2106 abstinentiam,
1250 2069 1421 2095 omnem
1453 2056 1575 2095 inno-

132 2111 315 2152 centiam
341 2114 451 2168 (quae
485 2114 598 2169 apud
620 2115 794 2154 Graecos
826 2113 1029 2154 usitatum
1051 2126 1205 2152 nomen
1234 2112 1398 2153 nullum
1430 2112 1574 2162 habet,

133 2168 208 2209 sed
228 2168 383 2209 habere
404 2178 547 2224 potest
565 2169 781 2211 άὲλάὲειαν.
813 2184 908 2210 nam
930 2179 994 2210 est
1015 2169 1269 2220 innocentia,
1291 2169 1458 2210 affectio
1480 2168 1576 2210 talis

134 2225 278 2276 animi,
299 2241 393 2281 quae
415 2236 564 2268 noceat
592 2227 764 2280 nemini)
789 2226 971 2281 reliquas
1002 2226 1129 2266 etiam
1160 2225 1333 2266 virtutes
1355 2225 1576 2281 frugalitas

133 2282 338 2323 continet.
370 2298 464 2338 quae
485 2284 563 2325 nisi
583 2292 700 2325 tanta
729 2292 853 2334 esset,
873 2291 916 2323 et
936 2282 970 2323 si
989 2281 1038 2322 iis
1061 2283 1281 2338 angustiis,
1304 2282 1456 2337 quibus
1487 2282 1577 2337 ple-

134 2338 255 2395 rique
289 2347 454 2394 putant,
485 2349 712 2391 teneretur,
740 2354 973 2395 numquam
1007 2348 1117 2380 esset
1147 2340 1196 2379 L.
1222 2339 1380 2380 Pisonis
1411 2353 1578 2395 cogno-

136 2410 235 2436 men
267 2404 489 2452 tantopere
520 2397 757 2438 laudatum.
818 2396 901 2437 Sed
937 2395 1036 2452 quia
1066 2410 1143 2436 nec
1172 2395 1259 2451 qui,
1286 2404 1462 2451 propter
1490 2406 1641 2447 me÷17

137 2460 245 2503 tum,
267 2454 510 2508 praesidium
531 2454 716 2510 reliquit,
738 2454 853 2510 quod
874 2463 938 2494 est
959 2452 1136 2508 ignaviae
1153 2468 1166 2504 3
1199 2466 1275 2494 nec
1297 2453 1384 2509 qui,
1406 2462 1580 2509 propter
1594 2468 1624 2495 ι)-
1645 2463 1713 2490 194.

1594 2510 1623 2531 a·

181 2572 222 2596 24
238 2572 326 2607 atque
341 2565 371 2595 in
386 2578 414 2608 q.
430 2577 454 2596 c.
471 2565 527 2608 ae.]
548 2567 634 2597 Quia
648 2574 695 2597 est
714 2576 838 2597 assum·
926 2572 967 2597 26
984 2577 1040 2596 esse
1043 2564 1199 2607 fateatur]
1218 2576 1273 2594 esse
1288 2565 1462 2595 delendum
1479 2573 1568 2604 puto.

138 2608 194 2646 tio,
211 2609 358 2639 Davisius
383 2619 399 2638 e
423 2609 502 2640 Mss.
519 2610 645 2649 corrigit
667 2611 763 2652 atqui.
785 2611 839 2640 be·
927 2616 964 2644 27
995 2620 1101 2638 omnem
1129 2609 1204 2638 enim
1229 2608 1448 2644 abstinentiam,
1476 2620 1584 2637 omnem

141 2661 193 2682 ne.
886 2652 1075 2682 innocentiam
1092 2650 1166 2691 &c.]
1192 2651 1298 2691 Vulgo
1321 2660 1368 2681 est
1389 2651 1475 2680 omnis
1493 2663 1516 2680 e.
1534 2651 1586 2680 ab·

185 2701 223 2724 25
241 2694 442 2735 infractionem
465 2695 610 2736 quandam
626 2695 732 2734 animi]
751 2707 842 2737 quan·
886 2695 1037 2732 stinenria,
1055 2695 1143 2725 omnis
1159 2694 1320 2724 innocentia
1334 2706 1343 2723 .·
1361 2695 1446 2733 quod
1462 2695 1517 2733 qui
1534 2696 1586 2724 de-

142 2735 209 2765 dam
224 2747 278 2776 pro
293 2738 423 2778 vulgato
439 2738 559 2779 quidam
574 2739 735 2769 Davisius.
750 2740 843 2769 bene.
887 2739 1036 2775 sendum,
1053 2737 1248 2767 ἀνακόλουθον
1263 2738 1440 2768 orationem
1461 2747 1526 2766 esse
1542 2737 1587 2766 di-

142 2780 186 2809 sic
212 2779 316 2818 plures
344 2782 423 2814 Mss.
450 2781 547 2812 etiam
579 2782 687 2814 Guelf.
714 2789 744 2812 et
773 2783 843 2813 edd.
888 2788 980 2818 cunt,
1004 2789 1128 2821 propter
1150 2781 1367 2821 parenthesin.
1412 2780 1472 2809 Sed
1494 2781 1524 2809 id
1543 2786 1589 2810 est

146 2828 221 2854 vett.
846 2859 848 2862 y
887 2825 1008 2854 durum
1025 2826 1057 2856 h.
1073 2824 1096 2856 l.
1112 2831 1240 2855 secutus
1256 2833 1330 2854 sum
1347 2822 1525 2860 Davisiurn.

882 2878 965 2909 12
