1778 3095
239 116 316 150 244
589 113 843 152 TUSCUL.
875 115 1321 154 QUAESTIONUM

236 217 400 261 calione
413 229 567 272 ortum,
582 222 855 264 disserentem
869 224 1045 275 inducit,
1059 224 1163 265 nihil
1176 239 1265 266 esse
1281 224 1453 266 omnino
1466 224 1671 278 animum,

237 284 280 316 et
301 276 382 318 hoc
403 292 493 318 esse
514 294 665 319 nomen
695 288 832 320 totum
864 281 998 331 inane,
1032 282 1269 337 frustraque
1288 281 1497 332 animalia,
1517 290 1560 322 et
1579 283 1669 323 ani-

237 343 401 375 mantes
421 335 647 389 appellari3
680 352 816 392 neque
845 337 883 377 in
916 337 1087 378 homine
1114 338 1249 378 inesse
1269 338 1473 388 animum,
1495 337 1558 378 vel
1580 339 1670 379 ani-

236 403 365 440 mam,
381 406 455 431 nec
473 392 512 431 in
530 393 682 433 bestia:
701 394 866 448 vimque
881 408 1050 434 omnem
1067 409 1174 445 eam,
1190 410 1272 450 qua
1286 395 1347 434 vel
1362 408 1537 449 agamus
1552 393 1668 450 quid,

236 446 299 487 vel
321 447 564 498 sentiamus,
586 449 626 488 in
653 450 849 489 omnibus
881 450 1128 504 corporibus
1159 448 1256 491 vivis
1288 450 1549 506 aequabiliter
1578 465 1669 491 esse

235 503 386 552 fusam,
407 518 482 544 nec
505 505 778 559 separabilem
801 521 825 545 a
846 520 1024 559 corpore
1048 521 1152 556 esse,
1176 507 1333 562 quippe
1355 522 1448 562 quae
1470 506 1584 547 nulla
1600 507 1668 557 sit,

235 573 312 600 nec
327 561 379 599 sit
394 560 639 614 quidquam,
660 561 736 600 nisi
753 575 906 615 corpus
921 577 1067 612 unum,
1085 572 1127 603 et
1143 563 1333 618 simplex,
1349 564 1405 604 ita
1422 563 1666 618 figuratum,

172 626 222 656 22
235 625 282 655 ut
302 617 606 670 temperatione
625 626 782 657 naturae
800 617 952 671 vigeat,
973 625 1014 658 et
1035 619 1201 658 sentiat.
1261 620 1512 660 Aristoteles
1539 619 1667 675 longe

234 672 431 712 omnibus
455 671 693 726 [Platonem
724 687 889 728 semper
919 674 1097 728 excipio)
1134 684 1334 728 praestans
1355 685 1397 716 et
1417 676 1605 731 ingenio,
1624 684 1667 716 et

231 727 463 783 diligentia,
479 744 575 769 cum
591 737 626 759 41
642 737 842 784 quattuor
855 729 925 769 illa
937 744 1093 784 genera
1106 730 1407 785 principiorum
1424 741 1534 773 esset
1546 746 1667 773 com·-

230 785 392 839 plexus,
412 799 434 824 e
456 785 608 840 quibus
631 785 773 826 onmia
792 785 1013 836 orirentur,
1036 786 1223 842 quintam
1247 788 1455 842 quandam
1474 799 1666 829 naturam

229 850 372 881 censet
393 856 497 891 esse,
519 857 541 881 e
565 857 647 897 qua
677 842 730 882 sit
760 857 893 882 mens.
925 843 1112 898 cogitare
1144 843 1272 893 enim,
1304 851 1345 883 et
1369 845 1600 898 providere,
1623 854 1666 886 et

101 896 403 947 P-153-discere,
424 906 466 937 et
496 898 662 951 docere,
693 907 735 939 et
765 898 946 939 invenire
974 899 1147 955 aliquid,
1179 909 1271 940 42ct
1302 908 1387 940 tam
1419 901 1554 942 multa
1584 901 1666 942 alia

186 952 214 972 a.
228 954 483 1005 meminisse,
498 970 651 1006 amare,
667 954 819 1006 odisse,
835 970 1002 1011 cupere,
1017 957 1180 1007 timere,
1195 957 1309 1012 angi,
1326 956 1479 997 laetari:
1502 957 1608 1008 haec,
1622 966 1666 998 et

227 1009 379 1051 similia
418 1026 580 1062 eorum,
617 1012 657 1052 in
690 1011 845 1052 horum
886 1022 1086 1068 quattuor
1123 1027 1329 1068 generum
1372 1014 1489 1054 nullo
1528 1014 1663 1055 inesse

224 1077 360 1121 putat.
382 1067 578 1123 quintum
599 1083 733 1123 genus
756 1069 942 1119 adhibet,
965 1084 1112 1112 vacans
1136 1069 1306 1110 nomine
1325 1087 1333 1110 ε
1355 1078 1407 1139 et
1434 1070 1493 1110 sic
1523 1070 1662 1125 ipsum

223 1124 429 1175 animum,
459 1125 722 1179 43ἐντελεχῖαν
752 1126 934 1180 appellat
966 1141 1073 1167 novo
1102 1126 1286 1177 nomine,
1308 1118 1426 1182 quasi
1449 1127 1661 1182 quandam

145 1180 513 1224 llcontinuatam
544 1183 794 1231 motionem,
825 1191 867 1221 et
897 1196 1138 1236 perennem.
1199 1179 1294 1223 Nis'i
1324 1198 1419 1238 quae
1452 1198 1519 1223 me
1552 1183 1662 1225 forte

224 1237 410 1292 fugiunt,
429 1239 549 1278 441]ae
572 1248 668 1279 sunt
689 1239 776 1278 fere
804 1238 993 1278 omnium
1026 1238 1078 1279 de
1109 1238 1250 1279 animo
1280 1239 1511 1279 sententiae.
1570 1240 1662 1280 De-

223 1295 451 1335 mocritum
482 1295 593 1335 enim
623 1309 828 1349 magnum
859 1294 1032 1349 quidem
1063 1294 1183 1335 illum
1214 1295 1363 1344 virum,
1394 1304 1432 1327 4⁵
1447 1294 1521 1336 sed
1550 1295 1661 1337 laevi-

222 1350 302 1390 bus
338 1359 379 1390 et
416 1351 608 1391 rotundis
643 1350 904 1406 corpusculis
941 1351 1191 1392 efficientem
1227 1351 1413 1391 animum
1452 1366 1663 1393 concursu

222 1407 408 1462 quodam
431 1407 621 1458 fortuito,
645 1408 907 1448 omittamus.
929 1407 1032 1448 nihil
1053 1418 1116 1449 est
1137 1408 1248 1448 enim
1270 1407 1383 1463 apud
1402 1408 1519 1459 istos,
1543 1409 1660 1464 quod

157 1474 204 1505 23
221 1479 304 1503 non
337 1473 576 1505 atomorum
610 1464 735 1505 turba
763 1464 971 1505 conficiat.
1032 1466 1198 1505 Harum
1231 1464 1534 1506 sententiarum
1563 1480 1659 1521 quae

219 1535 313 1561 vera
351 1522 418 1571 sit,
458 1521 562 1562 deus
600 1521 751 1577 aliquis
790 1520 939 1561 viderit
961 1538 969 1561 :
1014 1537 1109 1577 quae
1148 1520 1460 1571 verisimillima,
1502 1534 1660 1577 magna

219 1578 398 1632 quaestio
431 1587 508 1618 est.
546 1586 689 1618 utrum
729 1577 862 1632 igitur
901 1578 1009 1618 inter
1046 1578 1120 1618 has
1161 1577 1386 1618 sententias
1426 1577 1658 1632 dijudicare

217 1634 445 1685 malumus,
476 1649 527 1674 an
559 1634 613 1675 ad
644 1635 909 1689 propositum
938 1634 1101 1674 redire?
1134 1635 1190 1674 A.
1215 1633 1428 1689 Cuperem
1459 1633 1657 1689 equidem

217 1700 461 1746 utrumque,
485 1691 518 1732 si
540 1699 706 1746 posset:
740 1690 811 1731 sed
835 1696 874 1721 46
889 1698 951 1730 est
973 1690 1140 1730 difficile
1161 1690 1434 1731 confundere.
1457 1704 1583 1746 quare
1606 1691 1657 1740 si,

217 1757 265 1787 ut
284 1748 364 1788 ista
392 1762 475 1788 non
505 1747 774 1797 disserantur,
806 1746 974 1787 liberari
1007 1747 1156 1787 mortis
1189 1756 1307 1787 metu
1342 1760 1582 1801 possumus,
1612 1747 1656 1788 id

217 1818 408 1859 agamus.
448 1804 510 1845 sin
542 1803 586 1845 id
616 1819 700 1844 non
732 1812 885 1859 potest,
922 1803 999 1844 nisi
1036 1803 1113 1843 hac
1150 1803 1383 1858 quaestione
1417 1803 1655 1844 animorum

216 1860 436 1915 explicata,
458 1875 582 1911 nunc,
605 1860 638 1901 si
659 1860 835 1911 videtur,
851 1860 933 1901 hoc
953 1877 962 1901 ε
994 1859 1098 1900 illud
1115 1859 1229 1900 alias.
1289 1860 1356 1900 Μ.
1377 1859 1508 1916 Quod
1528 1859 1656 1901 malle

217 1925 258 1958 te
280 1917 487 1974 intelligo,
519 1918 562 1958 id
592 1926 695 1972 puto
729 1931 819 1957 esse
847 1916 1130 1957 commodius.
1161 1915 1311 1957 efficiet
1330 1916 1442 1956 enim
1464 1916 1586 1967 ratio,
1607 1925 1655 1958 ut

216 1989 495 2030 quoecumque
518 1989 610 2015 vera
628 1974 682 2015 sit
701 1988 844 2014 earum
867 1973 1184 2023 sententiarum,
1206 1987 1309 2029 quas
1330 1972 1520 2028 exposui,
1539 1986 1656 2014 mors

153 2041 205 2072 24
218 2040 290 2071 aut
309 2031 466 2072 malum
491 2046 574 2072 non
595 2031 662 2081 sit,
694 2039 768 2071 aut
796 2030 850 2071 sit
877 2031 1037 2070 bonum
1065 2029 1220 2084 potius.
1280 2030 1394 2070 Nam
1416 2029 1449 2069 si
1469 2042 1557 2079 cor,
1578 2038 1652 2069 aut

215 2088 402 2143 sanguiS,
423 2097 495 2129 aut
512 2088 733 2129 cerebrum
753 2096 816 2127 est
837 2087 1015 2136 animus,
1033 2094 1161 2136 certe,
1179 2085 1378 2141 quoniam
1399 2094 1464 2125 est
1481 2099 1657 2140 corpus,

214 2144 402 2185 interibit
423 2160 519 2185 cum
543 2144 705 2200 reliquo
725 2158 916 2198 corpore.
946 2144 980 2184 si
1010 2143 1148 2183 anima
1175 2150 1253 2191 est,
1281 2141 1457 2182 fortasse
1475 2141 1653 2196 dissipa-

216 2201 356 2242 bitur:
390 2202 423 2242 si
458 2201 583 2257 ignis,
616 2200 937 2256 exstinguetur:
984 2200 1018 2240 si
1050 2208 1114 2240 est
1141 2198 1384 2239 Aristoxeni
1419 2197 1655 2248 harmonia,

214 2257 479 2299 dissolvetur.
540 2257 657 2314 Quid
690 2257 743 2298 de
775 2256 1026 2298 Dicaearcho
1054 2255 1206 2304 dicam,
1239 2254 1312 2310 qui
1344 2254 1446 2294 nihil
1477 2254 1652 2295 omnino

214 2315 399 2356 animum
420 2315 534 2356 dicat
555 2316 675 2355 esse?
713 2313 790 2355 His
813 2312 1027 2354 sententiis
1059 2311 1255 2353 omnibus
1285 2310 1387 2352 nihil
1419 2320 1516 2366 post
1536 2325 1652 2351 mor—

255 2467 291 2488 -ii
320 2466 455 2498 quluor
483 2458 535 2487 ill'ez
560 2470 666 2498 genera
686 2456 751 2498 pn]
780 2459 814 2488 In
846 2457 908 2487 Ms-

211 2501 304 2531 Paris.
336 2509 381 2531 est
412 2510 476 2530 nota
508 2501 573 2531 illa.
613 2503 699 2541 quod
730 2509 759 2530 et
789 2501 910 2530 edidere

212 2544 381 2581 Buliesius,
399 2545 556 2574 Davisius.
578 2547 629 2574 sed
647 2546 676 2574 id
694 2552 738 2574 est
755 2544 911 2583 glossema

213 2587 251 2616 «τῦ
264 2588 328 2616 illa.

254 2637 292 2660 42
311 2637 339 2658 et
352 2637 411 2657 tam
425 2629 517 2658 multa
530 2628 591 2657 alia
603 2628 773 2666 meminisie]
791 2628 911 2659 Sustuli

209 2673 502 2712 interpunctionem
525 2679 594 2711 post
623 2672 696 2706 alta,
728 2673 814 2710 quod
845 2681 911 2700 vcr-

209 2716 290 2746 bum
307 2723 415 2745 tamen
433 2715 574 2744 deletum
599 2714 707 2744 velim.
730 2725 806 2744 nam
828 2714 909 2744 nihil

208 2767 267 2796 est,
284 2769 348 2798 quo
363 2759 521 2788 referatur.

252 2809 291 2833 43
316 2800 498 2839 ἐντελεχίαν]
520 2812 548 2831 v.
567 2801 655 2831 Clav.
673 2801 705 2829 in
723 2799 825 2829 Graec.

253 2853 292 2876 44
317 2845 362 2874 ltae
377 2845 515 2885 sumsere
531 2844 655 2873 omnium
670 2843 699 2873 d.
714 2854 743 2874 a.
757 2842 794 2881 s.]
813 2843 910 2872 Davi-

951 2457 1016 2486 sius
1031 2455 1146 2486 delevit
1159 2455 1296 2493 omnium,
1323 2465 1388 2486 non
1411 2456 1503 2487 bene.
1528 2457 1658 2487 facilius

953 2506 1018 2529 erat
1046 2500 1147 2528 dicere
1175 2510 1287 2527 omnes.-
1326 2500 1379 2529 sed
1409 2500 1464 2538 qui
1499 2501 1651 2530 omnium

953 2544 1123 2572 sententias
1161 2549 1318 2578 recenset,
1353 2543 1438 2572 idem
1477 2549 1507 2572 et
1537 2552 1654 2573 omnes

957 2592 1071 2614 narrat.

999 2635 1037 2658 45
1063 2626 1112 2657 sed
1125 2626 1266 2666 laevibus]
1294 2626 1343 2656 sed
1359 2637 1424 2657 non
1443 2627 1566 2658 videtur
1580 2638 1653 2658 sen-

957 2671 1062 2700 tentiae
1086 2669 1145 2699 loci
1172 2671 1352 2706 convenire,
1378 2671 1522 2708 mihique
1552 2671 1652 2701 insiti·

956 2714 1038 2742 tium
1061 2714 1192 2742 videtur.
1217 2722 1332 2751 nempe
1356 2713 1510 2752 putabant
1535 2712 1652 2744 librarii

955 2762 1024 2795 post
1039 2756 1153 2796 quidem
1169 2765 1235 2784 esse
1251 2757 1362 2785 debere
1378 2756 1442 2786 sed.

997 2803 1037 2828 46
1061 2805 1102 2827 est
1116 2798 1181 2838 diff‘.
1199 2798 1380 2839 corffundere]
1396 2798 1652 2838 Autintelligen·

954 2843 1033 2872 dum
1050 2848 1096 2871 est
1111 2841 1276 2880 conjungere
1291 2848 1347 2872 aut
1361 2842 1406 2872 sic
1422 2841 1606 2881 legendum.
