<?xml version="1.0" encoding="UTF-8"?>
<!DOCTYPE html PUBLIC "-//W3C//DTD XHTML 1.0 Transitional//EN"
    "http://www.w3.org/TR/xhtml1/DTD/xhtml1-transitional.dtd">
<html xmlns="http://www.w3.org/1999/xhtml" xml:lang="en" lang="en">
 <head>
  <title>
</title>
<meta http-equiv="Content-Type" content="text/html;charset=utf-8" />
  <meta name='ocr-system' content='tesseract 3.04.00' />
  <meta name='ocr-capabilities' content='ocr_page ocr_carea ocr_par ocr_line ocrx_word'/>
</head>
<body>
  <div class='ocr_page' id='page_1' title='image "./p1operaomnia04ciceuoft_0370.png"; bbox 0 0 1778 3095; ppageno 0'>
   <div class='ocr_carea' id='block_1_1' title="bbox 230 89 1314 130">
    <p class='ocr_par' dir='ltr' id='par_1_1' title="bbox 230 89 1314 130">
     <span class='ocr_line' id='line_1_1' title="bbox 230 89 1314 130; baseline 0.002 -3"><span class='ocrx_word' id='word_1_1' title='bbox 230 89 311 129; x_wconf 74' lang='lat'><strong>362</strong></span> <span class='ocrx_word' id='word_1_2' title='bbox 583 89 838 129; x_wconf 90' lang='lat' dir='ltr'><strong>TUSCUL.</strong></span> <span class='ocrx_word' id='word_1_3' title='bbox 866 89 1314 130; x_wconf 75' lang='lat' dir='ltr'><strong>QUAESTIONUM</strong></span> 
     </span>
    </p>
   </div>
   <div class='ocr_carea' id='block_1_2' title="bbox 186 194 1670 2455">
    <p class='ocr_par' dir='ltr' id='par_1_2' title="bbox 186 194 1670 2455">
     <span class='ocr_line' id='line_1_2' title="bbox 229 194 1658 257; baseline 0.004 -21"><span class='ocrx_word' id='word_1_4' title='bbox 229 203 334 245; x_wconf 90' lang='lat' dir='ltr'><strong>tem,</strong></span> <span class='ocrx_word' id='word_1_5' title='bbox 364 202 406 237; x_wconf 89' lang='lat' dir='ltr'><strong>et</strong></span> <span class='ocrx_word' id='word_1_6' title='bbox 435 194 517 238; x_wconf 89' lang='lat' dir='ltr'><strong>hoc</strong></span> <span class='ocrx_word' id='word_1_7' title='bbox 553 197 774 253; x_wconf 87' lang='lat' dir='ltr'><strong>parricidio</strong></span> <span class='ocrx_word' id='word_1_8' title='bbox 807 214 850 240; x_wconf 88' lang='lat' dir='ltr'><strong>se</strong></span> <span class='ocrx_word' id='word_1_9' title='bbox 881 199 1098 255; x_wconf 87' lang='lat' dir='ltr'><strong>inquinare</strong></span> <span class='ocrx_word' id='word_1_10' title='bbox 1133 199 1291 242; x_wconf 87' lang='lat' dir='ltr'><strong>audet?</strong></span> <span class='ocrx_word' id='word_1_11' title='bbox 1340 207 1384 241; x_wconf 92' lang='lat' dir='ltr'><strong>et</strong></span> <span class='ocrx_word' id='word_1_12' title='bbox 1411 206 1497 242; x_wconf 86' lang='lat' dir='ltr'><strong>tam</strong></span> <span class='ocrx_word' id='word_1_13' title='bbox 1528 198 1658 257; x_wconf 80' lang='lat' dir='ltr'><strong>impie</strong></span> 
     </span>
     <span class='ocr_line' id='line_1_3' title="bbox 229 250 1655 312; baseline 0.004 -20"><span class='ocrx_word' id='word_1_14' title='bbox 229 250 419 307; x_wconf 84' lang='lat' dir='ltr'><strong>ingratus</strong></span> <span class='ocrx_word' id='word_1_15' title='bbox 439 267 544 304; x_wconf 85' lang='lat' dir='ltr'><strong>esse,</strong></span> <span class='ocrx_word' id='word_1_16' title='bbox 565 265 613 295; x_wconf 89' lang='lat' dir='ltr'><strong>ut</strong></span> <span class='ocrx_word' id='word_1_17' title='bbox 633 268 725 295; x_wconf 90' lang='lat' dir='ltr'><strong>eam</strong></span> <span class='ocrx_word' id='word_1_18' title='bbox 753 267 935 307; x_wconf 88' lang='lat' dir='ltr'><strong>accuset,</strong></span> <span class='ocrx_word' id='word_1_19' title='bbox 965 272 1091 312; x_wconf 87' lang='lat' dir='ltr'><strong>quam</strong></span> <span class='ocrx_word' id='word_1_20' title='bbox 1119 257 1246 298; x_wconf 84' lang='lat' dir='ltr'><strong>vereri</strong></span> <span class='ocrx_word' id='word_1_21' title='bbox 1269 256 1452 307; x_wconf 82' lang='lat' dir='ltr'><strong>deberet,</strong></span> <span class='ocrx_word' id='word_1_22' title='bbox 1473 256 1600 298; x_wconf 89' lang='lat' dir='ltr'><strong>etiam</strong></span> <span class='ocrx_word' id='word_1_23' title='bbox 1620 256 1655 298; x_wconf 91' lang='lat' dir='ltr'><strong>si</strong></span> 
     </span>
     <span class='ocr_line' id='line_1_4' title="bbox 230 308 1655 370; baseline 0.004 -22"><span class='ocrx_word' id='word_1_24' title='bbox 230 308 369 350; x_wconf 89' lang='lat' dir='ltr'><strong>minus</strong></span> <span class='ocrx_word' id='word_1_25' title='bbox 387 310 599 365; x_wconf 83' lang='lat' dir='ltr'><strong>percipere</strong></span> <span class='ocrx_word' id='word_1_26' title='bbox 618 312 824 365; x_wconf 86' lang='lat' dir='ltr'><strong>potuisset</strong></span> <span class='ocrx_word' id='word_1_27' title='bbox 842 314 855 353; x_wconf 88' lang='lat'>?</span> <span class='ocrx_word' id='word_1_28' title='bbox 888 314 984 364; x_wconf 90' lang='lat' dir='ltr'><strong>Sed,</strong></span> <span class='ocrx_word' id='word_1_29' title='bbox 1007 323 1052 354; x_wconf 94' lang='lat' dir='ltr'><strong>ut</strong></span> <span class='ocrx_word' id='word_1_30' title='bbox 1081 313 1244 370; x_wconf 83' lang='lat' dir='ltr'>opinor,</span> <span class='ocrx_word' id='word_1_31' title='bbox 1263 313 1330 354; x_wconf 92' lang='lat' dir='ltr'><strong>hic</strong></span> <span class='ocrx_word' id='word_1_32' title='bbox 1352 327 1480 364; x_wconf 91' lang='lat' dir='ltr'><strong>error,</strong></span> <span class='ocrx_word' id='word_1_33' title='bbox 1501 321 1545 353; x_wconf 90' lang='lat' dir='ltr'><strong>et</strong></span> <span class='ocrx_word' id='word_1_34' title='bbox 1563 312 1655 353; x_wconf 88' lang='lat' dir='ltr'><strong>haec</strong></span> 
     </span>
     <span class='ocr_line' id='line_1_5' title="bbox 229 364 1656 425; baseline 0.003 -20"><span class='ocrx_word' id='word_1_35' title='bbox 229 364 497 407; x_wconf 87' lang='lat' dir='ltr'><strong>indoctorum</strong></span> <span class='ocrx_word' id='word_1_36' title='bbox 519 368 667 408; x_wconf 89' lang='lat' dir='ltr'><strong>animis</strong></span> <span class='ocrx_word' id='word_1_37' title='bbox 700 369 834 409; x_wconf 82' lang='lat' dir='ltr'><strong>offusa</strong></span> <span class='ocrx_word' id='word_1_38' title='bbox 865 370 1003 424; x_wconf 83' lang='lat' dir='ltr'><strong>caligo</strong></span> <span class='ocrx_word' id='word_1_39' title='bbox 1033 380 1111 419; x_wconf 87' lang='lat' dir='ltr'><strong>est,</strong></span> <span class='ocrx_word' id='word_1_40' title='bbox 1138 369 1252 425; x_wconf 89' lang='lat' dir='ltr'><strong>quod</strong></span> <span class='ocrx_word' id='word_1_41' title='bbox 1281 380 1366 411; x_wconf 86' lang='lat' dir='ltr'><strong>tam</strong></span> <span class='ocrx_word' id='word_1_42' title='bbox 1397 369 1526 425; x_wconf 88' lang='lat' dir='ltr'><strong>longe</strong></span> <span class='ocrx_word' id='word_1_43' title='bbox 1544 375 1656 409; x_wconf 87' lang='lat' dir='ltr'><strong>retro</strong></span> 
     </span>
     <span class='ocr_line' id='line_1_6' title="bbox 229 423 1657 481; baseline 0.001 -19"><span class='ocrx_word' id='word_1_44' title='bbox 229 423 434 477; x_wconf 84' lang='lat' dir='ltr'><strong>respicere</strong></span> <span class='ocrx_word' id='word_1_45' title='bbox 456 438 540 463; x_wconf 87' lang='lat' dir='ltr'><strong>non</strong></span> <span class='ocrx_word' id='word_1_46' title='bbox 562 434 762 479; x_wconf 83' lang='lat' dir='ltr'>possunt:</span> <span class='ocrx_word' id='word_1_47' title='bbox 794 440 872 466; x_wconf 89' lang='lat' dir='ltr'><strong>nec</strong></span> <span class='ocrx_word' id='word_1_48' title='bbox 896 440 982 476; x_wconf 88' lang='lat' dir='ltr'><strong>eos,</strong></span> <span class='ocrx_word' id='word_1_49' title='bbox 1010 441 1035 466; x_wconf 91' lang='lat' dir='ltr'><strong>a</strong></span> <span class='ocrx_word' id='word_1_50' title='bbox 1061 426 1213 481; x_wconf 89' lang='lat' dir='ltr'><strong>quibus</strong></span> <span class='ocrx_word' id='word_1_51' title='bbox 1242 426 1325 467; x_wconf 88' lang='lat' dir='ltr'><strong>vita</strong></span> <span class='ocrx_word' id='word_1_52' title='bbox 1357 425 1575 467; x_wconf 89' lang='lat' dir='ltr'><strong>hominum</strong></span> <span class='ocrx_word' id='word_1_53' title='bbox 1593 424 1657 465; x_wconf 89' lang='lat' dir='ltr'><strong>in-</strong></span> 
     </span>
     <span class='ocr_line' id='line_1_7' title="bbox 233 480 1656 538; baseline 0.002 -20"><span class='ocrx_word' id='word_1_54' title='bbox 233 488 392 519; x_wconf 85' lang='lat' dir='ltr'><strong>structa</strong></span> <span class='ocrx_word' id='word_1_55' title='bbox 430 480 574 533; x_wconf 89' lang='lat' dir='ltr'><strong>primis</strong></span> <span class='ocrx_word' id='word_1_56' title='bbox 614 481 681 529; x_wconf 91' lang='lat' dir='ltr'><strong>sit,</strong></span> <span class='ocrx_word' id='word_1_57' title='bbox 722 480 848 521; x_wconf 74' lang='lat' dir='ltr'><strong>&#39;fuisse</strong></span> <span class='ocrx_word' id='word_1_58' title='bbox 883 481 1158 538; x_wconf 89' lang='lat' dir='ltr'><strong>philosophos</strong></span> <span class='ocrx_word' id='word_1_59' title='bbox 1190 483 1456 524; x_wconf 81' lang='lat' dir='ltr'><strong>arbitrantur.</strong></span> <span class='ocrx_word' id='word_1_60' title='bbox 1514 482 1656 538; x_wconf 75' lang='lat' dir='ltr'><strong>Quam</strong></span> 
     </span>
     <span class='ocr_line' id='line_1_8' title="bbox 232 536 1658 591; baseline 0.002 -17"><span class='ocrx_word' id='word_1_61' title='bbox 232 549 320 577; x_wconf 86' lang='lat' dir='ltr'><strong>rem</strong></span> <span class='ocrx_word' id='word_1_62' title='bbox 342 536 673 591; x_wconf 83' lang='lat' dir='ltr'>antiquissimam</span> <span class='ocrx_word' id='word_1_63' title='bbox 693 551 790 577; x_wconf 86' lang='lat' dir='ltr'><strong>cum</strong></span> <span class='ocrx_word' id='word_1_64' title='bbox 812 537 1041 587; x_wconf 87' lang='lat' dir='ltr'><strong>videamus,</strong></span> <span class='ocrx_word' id='word_1_65' title='bbox 1073 553 1226 579; x_wconf 88' lang='lat' dir='ltr'><strong>nomen</strong></span> <span class='ocrx_word' id='word_1_66' title='bbox 1248 549 1386 580; x_wconf 88' lang='lat' dir='ltr'><strong>tamen</strong></span> <span class='ocrx_word' id='word_1_67' title='bbox 1408 537 1658 579; x_wconf 84' lang='lat' dir='ltr'><strong>confitemur</strong></span> 
     </span>
     <span class='ocr_line' id='line_1_9' title="bbox 186 593 1657 651; baseline 0.002 -20"><span class='ocrx_word' id='word_1_68' title='bbox 186 596 323 643; x_wconf 66' lang='lat' dir='ltr'><strong>gesse</strong></span> <span class='ocrx_word' id='word_1_69' title='bbox 345 606 499 633; x_wconf 90' lang='lat' dir='ltr'><strong>recens.</strong></span> <span class='ocrx_word' id='word_1_70' title='bbox 542 594 655 632; x_wconf 88' lang='lat' dir='ltr'><strong>Nam</strong></span> <span class='ocrx_word' id='word_1_71' title='bbox 678 593 920 648; x_wconf 81' lang='lat' dir='ltr'>sapientiam</span> <span class='ocrx_word' id='word_1_72' title='bbox 942 593 1110 649; x_wconf 89' lang='lat' dir='ltr'><strong>quidem</strong></span> <span class='ocrx_word' id='word_1_73' title='bbox 1127 596 1258 650; x_wconf 85' lang='lat' dir='ltr'>ipsam</span> <span class='ocrx_word' id='word_1_74' title='bbox 1280 595 1371 651; x_wconf 91' lang='lat' dir='ltr'><strong>quis</strong></span> <span class='ocrx_word' id='word_1_75' title='bbox 1390 609 1542 650; x_wconf 85' lang='lat' dir='ltr'><strong>negare</strong></span> <span class='ocrx_word' id='word_1_76' title='bbox 1559 599 1657 649; x_wconf 90' lang='lat' dir='ltr'><strong>pot-</strong></span> 
     </span>
     <span class='ocr_line' id='line_1_10' title="bbox 197 648 1660 708; baseline 0.001 -20"><span class='ocrx_word' id='word_1_77' title='bbox 197 656 297 708; x_wconf 89' lang='lat' dir='ltr'><strong>7est</strong></span> <span class='ocrx_word' id='word_1_78' title='bbox 325 663 409 688; x_wconf 91' lang='lat' dir='ltr'><strong>non</strong></span> <span class='ocrx_word' id='word_1_79' title='bbox 430 648 558 689; x_wconf 89' lang='lat' dir='ltr'><strong>modo</strong></span> <span class='ocrx_word' id='word_1_80' title='bbox 578 663 621 688; x_wconf 84' lang='lat' dir='ltr'><strong>re</strong></span> <span class='ocrx_word' id='word_1_81' title='bbox 641 663 728 688; x_wconf 88' lang='lat' dir='ltr'><strong>esse</strong></span> <span class='ocrx_word' id='word_1_82' title='bbox 749 649 980 704; x_wconf 86' lang='lat' dir='ltr'><strong>antiquam,</strong></span> <span class='ocrx_word' id='word_1_83' title='bbox 1007 665 1149 691; x_wconf 78' lang='lat' dir='ltr'><strong>verum</strong></span> <span class='ocrx_word' id='word_1_84' title='bbox 1177 652 1303 692; x_wconf 87' lang='lat' dir='ltr'><strong>etiam</strong></span> <span class='ocrx_word' id='word_1_85' title='bbox 1334 651 1525 692; x_wconf 85' lang='lat' dir='ltr'><strong>nomine?</strong></span> <span class='ocrx_word' id='word_1_86' title='bbox 1562 664 1660 706; x_wconf 81' lang='lat' dir='ltr'><strong>quae</strong></span> 
     </span>
     <span class='ocr_line' id='line_1_11' title="bbox 231 702 1655 760; baseline 0.002 -16"><span class='ocrx_word' id='word_1_87' title='bbox 231 702 478 754; x_wconf 87' lang='lat' dir='ltr'><strong>divinarum,</strong></span> <span class='ocrx_word' id='word_1_88' title='bbox 500 704 861 760; x_wconf 81' lang='lat' dir='ltr'><strong>humanarumque</strong></span> <span class='ocrx_word' id='word_1_89' title='bbox 881 719 1033 755; x_wconf 86' lang='lat' dir='ltr'><strong>rerum,</strong></span> <span class='ocrx_word' id='word_1_90' title='bbox 1053 716 1142 747; x_wconf 86' lang='lat' dir='ltr'><strong>tum</strong></span> <span class='ocrx_word' id='word_1_91' title='bbox 1167 707 1395 758; x_wconf 89' lang='lat' dir='ltr'><strong>initiorum,</strong></span> <span class='ocrx_word' id='word_1_92' title='bbox 1415 721 1655 749; x_wconf 86' lang='lat' dir='ltr'><strong>causarum·</strong></span> 
     </span>
     <span class='ocr_line' id='line_1_12' title="bbox 231 760 1662 819; baseline 0.002 -19"><span class='ocrx_word' id='word_1_93' title='bbox 231 775 330 814; x_wconf 90' lang='lat' dir='ltr'><strong>que,</strong></span> <span class='ocrx_word' id='word_1_94' title='bbox 351 762 556 816; x_wconf 87' lang='lat' dir='ltr'><strong>cujusque</strong></span> <span class='ocrx_word' id='word_1_95' title='bbox 584 760 642 800; x_wconf 88' lang='lat' dir='ltr'><strong>rei</strong></span> <span class='ocrx_word' id='word_1_96' title='bbox 670 761 916 816; x_wconf 83' lang='lat' dir='ltr'>cognitione</span> <span class='ocrx_word' id='word_1_97' title='bbox 945 761 1025 802; x_wconf 90' lang='lat' dir='ltr'><strong>hoc</strong></span> <span class='ocrx_word' id='word_1_98' title='bbox 1055 763 1353 817; x_wconf 73' lang='lat' dir='ltr'><strong>pulcerrimum</strong></span> <span class='ocrx_word' id='word_1_99' title='bbox 1375 778 1527 805; x_wconf 89' lang='lat' dir='ltr'><strong>nomen</strong></span> <span class='ocrx_word' id='word_1_100' title='bbox 1548 762 1662 819; x_wconf 91' lang='lat' dir='ltr'><strong>apud</strong></span> 
     </span>
     <span class='ocr_line' id='line_1_13' title="bbox 231 817 1660 875; baseline 0.003 -19"><span class='ocrx_word' id='word_1_101' title='bbox 231 817 426 872; x_wconf 87' lang='lat' dir='ltr'><strong>antiquos</strong></span> <span class='ocrx_word' id='word_1_102' title='bbox 447 817 761 871; x_wconf 82' lang='lat' dir='ltr'><strong>assequebatur.</strong></span> <span class='ocrx_word' id='word_1_103' title='bbox 821 819 969 874; x_wconf 87' lang='lat' dir='ltr'><strong>Itaque</strong></span> <span class='ocrx_word' id='word_1_104' title='bbox 990 827 1032 859; x_wconf 90' lang='lat' dir='ltr'><strong>et</strong></span> <span class='ocrx_word' id='word_1_105' title='bbox 1052 819 1146 860; x_wconf 88' lang='lat' dir='ltr'><strong>illos</strong></span> <span class='ocrx_word' id='word_1_106' title='bbox 1166 828 1341 875; x_wconf 86' lang='lat' dir='ltr'><strong>septem,</strong></span> <span class='ocrx_word' id='word_1_107' title='bbox 1364 820 1435 874; x_wconf 89' lang='lat' dir='ltr'><strong>qui</strong></span> <span class='ocrx_word' id='word_1_108' title='bbox 1454 834 1476 860; x_wconf 89' lang='lat' dir='ltr'><strong>a</strong></span> <span class='ocrx_word' id='word_1_109' title='bbox 1499 818 1660 860; x_wconf 89' lang='lat' dir='ltr'><strong>Graecis</strong></span> 
     </span>
     <span class='ocr_line' id='line_1_14' title="bbox 231 873 1663 928; baseline 0.003 -16"><span class='ocrx_word' id='word_1_110' title='bbox 231 874 346 924; x_wconf 62' lang='grc' dir='ltr'>σοφοὶ,</span> <span class='ocrx_word' id='word_1_111' title='bbox 367 873 574 928; x_wconf 89' lang='lat' dir='ltr'><strong>sapientes</strong></span> <span class='ocrx_word' id='word_1_112' title='bbox 595 887 619 913; x_wconf 89' lang='lat' dir='ltr'><strong>a</strong></span> <span class='ocrx_word' id='word_1_113' title='bbox 637 874 789 915; x_wconf 90' lang='lat' dir='ltr'><strong>nostris</strong></span> <span class='ocrx_word' id='word_1_114' title='bbox 819 884 863 915; x_wconf 87' lang='lat' dir='ltr'><strong>et</strong></span> <span class='ocrx_word' id='word_1_115' title='bbox 890 875 1166 925; x_wconf 83' lang='lat' dir='ltr'><strong>habebantur,</strong></span> <span class='ocrx_word' id='word_1_116' title='bbox 1194 886 1238 917; x_wconf 90' lang='lat' dir='ltr'><strong>et</strong></span> <span class='ocrx_word' id='word_1_117' title='bbox 1260 875 1598 927; x_wconf 86' lang='lat' dir='ltr'><strong>nominabantur,</strong></span> <span class='ocrx_word' id='word_1_118' title='bbox 1618 884 1663 916; x_wconf 89' lang='lat' dir='ltr'><strong>et</strong></span> 
     </span>
     <span class='ocr_line' id='line_1_15' title="bbox 233 929 1662 988; baseline 0.001 -19"><span class='ocrx_word' id='word_1_119' title='bbox 233 929 376 970; x_wconf 85' lang='lat' dir='ltr'><strong>multis</strong></span> <span class='ocrx_word' id='word_1_120' title='bbox 398 939 494 970; x_wconf 87' lang='lat' dir='ltr'><strong>ante</strong></span> <span class='ocrx_word' id='word_1_121' title='bbox 525 930 687 970; x_wconf 83' lang='lat' dir='ltr'><strong>saeculis</strong></span> <span class='ocrx_word' id='word_1_122' title='bbox 719 932 980 986; x_wconf 85' lang='lat' dir='ltr'><strong>Lycurgum,</strong></span> <span class='ocrx_word' id='word_1_123' title='bbox 1011 934 1131 988; x_wconf 86' lang='lat' dir='ltr'><strong>cujus</strong></span> <span class='ocrx_word' id='word_1_124' title='bbox 1164 932 1426 988; x_wconf 86' lang='lat' dir='ltr'><strong>temporibus</strong></span> <span class='ocrx_word' id='word_1_125' title='bbox 1448 933 1662 972; x_wconf 87' lang='lat' dir='ltr'><strong>Homerus</strong></span> 
     </span>
     <span class='ocr_line' id='line_1_16' title="bbox 232 985 1660 1038; baseline 0.002 -13"><span class='ocrx_word' id='word_1_126' title='bbox 232 985 359 1026; x_wconf 89' lang='lat' dir='ltr'><strong>etiam</strong></span> <span class='ocrx_word' id='word_1_127' title='bbox 401 986 527 1026; x_wconf 82' lang='lat' dir='ltr'><strong>fuisse</strong></span> <span class='ocrx_word' id='word_1_128' title='bbox 566 995 662 1026; x_wconf 88' lang='lat' dir='ltr'><strong>ante</strong></span> <span class='ocrx_word' id='word_1_129' title='bbox 699 987 806 1027; x_wconf 90' lang='lat' dir='ltr'><strong>hanc</strong></span> <span class='ocrx_word' id='word_1_130' title='bbox 845 989 991 1028; x_wconf 87' lang='lat' dir='ltr'><strong>urbem</strong></span> <span class='ocrx_word' id='word_1_131' title='bbox 1040 988 1255 1030; x_wconf 87' lang='lat' dir='ltr'><strong>conditam</strong></span> <span class='ocrx_word' id='word_1_132' title='bbox 1303 988 1495 1038; x_wconf 86' lang='lat' dir='ltr'><strong>traditur,</strong></span> <span class='ocrx_word' id='word_1_133' title='bbox 1534 987 1660 1028; x_wconf 89' lang='lat' dir='ltr'><strong>etiam</strong></span> 
     </span>
     <span class='ocr_line' id='line_1_17' title="bbox 232 1041 1662 1100; baseline 0.002 -18"><span class='ocrx_word' id='word_1_134' title='bbox 232 1041 412 1083; x_wconf 88' lang='lat' dir='ltr'><strong>heroicis</strong></span> <span class='ocrx_word' id='word_1_135' title='bbox 433 1043 626 1083; x_wconf 90' lang='lat' dir='ltr'><strong>aetatibus</strong></span> <span class='ocrx_word' id='word_1_136' title='bbox 648 1044 862 1099; x_wconf 89' lang='lat' dir='ltr'><strong>Ulyssem,</strong></span> <span class='ocrx_word' id='word_1_137' title='bbox 882 1053 924 1084; x_wconf 91' lang='lat' dir='ltr'><strong>et</strong></span> <span class='ocrx_word' id='word_1_138' title='bbox 943 1046 1168 1086; x_wconf 87' lang='lat' dir='ltr'><strong>Nestorem</strong></span> <span class='ocrx_word' id='word_1_139' title='bbox 1196 1045 1433 1100; x_wconf 88' lang='lat' dir='ltr'><strong>accepimus</strong></span> <span class='ocrx_word' id='word_1_140' title='bbox 1453 1054 1497 1086; x_wconf 91' lang='lat' dir='ltr'><strong>et</strong></span> <span class='ocrx_word' id='word_1_141' title='bbox 1516 1044 1662 1094; x_wconf 81' lang='lat' dir='ltr'><strong>fuisse,</strong></span> 
     </span>
     <span class='ocr_line' id='line_1_18' title="bbox 198 1099 1663 1154; baseline 0.003 -16"><span class='ocrx_word' id='word_1_142' title='bbox 198 1107 277 1146; x_wconf 72' lang='lat' dir='ltr'><strong>get</strong></span> <span class='ocrx_word' id='word_1_143' title='bbox 297 1099 464 1139; x_wconf 87' lang='lat' dir='ltr'><strong>habitos</strong></span> <span class='ocrx_word' id='word_1_144' title='bbox 485 1113 575 1140; x_wconf 89' lang='lat' dir='ltr'><strong>esse</strong></span> <span class='ocrx_word' id='word_1_145' title='bbox 596 1100 816 1154; x_wconf 88' lang='lat' dir='ltr'><strong>sapientes.</strong></span> <span class='ocrx_word' id='word_1_146' title='bbox 874 1102 968 1141; x_wconf 87' lang='lat' dir='ltr'><strong>Nec</strong></span> <span class='ocrx_word' id='word_1_147' title='bbox 999 1115 1096 1142; x_wconf 88' lang='lat' dir='ltr'><strong>vero</strong></span> <span class='ocrx_word' id='word_1_148' title='bbox 1125 1101 1248 1142; x_wconf 90' lang='lat' dir='ltr'><strong>Atlas</strong></span> <span class='ocrx_word' id='word_1_149' title='bbox 1273 1102 1474 1142; x_wconf 91' lang='lat' dir='ltr'><strong>sustinere</strong></span> <span class='ocrx_word' id='word_1_150' title='bbox 1493 1100 1663 1152; x_wconf 89' lang='lat' dir='ltr'><strong>caelum,</strong></span> 
     </span>
     <span class='ocr_line' id='line_1_19' title="bbox 189 1155 1661 1213; baseline 0.003 -19"><span class='ocrx_word' id='word_1_151' title='bbox 189 1163 222 1192; x_wconf 86' lang='lat' dir='ltr'><strong>b.</strong></span> <span class='ocrx_word' id='word_1_152' title='bbox 235 1169 310 1196; x_wconf 90' lang='lat' dir='ltr'><strong>nec</strong></span> <span class='ocrx_word' id='word_1_153' title='bbox 331 1155 605 1196; x_wconf 87' lang='lat' dir='ltr'><strong>Prometheus</strong></span> <span class='ocrx_word' id='word_1_154' title='bbox 625 1156 770 1197; x_wconf 85' lang='lat' dir='ltr'><strong>affixus</strong></span> <span class='ocrx_word' id='word_1_155' title='bbox 792 1156 998 1207; x_wconf 91' lang='lat' dir='ltr'><strong>Caucaso,</strong></span> <span class='ocrx_word' id='word_1_156' title='bbox 1027 1172 1103 1198; x_wconf 88' lang='lat' dir='ltr'><strong>nec</strong></span> <span class='ocrx_word' id='word_1_157' title='bbox 1135 1158 1324 1199; x_wconf 88' lang='lat' dir='ltr'><strong>stellatus</strong></span> <span class='ocrx_word' id='word_1_158' title='bbox 1346 1157 1543 1213; x_wconf 89' lang='lat' dir='ltr'><strong>Cepheus</strong></span> <span class='ocrx_word' id='word_1_159' title='bbox 1562 1171 1661 1198; x_wconf 89' lang='lat' dir='ltr'><strong>cum</strong></span> 
     </span>
     <span class='ocr_line' id='line_1_20' title="bbox 234 1212 1664 1269; baseline 0.001 -17"><span class='ocrx_word' id='word_1_160' title='bbox 234 1219 251 1243; x_wconf 83' lang='grc'>8</span> <span class='ocrx_word' id='word_1_161' title='bbox 275 1226 419 1261; x_wconf 83' lang='lat' dir='ltr'><strong>uxore,</strong></span> <span class='ocrx_word' id='word_1_162' title='bbox 438 1226 613 1266; x_wconf 85' lang='lat' dir='ltr'><strong>genero,</strong></span> <span class='ocrx_word' id='word_1_163' title='bbox 634 1212 716 1252; x_wconf 87' lang='lat' dir='ltr'><strong>filia</strong></span> <span class='ocrx_word' id='word_1_164' title='bbox 736 1213 984 1266; x_wconf 87' lang='lat' dir='ltr'><strong>traderetur,</strong></span> <span class='ocrx_word' id='word_1_165' title='bbox 1007 1214 1084 1254; x_wconf 90' lang='lat' dir='ltr'><strong>nisi</strong></span> <span class='ocrx_word' id='word_1_166' title='bbox 1108 1222 1125 1247; x_wconf 83' lang='lat'><strong>9</strong></span> <span class='ocrx_word' id='word_1_167' title='bbox 1139 1213 1371 1254; x_wconf 82' lang='lat' dir='ltr'><strong>caelestium</strong></span> <span class='ocrx_word' id='word_1_168' title='bbox 1395 1213 1535 1255; x_wconf 88' lang='lat' dir='ltr'><strong>divina</strong></span> <span class='ocrx_word' id='word_1_169' title='bbox 1557 1227 1664 1269; x_wconf 87' lang='lat' dir='ltr'><strong>cog-</strong></span> 
     </span>
     <span class='ocr_line' id='line_1_21' title="bbox 232 1268 1666 1311; baseline 0.002 -3"><span class='ocrx_word' id='word_1_170' title='bbox 232 1268 336 1309; x_wconf 87' lang='lat' dir='ltr'><strong>nitio</strong></span> <span class='ocrx_word' id='word_1_171' title='bbox 377 1282 530 1308; x_wconf 89' lang='lat' dir='ltr'><strong>nomen</strong></span> <span class='ocrx_word' id='word_1_172' title='bbox 566 1282 713 1309; x_wconf 89' lang='lat' dir='ltr'><strong>eorum</strong></span> <span class='ocrx_word' id='word_1_173' title='bbox 750 1269 803 1310; x_wconf 91' lang='lat' dir='ltr'><strong>ad</strong></span> <span class='ocrx_word' id='word_1_174' title='bbox 841 1283 1023 1310; x_wconf 87' lang='lat' dir='ltr'><strong>errorem</strong></span> <span class='ocrx_word' id='word_1_175' title='bbox 1056 1270 1210 1311; x_wconf 86' lang='lat' dir='ltr'><strong>fabulae</strong></span> <span class='ocrx_word' id='word_1_176' title='bbox 1245 1270 1511 1311; x_wconf 86' lang='lat' dir='ltr'><strong>traduxisset.</strong></span> <span class='ocrx_word' id='word_1_177' title='bbox 1571 1269 1666 1311; x_wconf 79' lang='grc' dir='ltr'><strong>10Α</strong></span> 
     </span>
     <span class='ocr_line' id='line_1_22' title="bbox 232 1324 1668 1382; baseline 0.001 -17"><span class='ocrx_word' id='word_1_178' title='bbox 232 1325 384 1380; x_wconf 88' lang='lat' dir='ltr'><strong>quibus</strong></span> <span class='ocrx_word' id='word_1_179' title='bbox 407 1324 523 1365; x_wconf 92' lang='lat' dir='ltr'><strong>ducti</strong></span> <span class='ocrx_word' id='word_1_180' title='bbox 550 1324 747 1380; x_wconf 86' lang='lat' dir='ltr'><strong>deinceps</strong></span> <span class='ocrx_word' id='word_1_181' title='bbox 775 1340 938 1377; x_wconf 84' lang='lat' dir='ltr'><strong>omneS,</strong></span> <span class='ocrx_word' id='word_1_182' title='bbox 965 1326 1038 1382; x_wconf 90' lang='lat' dir='ltr'><strong>qui</strong></span> <span class='ocrx_word' id='word_1_183' title='bbox 1068 1326 1109 1367; x_wconf 92' lang='lat' dir='ltr'><strong>in</strong></span> <span class='ocrx_word' id='word_1_184' title='bbox 1139 1341 1278 1368; x_wconf 88' lang='lat' dir='ltr'><strong>rerum</strong></span> <span class='ocrx_word' id='word_1_185' title='bbox 1309 1325 1668 1381; x_wconf 87' lang='lat' dir='ltr'><strong>contemplatione</strong></span> 
     </span>
     <span class='ocr_line' id='line_1_23' title="bbox 233 1380 1664 1437; baseline 0.001 -16"><span class='ocrx_word' id='word_1_186' title='bbox 233 1380 373 1421; x_wconf 88' lang='lat' dir='ltr'><strong>studia</strong></span> <span class='ocrx_word' id='word_1_187' title='bbox 392 1382 620 1435; x_wconf 89' lang='lat' dir='ltr'><strong>ponebant,</strong></span> <span class='ocrx_word' id='word_1_188' title='bbox 649 1382 856 1437; x_wconf 90' lang='lat' dir='ltr'><strong>sapientes</strong></span> <span class='ocrx_word' id='word_1_189' title='bbox 882 1392 926 1424; x_wconf 92' lang='lat' dir='ltr'><strong>et</strong></span> <span class='ocrx_word' id='word_1_190' title='bbox 951 1382 1229 1434; x_wconf 87' lang='lat' dir='ltr'><strong>habebantur,</strong></span> <span class='ocrx_word' id='word_1_191' title='bbox 1251 1393 1294 1425; x_wconf 92' lang='lat' dir='ltr'><strong>et</strong></span> <span class='ocrx_word' id='word_1_192' title='bbox 1313 1382 1664 1424; x_wconf 80' lang='lat' dir='ltr'><strong>nominabantur:</strong></span> 
     </span>
     <span class='ocr_line' id='line_1_24' title="bbox 231 1437 1665 1495; baseline 0.002 -18"><span class='ocrx_word' id='word_1_193' title='bbox 231 1437 361 1493; x_wconf 91' lang='lat' dir='ltr'><strong>idque</strong></span> <span class='ocrx_word' id='word_1_194' title='bbox 379 1452 526 1478; x_wconf 89' lang='lat' dir='ltr'><strong>eorum</strong></span> <span class='ocrx_word' id='word_1_195' title='bbox 557 1452 710 1478; x_wconf 88' lang='lat' dir='ltr'><strong>nomen</strong></span> <span class='ocrx_word' id='word_1_196' title='bbox 736 1453 868 1495; x_wconf 89' lang='lat' dir='ltr'><strong>usque</strong></span> <span class='ocrx_word' id='word_1_197' title='bbox 898 1439 950 1480; x_wconf 88' lang='lat' dir='ltr'><strong>ad</strong></span> <span class='ocrx_word' id='word_1_198' title='bbox 983 1439 1236 1495; x_wconf 74' lang='lat' dir='ltr'><strong>Pythagorae</strong></span> <span class='ocrx_word' id='word_1_199' title='bbox 1261 1439 1444 1480; x_wconf 87' lang='lat' dir='ltr'><strong>manavit</strong></span> <span class='ocrx_word' id='word_1_200' title='bbox 1470 1447 1665 1480; x_wconf 89' lang='lat' dir='ltr'><strong>aetatem:</strong></span> 
     </span>
     <span class='ocr_line' id='line_1_25' title="bbox 231 1494 1665 1549; baseline 0.001 -15"><span class='ocrx_word' id='word_1_201' title='bbox 231 1508 373 1549; x_wconf 90' lang='lat' dir='ltr'><strong>quem,</strong></span> <span class='ocrx_word' id='word_1_202' title='bbox 405 1503 453 1535; x_wconf 93' lang='lat' dir='ltr'><strong>ut</strong></span> <span class='ocrx_word' id='word_1_203' title='bbox 483 1495 627 1535; x_wconf 88' lang='lat' dir='ltr'><strong>scribit</strong></span> <span class='ocrx_word' id='word_1_204' title='bbox 661 1495 831 1536; x_wconf 85' lang='lat' dir='ltr'><strong>auditor</strong></span> <span class='ocrx_word' id='word_1_205' title='bbox 864 1495 1049 1536; x_wconf 89' lang='lat' dir='ltr'><strong>Platonis</strong></span> <span class='ocrx_word' id='word_1_206' title='bbox 1083 1496 1279 1537; x_wconf 90' lang='lat' dir='ltr'><strong>Ponticus</strong></span> <span class='ocrx_word' id='word_1_207' title='bbox 1315 1495 1576 1546; x_wconf 88' lang='lat' dir='ltr'><strong>Heraclides,</strong></span> <span class='ocrx_word' id='word_1_208' title='bbox 1603 1494 1665 1535; x_wconf 86' lang='lat' dir='ltr'><strong>vir</strong></span> 
     </span>
     <span class='ocr_line' id='line_1_26' title="bbox 229 1550 1666 1608; baseline 0 -16"><span class='ocrx_word' id='word_1_209' title='bbox 229 1551 382 1592; x_wconf 91' lang='lat' dir='ltr'><strong>doctus</strong></span> <span class='ocrx_word' id='word_1_210' title='bbox 412 1550 455 1591; x_wconf 93' lang='lat' dir='ltr'><strong>in</strong></span> <span class='ocrx_word' id='word_1_211' title='bbox 485 1551 644 1605; x_wconf 84' lang='lat' dir='ltr'><strong>primiS,</strong></span> <span class='ocrx_word' id='word_1_212' title='bbox 678 1551 917 1593; x_wconf 88' lang='lat' dir='ltr'><strong>Phliuntem</strong></span> <span class='ocrx_word' id='word_1_213' title='bbox 947 1552 1087 1593; x_wconf 86' lang='lat' dir='ltr'><strong>ferunt</strong></span> <span class='ocrx_word' id='word_1_214' title='bbox 1115 1553 1288 1603; x_wconf 90' lang='lat' dir='ltr'><strong>venisse,</strong></span> <span class='ocrx_word' id='word_1_215' title='bbox 1313 1561 1345 1584; x_wconf 85' lang='lat'><strong>11</strong></span> <span class='ocrx_word' id='word_1_216' title='bbox 1365 1566 1546 1608; x_wconf 90' lang='lat' dir='ltr'><strong>eumque</strong></span> <span class='ocrx_word' id='word_1_217' title='bbox 1565 1565 1666 1592; x_wconf 90' lang='lat' dir='ltr'><strong>cum</strong></span> 
     </span>
     <span class='ocr_line' id='line_1_27' title="bbox 230 1607 1667 1664; baseline 0 -15"><span class='ocrx_word' id='word_1_218' title='bbox 230 1608 409 1657; x_wconf 87' lang='lat' dir='ltr'><strong>Leonte,</strong></span> <span class='ocrx_word' id='word_1_219' title='bbox 445 1607 633 1663; x_wconf 86' lang='lat' dir='ltr'><strong>principe</strong></span> <span class='ocrx_word' id='word_1_220' title='bbox 664 1607 956 1659; x_wconf 85' lang='lat' dir='ltr'><strong>Phliasiorum,</strong></span> <span class='ocrx_word' id='word_1_221' title='bbox 990 1608 1114 1649; x_wconf 91' lang='lat' dir='ltr'><strong>docte</strong></span> <span class='ocrx_word' id='word_1_222' title='bbox 1149 1618 1192 1649; x_wconf 91' lang='lat' dir='ltr'><strong>et</strong></span> <span class='ocrx_word' id='word_1_223' title='bbox 1219 1609 1391 1664; x_wconf 88' lang='lat' dir='ltr'><strong>copiose</strong></span> <span class='ocrx_word' id='word_1_224' title='bbox 1421 1608 1667 1649; x_wconf 86' lang='lat' dir='ltr'><strong>disseruisse</strong></span> 
     </span>
     <span class='ocr_line' id='line_1_28' title="bbox 230 1663 1669 1720; baseline 0.001 -16"><span class='ocrx_word' id='word_1_225' title='bbox 230 1663 441 1719; x_wconf 89' lang='lat' dir='ltr'><strong>quaedam.</strong></span> <span class='ocrx_word' id='word_1_226' title='bbox 482 1666 602 1720; x_wconf 89' lang='lat' dir='ltr'><strong>cujus</strong></span> <span class='ocrx_word' id='word_1_227' title='bbox 633 1663 866 1719; x_wconf 78' lang='lat' dir='ltr'><strong>ingenium,</strong></span> <span class='ocrx_word' id='word_1_228' title='bbox 901 1674 944 1705; x_wconf 89' lang='lat' dir='ltr'><strong>et</strong></span> <span class='ocrx_word' id='word_1_229' title='bbox 977 1664 1261 1720; x_wconf 88' lang='lat' dir='ltr'><strong>eloquentiam</strong></span> <span class='ocrx_word' id='word_1_230' title='bbox 1301 1680 1398 1706; x_wconf 90' lang='lat' dir='ltr'><strong>cum</strong></span> <span class='ocrx_word' id='word_1_231' title='bbox 1435 1663 1669 1705; x_wconf 78' lang='lat' dir='ltr'><strong>admiratus</strong></span> 
     </span>
     <span class='ocr_line' id='line_1_29' title="bbox 230 1720 1668 1777; baseline 0.001 -17"><span class='ocrx_word' id='word_1_232' title='bbox 230 1729 342 1761; x_wconf 89' lang='lat' dir='ltr'><strong>esset</strong></span> <span class='ocrx_word' id='word_1_233' title='bbox 362 1721 496 1771; x_wconf 89' lang='lat' dir='ltr'><strong>Leon,</strong></span> <span class='ocrx_word' id='word_1_234' title='bbox 517 1721 753 1776; x_wconf 79' lang='lat' dir='ltr'><strong>quaesivisse</strong></span> <span class='ocrx_word' id='word_1_235' title='bbox 773 1736 823 1761; x_wconf 84' lang='lat' dir='ltr'><strong>ex</strong></span> <span class='ocrx_word' id='word_1_236' title='bbox 843 1736 910 1771; x_wconf 92' lang='lat' dir='ltr'><strong>eo,</strong></span> <span class='ocrx_word' id='word_1_237' title='bbox 941 1736 1023 1777; x_wconf 88' lang='lat' dir='ltr'><strong>qua</strong></span> <span class='ocrx_word' id='word_1_238' title='bbox 1051 1722 1230 1762; x_wconf 88' lang='lat' dir='ltr'><strong>maxime</strong></span> <span class='ocrx_word' id='word_1_239' title='bbox 1252 1731 1340 1762; x_wconf 86' lang='lat' dir='ltr'><strong>arte</strong></span> <span class='ocrx_word' id='word_1_240' title='bbox 1360 1720 1601 1762; x_wconf 88' lang='lat' dir='ltr'><strong>confideret.</strong></span> <span class='ocrx_word' id='word_1_241' title='bbox 1623 1728 1668 1762; x_wconf 87' lang='lat' dir='ltr'><strong>at</strong></span> 
     </span>
     <span class='ocr_line' id='line_1_30' title="bbox 228 1776 1666 1832; baseline 0 -15"><span class='ocrx_word' id='word_1_242' title='bbox 228 1776 351 1818; x_wconf 91' lang='lat' dir='ltr'><strong>illum</strong></span> <span class='ocrx_word' id='word_1_243' title='bbox 371 1787 504 1817; x_wconf 87' lang='lat' dir='ltr'><strong>artem</strong></span> <span class='ocrx_word' id='word_1_244' title='bbox 526 1777 698 1832; x_wconf 89' lang='lat' dir='ltr'><strong>quidem</strong></span> <span class='ocrx_word' id='word_1_245' title='bbox 719 1791 763 1818; x_wconf 91' lang='lat' dir='ltr'><strong>se</strong></span> <span class='ocrx_word' id='word_1_246' title='bbox 790 1777 895 1818; x_wconf 88' lang='lat' dir='ltr'><strong>scire</strong></span> <span class='ocrx_word' id='word_1_247' title='bbox 923 1777 1097 1828; x_wconf 90' lang='lat' dir='ltr'><strong>nullam,</strong></span> <span class='ocrx_word' id='word_1_248' title='bbox 1127 1776 1200 1818; x_wconf 90' lang='lat' dir='ltr'><strong>sed</strong></span> <span class='ocrx_word' id='word_1_249' title='bbox 1228 1792 1319 1818; x_wconf 89' lang='lat' dir='ltr'><strong>esse</strong></span> <span class='ocrx_word' id='word_1_250' title='bbox 1348 1776 1666 1832; x_wconf 88' lang='lat' dir='ltr'><strong>philosophum.</strong></span> 
     </span>
     <span class='ocr_line' id='line_1_31' title="bbox 229 1831 1668 1890; baseline 0.001 -17"><span class='ocrx_word' id='word_1_251' title='bbox 229 1831 486 1874; x_wconf 88' lang='lat' dir='ltr'><strong>admiratum</strong></span> <span class='ocrx_word' id='word_1_252' title='bbox 517 1835 722 1874; x_wconf 90' lang='lat' dir='ltr'><strong>Leontem</strong></span> <span class='ocrx_word' id='word_1_253' title='bbox 756 1834 982 1876; x_wconf 83' lang='lat' dir='ltr'><strong>novitatem</strong></span> <span class='ocrx_word' id='word_1_254' title='bbox 1011 1834 1207 1885; x_wconf 89' lang='lat' dir='ltr'><strong>nominis,</strong></span> <span class='ocrx_word' id='word_1_255' title='bbox 1237 1833 1449 1889; x_wconf 89' lang='lat' dir='ltr'><strong>quaesisse,</strong></span> <span class='ocrx_word' id='word_1_256' title='bbox 1479 1832 1668 1890; x_wconf 72' lang='lat' dir='ltr'><strong>Quinam</strong></span> 
     </span>
     <span class='ocr_line' id='line_1_32' title="bbox 230 1889 1663 1946; baseline 0.001 -17"><span class='ocrx_word' id='word_1_257' title='bbox 230 1897 370 1930; x_wconf 88' lang='lat' dir='ltr'><strong>essent</strong></span> <span class='ocrx_word' id='word_1_258' title='bbox 389 1889 647 1945; x_wconf 90' lang='lat' dir='ltr'><strong>philosophi,</strong></span> <span class='ocrx_word' id='word_1_259' title='bbox 677 1899 719 1931; x_wconf 85' lang='lat' dir='ltr'><strong>et</strong></span> <span class='ocrx_word' id='word_1_260' title='bbox 749 1890 850 1946; x_wconf 91' lang='lat' dir='ltr'><strong>quid</strong></span> <span class='ocrx_word' id='word_1_261' title='bbox 885 1890 992 1931; x_wconf 91' lang='lat' dir='ltr'><strong>inter</strong></span> <span class='ocrx_word' id='word_1_262' title='bbox 1024 1905 1095 1932; x_wconf 90' lang='lat' dir='ltr'><strong>eos</strong></span> <span class='ocrx_word' id='word_1_263' title='bbox 1126 1898 1168 1931; x_wconf 91' lang='lat' dir='ltr'><strong>et</strong></span> <span class='ocrx_word' id='word_1_264' title='bbox 1197 1890 1381 1945; x_wconf 87' lang='lat' dir='ltr'><strong>reliquos</strong></span> <span class='ocrx_word' id='word_1_265' title='bbox 1411 1890 1663 1931; x_wconf 90' lang='lat' dir='ltr'><strong>interesset?</strong></span> 
     </span>
     <span class='ocr_line' id='line_1_33' title="bbox 194 1945 1664 2002; baseline 0.001 -16"><span class='ocrx_word' id='word_1_266' title='bbox 194 1945 519 2002; x_wconf 85' lang='lat' dir='ltr'><strong>9Pythagoram</strong></span> <span class='ocrx_word' id='word_1_267' title='bbox 552 1956 694 1987; x_wconf 88' lang='lat' dir='ltr'><strong>autem</strong></span> <span class='ocrx_word' id='word_1_268' title='bbox 724 1946 1012 2002; x_wconf 87' lang='lat' dir='ltr'><strong>respondisse:</strong></span> <span class='ocrx_word' id='word_1_269' title='bbox 1044 1946 1225 1988; x_wconf 89' lang='lat' dir='ltr'><strong>similem</strong></span> <span class='ocrx_word' id='word_1_270' title='bbox 1260 1946 1340 1988; x_wconf 92' lang='lat' dir='ltr'><strong>sibi</strong></span> <span class='ocrx_word' id='word_1_271' title='bbox 1373 1946 1504 1987; x_wconf 87' lang='lat' dir='ltr'><strong>videri</strong></span> <span class='ocrx_word' id='word_1_272' title='bbox 1537 1946 1664 1987; x_wconf 86' lang='lat' dir='ltr'><strong>vitam</strong></span> 
     </span>
     <span class='ocr_line' id='line_1_34' title="bbox 231 2001 1667 2059; baseline 0.001 -16"><span class='ocrx_word' id='word_1_273' title='bbox 231 2001 470 2054; x_wconf 90' lang='lat' dir='ltr'><strong>hominum,</strong></span> <span class='ocrx_word' id='word_1_274' title='bbox 491 2012 534 2044; x_wconf 90' lang='lat' dir='ltr'><strong>et</strong></span> <span class='ocrx_word' id='word_1_275' title='bbox 553 2011 786 2044; x_wconf 87' lang='lat' dir='ltr'><strong>mercatum</strong></span> <span class='ocrx_word' id='word_1_276' title='bbox 801 2017 914 2054; x_wconf 90' lang='lat' dir='ltr'><strong>eum,</strong></span> <span class='ocrx_word' id='word_1_277' title='bbox 933 2003 1004 2059; x_wconf 89' lang='lat' dir='ltr'><strong>qui</strong></span> <span class='ocrx_word' id='word_1_278' title='bbox 1023 2004 1248 2044; x_wconf 89' lang='lat' dir='ltr'><strong>haberetur</strong></span> <span class='ocrx_word' id='word_1_279' title='bbox 1261 2003 1448 2044; x_wconf 85' lang='lat' dir='ltr'><strong>maximo</strong></span> <span class='ocrx_word' id='word_1_280' title='bbox 1467 2002 1667 2045; x_wconf 87' lang='lat' dir='ltr'><strong>ludorum</strong></span> 
     </span>
     <span class='ocr_line' id='line_1_35' title="bbox 232 2059 1669 2114; baseline 0.001 -15"><span class='ocrx_word' id='word_1_281' title='bbox 232 2068 437 2114; x_wconf 88' lang='lat' dir='ltr'><strong>apparatu</strong></span> <span class='ocrx_word' id='word_1_282' title='bbox 467 2060 597 2100; x_wconf 89' lang='lat' dir='ltr'><strong>totius</strong></span> <span class='ocrx_word' id='word_1_283' title='bbox 635 2060 813 2100; x_wconf 84' lang='lat' dir='ltr'><strong>Graeciae</strong></span> <span class='ocrx_word' id='word_1_284' title='bbox 846 2060 1101 2101; x_wconf 86' lang='lat' dir='ltr'><strong>celebritate.</strong></span> <span class='ocrx_word' id='word_1_285' title='bbox 1135 2074 1231 2101; x_wconf 88' lang='lat' dir='ltr'><strong>nam</strong></span> <span class='ocrx_word' id='word_1_286' title='bbox 1270 2069 1319 2101; x_wconf 90' lang='lat' dir='ltr'><strong>ut</strong></span> <span class='ocrx_word' id='word_1_287' title='bbox 1348 2059 1435 2101; x_wconf 86' lang='lat' dir='ltr'><strong>illic</strong></span> <span class='ocrx_word' id='word_1_288' title='bbox 1467 2059 1538 2100; x_wconf 87' lang='lat' dir='ltr'><strong>alii</strong></span> <span class='ocrx_word' id='word_1_289' title='bbox 1575 2073 1669 2100; x_wconf 86' lang='lat' dir='ltr'><strong>cor-</strong></span> 
     </span>
     <span class='ocr_line' id='line_1_36' title="bbox 231 2115 1665 2171; baseline 0.001 -16"><span class='ocrx_word' id='word_1_290' title='bbox 231 2115 406 2170; x_wconf 85' lang='lat' dir='ltr'><strong>poribus</strong></span> <span class='ocrx_word' id='word_1_291' title='bbox 426 2115 661 2157; x_wconf 86' lang='lat' dir='ltr'><strong>exercitatis</strong></span> <span class='ocrx_word' id='word_1_292' title='bbox 682 2116 863 2171; x_wconf 89' lang='lat' dir='ltr'><strong>gloriam</strong></span> <span class='ocrx_word' id='word_1_293' title='bbox 893 2126 936 2158; x_wconf 93' lang='lat' dir='ltr'><strong>et</strong></span> <span class='ocrx_word' id='word_1_294' title='bbox 961 2117 1226 2158; x_wconf 89' lang='lat' dir='ltr'><strong>nobilitatem</strong></span> <span class='ocrx_word' id='word_1_295' title='bbox 1254 2131 1423 2157; x_wconf 88' lang='lat' dir='ltr'><strong>coronae</strong></span> <span class='ocrx_word' id='word_1_296' title='bbox 1443 2123 1665 2171; x_wconf 90' lang='lat' dir='ltr'><strong>peterent:</strong></span> 
     </span>
     <span class='ocr_line' id='line_1_37' title="bbox 231 2171 1670 2229; baseline 0.001 -18"><span class='ocrx_word' id='word_1_297' title='bbox 231 2171 302 2212; x_wconf 90' lang='lat' dir='ltr'><strong>alii</strong></span> <span class='ocrx_word' id='word_1_298' title='bbox 320 2171 502 2222; x_wconf 89' lang='lat' dir='ltr'><strong>emendi,</strong></span> <span class='ocrx_word' id='word_1_299' title='bbox 523 2183 596 2213; x_wconf 87' lang='lat' dir='ltr'><strong>aut</strong></span> <span class='ocrx_word' id='word_1_300' title='bbox 613 2172 818 2213; x_wconf 89' lang='lat' dir='ltr'><strong>vendendi</strong></span> <span class='ocrx_word' id='word_1_301' title='bbox 848 2182 1013 2229; x_wconf 90' lang='lat' dir='ltr'><strong>quaestu</strong></span> <span class='ocrx_word' id='word_1_302' title='bbox 1040 2183 1083 2214; x_wconf 93' lang='lat' dir='ltr'><strong>et</strong></span> <span class='ocrx_word' id='word_1_303' title='bbox 1109 2173 1228 2214; x_wconf 89' lang='lat' dir='ltr'><strong>lucro</strong></span> <span class='ocrx_word' id='word_1_304' title='bbox 1249 2172 1526 2214; x_wconf 84' lang='lat' dir='ltr'><strong>ducerentur:</strong></span> <span class='ocrx_word' id='word_1_305' title='bbox 1555 2179 1670 2213; x_wconf 87' lang='lat' dir='ltr'><strong>esset</strong></span> 
     </span>
     <span class='ocr_line' id='line_1_38' title="bbox 231 2227 1667 2286; baseline 0 -18"><span class='ocrx_word' id='word_1_306' title='bbox 231 2236 374 2268; x_wconf 90' lang='lat' dir='ltr'><strong>autem</strong></span> <span class='ocrx_word' id='word_1_307' title='bbox 394 2227 609 2284; x_wconf 89' lang='lat' dir='ltr'><strong>quoddam</strong></span> <span class='ocrx_word' id='word_1_308' title='bbox 631 2243 766 2284; x_wconf 87' lang='lat' dir='ltr'><strong>genus</strong></span> <span class='ocrx_word' id='word_1_309' title='bbox 786 2243 950 2281; x_wconf 91' lang='lat' dir='ltr'><strong>eorum,</strong></span> <span class='ocrx_word' id='word_1_310' title='bbox 974 2230 1101 2286; x_wconf 89' lang='lat' dir='ltr'><strong>idque</strong></span> <span class='ocrx_word' id='word_1_311' title='bbox 1129 2230 1192 2270; x_wconf 90' lang='lat' dir='ltr'><strong>vel</strong></span> <span class='ocrx_word' id='word_1_312' title='bbox 1219 2229 1401 2270; x_wconf 87' lang='lat' dir='ltr'><strong>maxime</strong></span> <span class='ocrx_word' id='word_1_313' title='bbox 1421 2229 1667 2284; x_wconf 85' lang='lat' dir='ltr'><strong>ingenuum,</strong></span> 
     </span>
     <span class='ocr_line' id='line_1_39' title="bbox 231 2284 1670 2342; baseline 0 -17"><span class='ocrx_word' id='word_1_314' title='bbox 231 2284 305 2339; x_wconf 91' lang='lat' dir='ltr'><strong>qui</strong></span> <span class='ocrx_word' id='word_1_315' title='bbox 324 2299 401 2326; x_wconf 92' lang='lat' dir='ltr'><strong>nec</strong></span> <span class='ocrx_word' id='word_1_316' title='bbox 431 2285 642 2340; x_wconf 89' lang='lat' dir='ltr'><strong>plausum,</strong></span> <span class='ocrx_word' id='word_1_317' title='bbox 674 2300 749 2326; x_wconf 91' lang='lat' dir='ltr'><strong>nec</strong></span> <span class='ocrx_word' id='word_1_318' title='bbox 779 2285 944 2328; x_wconf 87' lang='lat' dir='ltr'><strong>lucrum</strong></span> <span class='ocrx_word' id='word_1_319' title='bbox 975 2294 1223 2342; x_wconf 71' lang='lat' dir='ltr'><strong>quaererent,</strong></span> <span class='ocrx_word' id='word_1_320' title='bbox 1254 2285 1328 2327; x_wconf 87' lang='lat' dir='ltr'><strong>sed</strong></span> <span class='ocrx_word' id='word_1_321' title='bbox 1355 2284 1513 2326; x_wconf 89' lang='lat' dir='ltr'><strong>visendi</strong></span> <span class='ocrx_word' id='word_1_322' title='bbox 1541 2298 1670 2325; x_wconf 87' lang='lat' dir='ltr'><strong>causa</strong></span> 
     </span>
     <span class='ocr_line' id='line_1_40' title="bbox 230 2340 1669 2398; baseline 0.001 -18"><span class='ocrx_word' id='word_1_323' title='bbox 230 2340 433 2391; x_wconf 89' lang='lat' dir='ltr'><strong>venirent,</strong></span> <span class='ocrx_word' id='word_1_324' title='bbox 473 2341 746 2398; x_wconf 89' lang='lat' dir='ltr'><strong>studioseque</strong></span> <span class='ocrx_word' id='word_1_325' title='bbox 783 2343 1077 2398; x_wconf 88' lang='lat' dir='ltr'><strong>perspicerent,</strong></span> <span class='ocrx_word' id='word_1_326' title='bbox 1116 2341 1217 2398; x_wconf 92' lang='lat' dir='ltr'><strong>quid</strong></span> <span class='ocrx_word' id='word_1_327' title='bbox 1250 2350 1461 2397; x_wconf 85' lang='lat' dir='ltr'><strong>ageretur,</strong></span> <span class='ocrx_word' id='word_1_328' title='bbox 1500 2350 1543 2381; x_wconf 93' lang='lat' dir='ltr'><strong>et</strong></span> <span class='ocrx_word' id='word_1_329' title='bbox 1581 2355 1669 2396; x_wconf 91' lang='lat' dir='ltr'><strong>quo</strong></span> 
     </span>
     <span class='ocr_line' id='line_1_41' title="bbox 231 2396 1666 2455; baseline 0 -17"><span class='ocrx_word' id='word_1_330' title='bbox 231 2396 390 2438; x_wconf 87' lang='lat' dir='ltr'><strong>modo:</strong></span> <span class='ocrx_word' id='word_1_331' title='bbox 425 2398 534 2439; x_wconf 77' lang='lat' dir='ltr'><strong>12ita</strong></span> <span class='ocrx_word' id='word_1_332' title='bbox 562 2413 638 2439; x_wconf 92' lang='lat' dir='ltr'><strong>nos</strong></span> <span class='ocrx_word' id='word_1_333' title='bbox 668 2399 787 2454; x_wconf 87' lang='lat' dir='ltr'><strong>quasi</strong></span> <span class='ocrx_word' id='word_1_334' title='bbox 814 2399 857 2439; x_wconf 92' lang='lat' dir='ltr'><strong>in</strong></span> <span class='ocrx_word' id='word_1_335' title='bbox 887 2406 1096 2441; x_wconf 91' lang='lat' dir='ltr'><strong>mercatus</strong></span> <span class='ocrx_word' id='word_1_336' title='bbox 1131 2398 1342 2455; x_wconf 88' lang='lat' dir='ltr'><strong>quandam</strong></span> <span class='ocrx_word' id='word_1_337' title='bbox 1377 2397 1666 2439; x_wconf 89' lang='lat' dir='ltr'><strong>celebritatem</strong></span> 
     </span>
    </p>
   </div>
   <div class='ocr_carea' id='block_1_3' title="bbox 235 2508 1674 2765">
    <p class='ocr_par' dir='ltr' id='par_1_3' title="bbox 235 2508 1674 2681">
     <span class='ocr_line' id='line_1_42' title="bbox 281 2508 1674 2551; baseline 0.004 -12"><span class='ocrx_word' id='word_1_338' title='bbox 281 2517 298 2541; x_wconf 85' lang='lat'><em>8</em></span> <span class='ocrx_word' id='word_1_339' title='bbox 321 2522 420 2546; x_wconf 76' lang='lat' dir='ltr'><strong>uxore,</strong></span> <span class='ocrx_word' id='word_1_340' title='bbox 448 2520 564 2549; x_wconf 83' lang='lat' dir='ltr'><strong>genero,</strong></span> <span class='ocrx_word' id='word_1_341' title='bbox 584 2508 674 2549; x_wconf 81' lang='lat' dir='ltr'><strong>filia]</strong></span> <span class='ocrx_word' id='word_1_342' title='bbox 707 2510 827 2546; x_wconf 85' lang='lat' dir='ltr'><strong>Uxore,</strong></span> <span class='ocrx_word' id='word_1_343' title='bbox 859 2509 930 2540; x_wconf 82' lang='lat' dir='ltr'><strong>Cas·</strong></span> <span class='ocrx_word' id='word_1_344' title='bbox 976 2510 1052 2540; x_wconf 78' lang='lat' dir='ltr'><strong>docti</strong></span> <span class='ocrx_word' id='word_1_345' title='bbox 1066 2522 1075 2540; x_wconf 94' lang='lat'><strong>.·</strong></span> <span class='ocrx_word' id='word_1_346' title='bbox 1101 2511 1194 2541; x_wconf 86' lang='lat' dir='ltr'><strong>male.</strong></span> <span class='ocrx_word' id='word_1_347' title='bbox 1209 2511 1289 2541; x_wconf 83' lang='lat' dir='ltr'><strong>ducti</strong></span> <span class='ocrx_word' id='word_1_348' title='bbox 1312 2518 1358 2542; x_wconf 85' lang='lat' dir='ltr'><strong>est</strong></span> <span class='ocrx_word' id='word_1_349' title='bbox 1380 2512 1452 2549; x_wconf 86' lang='lat' dir='ltr'><strong>orti,</strong></span> <span class='ocrx_word' id='word_1_350' title='bbox 1476 2513 1620 2551; x_wconf 83' lang='lat' dir='ltr'><strong>profecti,</strong></span> <span class='ocrx_word' id='word_1_351' title='bbox 1637 2520 1674 2545; x_wconf 86' lang='lat' dir='ltr'><strong>ut</strong></span> 
     </span>
     <span class='ocr_line' id='line_1_43' title="bbox 235 2552 1671 2596; baseline 0.002 -12"><span class='ocrx_word' id='word_1_352' title='bbox 235 2552 354 2592; x_wconf 71' lang='lat' dir='ltr'><strong>siopeia,</strong></span> <span class='ocrx_word' id='word_1_353' title='bbox 371 2562 485 2592; x_wconf 87' lang='lat' dir='ltr'><strong>genero</strong></span> <span class='ocrx_word' id='word_1_354' title='bbox 502 2552 613 2588; x_wconf 70' lang='lat' dir='ltr'><strong>Perseo,</strong></span> <span class='ocrx_word' id='word_1_355' title='bbox 632 2552 696 2582; x_wconf 78' lang='lat' dir='ltr'><strong>filia</strong></span> <span class='ocrx_word' id='word_1_356' title='bbox 711 2552 904 2583; x_wconf 83' lang='lat' dir='ltr'><strong>Andromeda.</strong></span> <span class='ocrx_word' id='word_1_357' title='bbox 975 2553 1049 2583; x_wconf 84' lang='lat' dir='ltr'><strong>alibi</strong></span> <span class='ocrx_word' id='word_1_358' title='bbox 1066 2554 1141 2584; x_wconf 79' lang='lat' dir='ltr'><strong>dicit</strong></span> <span class='ocrx_word' id='word_1_359' title='bbox 1163 2554 1286 2591; x_wconf 82' lang='lat' dir='ltr'><strong>Cicero,</strong></span> <span class='ocrx_word' id='word_1_360' title='bbox 1310 2565 1340 2584; x_wconf 93' lang='lat' dir='ltr'><strong>v.</strong></span> <span class='ocrx_word' id='word_1_361' title='bbox 1364 2564 1391 2585; x_wconf 88' lang='lat' dir='ltr'><strong>c.</strong></span> <span class='ocrx_word' id='word_1_362' title='bbox 1415 2564 1434 2585; x_wconf 87' lang='lat' dir='ltr'><strong>a</strong></span> <span class='ocrx_word' id='word_1_363' title='bbox 1455 2556 1585 2586; x_wconf 88' lang='lat' dir='ltr'><strong>Zenone</strong></span> <span class='ocrx_word' id='word_1_364' title='bbox 1600 2566 1671 2596; x_wconf 86' lang='lat' dir='ltr'><strong>pro-</strong></span> 
     </span>
     <span class='ocr_line' id='line_1_44' title="bbox 282 2594 1618 2637; baseline 0.004 -13"><span class='ocrx_word' id='word_1_365' title='bbox 282 2604 301 2628; x_wconf 86' lang='lat'><strong>9</strong></span> <span class='ocrx_word' id='word_1_366' title='bbox 323 2595 479 2625; x_wconf 73' lang='lat' dir='ltr'><strong>caelestium</strong></span> <span class='ocrx_word' id='word_1_367' title='bbox 509 2594 630 2634; x_wconf 82' lang='lat' dir='ltr'><strong>cognitio</strong></span> <span class='ocrx_word' id='word_1_368' title='bbox 660 2594 702 2623; x_wconf 79' lang='lat' dir='ltr'><strong>ad</strong></span> <span class='ocrx_word' id='word_1_369' title='bbox 728 2606 783 2624; x_wconf 85' lang='lat' dir='ltr'><strong>err.</strong></span> <span class='ocrx_word' id='word_1_370' title='bbox 806 2595 839 2634; x_wconf 88' lang='lat' dir='ltr'><strong>f.</strong></span> <span class='ocrx_word' id='word_1_371' title='bbox 870 2602 932 2624; x_wconf 83' lang='lat' dir='ltr'><strong>tra—</strong></span> <span class='ocrx_word' id='word_1_372' title='bbox 976 2597 1061 2633; x_wconf 79' lang='lat' dir='ltr'><strong>fecti,</strong></span> <span class='ocrx_word' id='word_1_373' title='bbox 1077 2603 1153 2627; x_wconf 85' lang='lat' dir='ltr'><strong>sunt</strong></span> <span class='ocrx_word' id='word_1_374' title='bbox 1168 2597 1312 2637; x_wconf 78' lang='lat' dir='ltr'><strong>discipuli</strong></span> <span class='ocrx_word' id='word_1_375' title='bbox 1329 2596 1409 2635; x_wconf 85' lang='lat' dir='ltr'><strong>ejus.</strong></span> <span class='ocrx_word' id='word_1_376' title='bbox 1453 2598 1571 2635; x_wconf 81' lang='lat' dir='ltr'><strong>Div.1,</strong></span> <span class='ocrx_word' id='word_1_377' title='bbox 1588 2605 1618 2629; x_wconf 81' lang='lat'><strong>3.</strong></span> 
     </span>
     <span class='ocr_line' id='line_1_45' title="bbox 238 2637 1672 2681; baseline 0.004 -14"><span class='ocrx_word' id='word_1_378' title='bbox 238 2637 380 2677; x_wconf 78' lang='lat' dir='ltr'><strong>luxisset]</strong></span> <span class='ocrx_word' id='word_1_379' title='bbox 413 2638 465 2668; x_wconf 87' lang='lat' dir='ltr'><strong>Sc.</strong></span> <span class='ocrx_word' id='word_1_380' title='bbox 488 2638 695 2668; x_wconf 84' lang='lat' dir='ltr'><strong>Prometheus</strong></span> <span class='ocrx_word' id='word_1_381' title='bbox 726 2638 759 2667; x_wconf 87' lang='lat' dir='ltr'><strong>in</strong></span> <span class='ocrx_word' id='word_1_382' title='bbox 790 2638 932 2668; x_wconf 85' lang='lat' dir='ltr'><strong>Caucaso</strong></span> <span class='ocrx_word' id='word_1_383' title='bbox 1021 2647 1055 2670; x_wconf 84' lang='lat'><strong>11</strong></span> <span class='ocrx_word' id='word_1_384' title='bbox 1082 2651 1199 2681; x_wconf 83' lang='lat' dir='ltr'><strong>eumque</strong></span> <span class='ocrx_word' id='word_1_385' title='bbox 1214 2651 1277 2669; x_wconf 84' lang='lat' dir='ltr'><strong>cum</strong></span> <span class='ocrx_word' id='word_1_386' title='bbox 1294 2640 1345 2679; x_wconf 89' lang='lat' dir='ltr'><strong>L.]</strong></span> <span class='ocrx_word' id='word_1_387' title='bbox 1370 2641 1517 2672; x_wconf 86' lang='lat' dir='ltr'><strong>Davisius</strong></span> <span class='ocrx_word' id='word_1_388' title='bbox 1537 2642 1672 2673; x_wconf 81' lang='lat' dir='ltr'><strong>correxit</strong></span> 
     </span>
    </p>

    <p class='ocr_par' dir='ltr' id='par_1_4' title="bbox 237 2680 1674 2765">
     <span class='ocr_line' id='line_1_46' title="bbox 237 2680 1341 2723; baseline 0.002 -12"><span class='ocrx_word' id='word_1_389' title='bbox 237 2682 349 2711; x_wconf 85' lang='lat' dir='ltr'><strong>sedens</strong></span> <span class='ocrx_word' id='word_1_390' title='bbox 364 2680 469 2712; x_wconf 87' lang='lat' dir='ltr'><strong>stellas</strong></span> <span class='ocrx_word' id='word_1_391' title='bbox 492 2680 671 2720; x_wconf 83' lang='lat' dir='ltr'><strong>speculatus</strong></span> <span class='ocrx_word' id='word_1_392' title='bbox 695 2687 771 2717; x_wconf 84' lang='lat' dir='ltr'><strong>erat,</strong></span> <span class='ocrx_word' id='word_1_393' title='bbox 786 2680 933 2720; x_wconf 86' lang='lat' dir='ltr'><strong>Cepheus</strong></span> <span class='ocrx_word' id='word_1_394' title='bbox 977 2693 1095 2723; x_wconf 81' lang='lat' dir='ltr'><strong>cumque</strong></span> <span class='ocrx_word' id='word_1_395' title='bbox 1108 2683 1146 2712; x_wconf 89' lang='lat' dir='ltr'><strong>L.</strong></span> <span class='ocrx_word' id='word_1_396' title='bbox 1164 2693 1228 2713; x_wconf 89' lang='lat' dir='ltr'><strong>non</strong></span> <span class='ocrx_word' id='word_1_397' title='bbox 1246 2682 1341 2713; x_wconf 86' lang='lat' dir='ltr'><strong>male.</strong></span> 
     </span>
     <span class='ocr_line' id='line_1_47' title="bbox 239 2723 1674 2765; baseline 0.002 -11"><span class='ocrx_word' id='word_1_398' title='bbox 239 2725 318 2754; x_wconf 83' lang='lat' dir='ltr'><strong>item</strong></span> <span class='ocrx_word' id='word_1_399' title='bbox 333 2731 488 2754; x_wconf 83' lang='lat' dir='ltr'><strong>astrorum</strong></span> <span class='ocrx_word' id='word_1_400' title='bbox 508 2724 615 2755; x_wconf 87' lang='lat' dir='ltr'><strong>studio</strong></span> <span class='ocrx_word' id='word_1_401' title='bbox 632 2723 754 2754; x_wconf 85' lang='lat' dir='ltr'><strong>deditus</strong></span> <span class='ocrx_word' id='word_1_402' title='bbox 770 2724 841 2754; x_wconf 84' lang='lat' dir='ltr'><strong>fuit.</strong></span> <span class='ocrx_word' id='word_1_403' title='bbox 858 2725 934 2755; x_wconf 86' lang='lat' dir='ltr'><strong>hinc</strong></span> <span class='ocrx_word' id='word_1_404' title='bbox 1023 2732 1060 2755; x_wconf 64' lang='grc' dir='ltr'><strong>ια</strong></span> <span class='ocrx_word' id='word_1_405' title='bbox 1084 2725 1127 2753; x_wconf 80' lang='lat' dir='ltr'><strong>ita</strong></span> <span class='ocrx_word' id='word_1_406' title='bbox 1149 2725 1208 2765; x_wconf 81' lang='lat' dir='ltr'><strong>nos]</strong></span> <span class='ocrx_word' id='word_1_407' title='bbox 1236 2726 1279 2755; x_wconf 80' lang='lat' dir='ltr'><strong>ita</strong></span> <span class='ocrx_word' id='word_1_408' title='bbox 1302 2735 1357 2765; x_wconf 85' lang='lat' dir='ltr'><strong>pro</strong></span> <span class='ocrx_word' id='word_1_409' title='bbox 1380 2726 1448 2755; x_wconf 85' lang='lat' dir='ltr'><strong>item</strong></span> <span class='ocrx_word' id='word_1_410' title='bbox 1469 2726 1554 2757; x_wconf 87' lang='lat' dir='ltr'><strong>dedit</strong></span> <span class='ocrx_word' id='word_1_411' title='bbox 1576 2726 1674 2758; x_wconf 86' lang='lat' dir='ltr'><strong>Davi·</strong></span> 
     </span>
    </p>
   </div>
   <div class='ocr_carea' id='block_1_4' title="bbox 240 2766 1474 2852">
    <p class='ocr_par' dir='ltr' id='par_1_5' title="bbox 240 2766 1474 2852">
     <span class='ocr_line' id='line_1_48' title="bbox 240 2766 1474 2800; baseline 0.003 -4"><span class='ocrx_word' id='word_1_412' title='bbox 240 2766 357 2797; x_wconf 72' lang='lat' dir='ltr'><strong>{abulae</strong></span> <span class='ocrx_word' id='word_1_413' title='bbox 373 2767 474 2797; x_wconf 82' lang='lat' dir='ltr'><strong>factae.</strong></span> <span class='ocrx_word' id='word_1_414' title='bbox 978 2769 1054 2799; x_wconf 80' lang='lat' dir='ltr'><strong>sius.</strong></span> <span class='ocrx_word' id='word_1_415' title='bbox 1069 2768 1162 2799; x_wconf 85' lang='lat' dir='ltr'><strong>bene.</strong></span> <span class='ocrx_word' id='word_1_416' title='bbox 1177 2770 1222 2800; x_wconf 85' lang='lat' dir='ltr'><strong>sic</strong></span> <span class='ocrx_word' id='word_1_417' title='bbox 1239 2775 1269 2799; x_wconf 87' lang='lat' dir='ltr'><strong>et</strong></span> <span class='ocrx_word' id='word_1_418' title='bbox 1286 2769 1348 2800; x_wconf 89' lang='lat' dir='ltr'><strong>Ms.</strong></span> <span class='ocrx_word' id='word_1_419' title='bbox 1366 2768 1474 2800; x_wconf 79' lang='lat' dir='ltr'><strong>Guelf.</strong></span> 
     </span>
     <span class='ocr_line' id='line_1_49' title="bbox 261 2807 937 2852; baseline -0.001 -11"><span class='ocrx_word' id='word_1_420' title='bbox 261 2816 263 2818; x_wconf 80' lang='grc'>’</span> <span class='ocrx_word' id='word_1_421' title='bbox 287 2817 325 2841; x_wconf 86' lang='grc'><strong>10</strong></span> <span class='ocrx_word' id='word_1_422' title='bbox 348 2809 377 2840; x_wconf 84' lang='grc' dir='ltr'><em>Α</em></span> <span class='ocrx_word' id='word_1_423' title='bbox 399 2809 500 2852; x_wconf 79' lang='lat' dir='ltr'><strong>quibus</strong></span> <span class='ocrx_word' id='word_1_424' title='bbox 522 2807 617 2850; x_wconf 74' lang='lat' dir='ltr'><em>ducti]</em></span> <span class='ocrx_word' id='word_1_425' title='bbox 643 2808 788 2839; x_wconf 83' lang='lat' dir='ltr'><strong>Pearcius</strong></span> <span class='ocrx_word' id='word_1_426' title='bbox 812 2810 937 2849; x_wconf 81' lang='lat' dir='ltr'><strong>corrigit</strong></span> 
     </span>
    </p>
   </div>
  </div>
 </body>
</html>
