1778 3095
519 111 698 154 LIBER
737 110 1068 152 SECUNDUS.
1431 115 1507 158 587

79 221 194 262 enim
221 221 327 262 ratio
357 218 769 267 mathematicorum,
791 232 918 272 quam
950 217 1039 259 istis
1061 225 1206 259 notam
1226 230 1317 258 esse
1338 227 1510 274 oporte·
1520 231 1551 263 b.

80 278 168 328 bat,
189 286 345 334 quanta
363 275 598 317 humilitate
621 275 719 315 luna
746 275 918 322 feratur,
938 282 1092 315 terram
1113 287 1231 328 paene
1250 275 1513 330 contingenS,

80 343 286 390 quantum
313 333 421 376 absit
448 347 472 374 a
498 331 690 386 proxima
719 329 921 371 Mercurii
944 330 1078 381 stella,
1099 331 1236 371 multo
1257 339 1396 371 autem
1419 332 1513 372 lon-

80 391 177 446 gius
199 406 223 431 a
241 390 430 439 Veneris,
451 388 603 430 deinde
622 387 705 428 alio
725 386 942 427 intervallo
970 386 1097 427 distet
1128 401 1151 428 a
1181 387 1285 437 sole,
1304 387 1425 442 cujus
1447 388 1513 429 lul-2

82 448 195 488 mine
221 445 457 487 collustrari
484 453 670 499 putatur.
732 443 909 498 Reliqua
939 457 1034 483 vero
1064 443 1143 483 tria
1173 443 1401 494 intervalla,
1423 443 1515 484 infi-

82 503 184 553 nita,
206 514 249 545 et
269 504 487 551 immensa,
510 515 536 541 a
561 501 650 541 sole
682 499 736 541 ad
765 499 933 550 Martis,
954 498 1050 540 inde
1079 498 1133 540 ad
1162 500 1293 549 Jovis,
1314 501 1367 540 ab
1388 515 1440 541 eo
1461 499 1515 542 ad

83 559 252 601 Saturni
272 558 452 608 stellam,
474 557 569 598 inde
597 557 651 598 ad
681 557 839 598 coelum
864 556 1019 612 ipsum,
1040 555 1155 610 quod
1178 565 1428 607 extremum,
1451 565 1516 598 at-

84 631 167 671 que
187 616 383 656 ultimum
406 614 554 655 mundi
575 623 652 655 est.
711 614 820 668 Quae
848 621 989 668 potest
1010 612 1139 667 igitur
1160 613 1360 667 contagio
1382 628 1431 654 ex
1451 613 1515 653 in·
1528 627 1577 668 92

84 673 202 714 finito
230 686 349 722 paene
383 670 600 712 intervallo
631 671 839 726 pertinere
860 669 912 710 ad
933 669 1092 720 lunam,
1113 669 1175 710 vel
1196 670 1337 724 potius
1359 670 1411 710 ad
1433 679 1517 710 ter-

84 730 202 769 ram?
230 723 400 769 Quid?
437 743 536 768 cum
568 727 717 768 dicunt
750 726 806 776 id,
841 725 956 782 quod
993 726 1041 766 iis
1070 725 1207 767 dicere
1243 740 1410 767 necesse
1441 734 1518 777 est,
1531 728 1603 776 44

83 798 230 826 omnes
261 786 451 825 omnium
479 794 610 834 ortus,
633 783 886 838 quicumque
918 782 1148 837 gignantur
1178 784 1219 823 in
1251 783 1367 823 omni
1397 792 1520 833 terra,

85 856 181 897 quae
202 841 424 892 incolatur,
446 840 616 881 cosdem
645 855 749 890 esse,
771 839 1003 894 eademque
1036 840 1246 889 omnibus,
1268 839 1340 895 qui
1370 838 1522 880 eodem

85 906 200 939 statu
233 897 330 938 coeli
361 906 404 938 et
435 896 649 938 stellarum
674 896 824 937 &nati
855 896 951 945 sint,
987 895 1176 936 accidere
1207 910 1373 938 necesse
1402 910 1521 938 esse:

86 968 225 995 nonne
246 953 456 1009 ejusmodi
475 961 587 1004 sunt,
610 962 655 993 ut
676 967 728 993 ne
749 952 847 992 coeli
867 951 1038 1007 quidem
1061 960 1250 993 naturam
1274 953 1522 1008 interpretes

85 1011 189 1051 istos
211 1010 322 1059 coeli,
345 1024 466 1050 nosse
488 1010 715 1064 appareat?
748 1023 846 1049 cum
874 1008 985 1049 enim
1018 1008 1078 1049 illi
1113 1009 1252 1059 orbes,
1275 1009 1346 1064 qui
1367 1009 1524 1050 coelum

87 1067 206 1122 quasi
224 1065 412 1107 medium
434 1065 639 1117 dividunt,
661 1075 701 1106 et
722 1065 970 1120 adspectum
1001 1074 1191 1106 nostrum
1214 1065 1431 1116 definiunt,
1453 1066 1524 1121 qui

87 1138 112 1164 a
143 1123 304 1164 Graecis
338 1123 508 1179 ὁρίζοντες
543 1122 829 1173 nominantur,
861 1137 886 1162 a
918 1121 1040 1162 nobis
1076 1122 1264 1163 finientes
1295 1123 1525 1163 rectissime

90 1179 296 1220 nominari
329 1189 520 1234 possunt,
541 1180 782 1220 varietatem
813 1179 1041 1219 maximam
1072 1177 1270 1229 habeant,
1301 1178 1454 1233 aliique
1484 1179 1527 1220 in

89 1236 182 1277 aliis
203 1236 307 1276 locis
329 1236 425 1285 sint,
441 1250 611 1277 necesse
630 1243 707 1285 est,
722 1244 840 1277 ortus
861 1249 1119 1290 occasusque
1135 1235 1317 1275 siderum
1337 1249 1420 1275 non
1439 1235 1526 1276 fieri
1560 1283 1565 1288 Ι

89 1292 242 1334 eodem
277 1301 467 1345 tempore
503 1292 615 1348 apud
649 1307 811 1334 omnes.
882 1291 1015 1334 Quod
1048 1291 1080 1332 si
1113 1305 1258 1332 eorum
1297 1291 1335 1332 vi
1369 1292 1524 1333 coelum
1536 1297 1585 1340 958

89 1349 220 1390 modo
242 1349 339 1400 hoc,
360 1346 491 1390 inodo
510 1349 585 1390 illo
605 1349 736 1390 modo
758 1357 1041 1404 temperatur:
1071 1355 1109 1379 88
1127 1350 1197 1403 qui
1220 1355 1359 1403 potest
1378 1348 1528 1390 eadem

91 1406 151 1447 vis
171 1420 260 1446 esse
282 1405 560 1456 nascentium,
576 1420 672 1447 curn
695 1405 792 1448 coeli
814 1415 929 1447 tanta
952 1405 1004 1446 sit
1026 1404 1326 1446 dissimilitudo
1344 1406 1357 1445 ?
1393 1406 1440 1446 In
1463 1405 1528 1447 his

91 1462 213 1512 locis,
236 1477 331 1517 quae
354 1477 430 1503 nos
451 1462 693 1513 incolimus,
714 1471 812 1518 post
838 1461 1065 1503 solstitium
1098 1461 1303 1503 Canicula
1330 1462 1529 1512 exoritur,

92 1527 134 1560 et
165 1519 337 1574 quidem
367 1519 530 1574 aliquot
558 1519 736 1560 diebus:
771 1518 885 1574 apud
913 1517 1216 1574 Troglodytas,
1241 1527 1290 1560 ut
1319 1518 1529 1570 scribitur,

92 1584 190 1616 ante
211 1575 437 1616 solstitium
457 1595 466 1617 t
498 1585 560 1627 ut,
582 1577 615 1616 si
629 1576 720 1632 jam
744 1575 1041 1625 concedamus,
1064 1584 1102 1609 89
1116 1575 1277 1630 aliquid
1297 1575 1379 1616 vim
1400 1575 1529 1616 coele-

92 1641 198 1673 stein
228 1631 281 1672 ad
309 1646 397 1682 eos,
419 1632 491 1687 qui
521 1633 563 1673 in
592 1641 701 1673 terra
730 1633 980 1688 gignuntur,
1001 1632 1221 1687 pertinere,
1243 1632 1531 1673 confitendum

93 1689 148 1729 sit
169 1687 264 1738 illis,
285 1702 373 1738 ecs,
395 1698 434 1723 90
449 1689 522 1743 qui
541 1698 764 1730 nascantur
782 1689 933 1730 eodem
955 1697 1159 1743 tempore,
1181 1702 1306 1742 posse
1337 1688 1379 1729 in
1410 1687 1532 1729 dissi-

94 1744 216 1786 miles
235 1744 418 1785 incidere
439 1754 608 1787 naturas
628 1755 798 1801 propter
819 1746 916 1786 coeli
943 1744 1342 1786 dissimilitudinem.
1401 1745 1532 1801 Quod

94 1801 271 1843 minime
299 1801 380 1842 illis
408 1802 559 1856 placet.
619 1811 654 1835 91
674 1802 838 1843 Volunt
857 1803 968 1842 enim
989 1802 1063 1852 illi,
1085 1816 1231 1842 omnes
1251 1800 1400 1844 eodem
1422 1810 1532 1842 tem-

95 1872 200 1913 pore
235 1866 366 1908 ortos,
397 1858 471 1913 qui
507 1857 665 1914 ubique
701 1858 784 1899 sint
817 1859 916 1908 nati,
949 1858 1097 1899 eadem
1129 1857 1372 1899 conditione
1404 1858 1533 1899 nasci.

98 1914 182 1955 Sed
203 1929 297 1969 quae
324 1923 440 1955 tanta
466 1914 679 1956 dementia
707 1926 785 1965 est,
806 1925 854 1956 ut
880 1915 922 1955 in
952 1915 1145 1956 maximis
1174 1914 1363 1955 motibus
1392 1924 1533 1955 muta-
1547 1908 1617 1958 45

98 1971 371 2026 tionibusque
399 1972 510 2021 coeii,
533 1971 637 2012 nihil
668 1971 844 2021 intersit,
875 1971 946 2027 qui
976 1980 1136 2021 ventus,
1167 1971 1239 2026 qui
1270 1971 1417 2022 imber,
1437 1986 1532 2026 quae
1545 1982 1598 2025 94

98 2036 327 2082 tempestas
350 2028 507 2082 ubique
527 2027 608 2070 sit?
637 2043 815 2083 quarum
836 2043 974 2069 rerum
996 2029 1037 2069 in
1059 2027 1260 2083 proximis
1279 2027 1383 2067 locis
1405 2035 1533 2068 tantae
1547 2038 1663 2070 1³·12S·

101 2083 464 2125 dissimilitudines
492 2098 602 2139 saepe
633 2094 745 2136 sunt,
766 2093 813 2125 ut
843 2085 924 2125 alia
951 2084 1140 2134 Tusculi,
1160 2084 1241 2124 alia
1270 2085 1416 2125 Romae
1439 2098 1534 2125 eve·
1546 2083 1576 2106 ³·

101 2141 190 2181 niat
217 2155 328 2196 saepe
358 2150 597 2195 tempestas.
657 2141 801 2197 Quod,
824 2141 895 2197 qui
916 2141 1126 2196 navigant,
1145 2141 1328 2181 maxime
1348 2140 1538 2182 animad-

102 2205 286 2248 vertunt,
307 2212 405 2239 cum
436 2198 477 2238 in
507 2198 723 2238 flectendis
752 2198 1068 2254 promontoriis,
1087 2206 1306 2238 ventorum
1334 2197 1540 2239 mutatio-

103 2267 176 2294 nes
206 2254 410 2296 maximas
440 2268 551 2309 saepe
582 2255 775 2296 sentiant.
836 2256 943 2295 Haec
972 2254 1105 2309 igitur
1123 2269 1222 2295 cum
1244 2254 1297 2295 sit
1319 2263 1409 2295 tum
1432 2269 1543 2295 sere-

103 2309 228 2361 nitas,
256 2319 349 2351 tum
380 2310 642 2366 perturbatio
673 2311 796 2352 coeli:
826 2320 944 2355 estne
976 2325 1172 2353 sanorum
1201 2311 1437 2361 hominum,
1458 2310 1541 2352 hoc

106 2365 160 2407 ad
186 2368 450 2410 nascentium
480 2376 600 2409 ortus
628 2368 836 2423 pertinere
866 2383 950 2409 non
981 2368 1144 2411 dicere:
1177 2367 1292 2424 quod
1319 2382 1404 2409 non
1428 2376 1542 2409 certe

150 2506 190 2536 87
216 2499 280 2529 nati
304 2501 373 2539 sint]
400 2502 452 2532 Sic
475 2502 612 2532 latinitas
634 2502 727 2532 scribi
748 2511 805 2542 po·
893 2508 932 2534 89
964 2501 1081 2544 aliquid
1106 2502 1170 2531 vim
1196 2499 1542 2544 coelestum—-pertt‘nereJ

109 2543 219 2581 stul-at,
236 2553 303 2573 non
318 2551 394 2581 sunt,
408 2552 443 2575 ut
457 2554 504 2576 est
519 2545 627 2583 vulgo.
650 2552 681 2576 et
698 2547 744 2576 sic
759 2552 806 2576 est
848 2544 966 2586 aliquid
979 2546 1149 2575 commode
1164 2546 1309 2577 abfuerit.

111 2587 146 2617 in
162 2588 210 2617 ed.
226 2587 307 2616 Ven.
327 2594 419 2619 1494.
894 2596 933 2621 90
956 2589 1007 2630 qui
1028 2596 1182 2617 nascuntur
1203 2590 1296 2618 eodem
1312 2587 1351 2628 1.]
1369 2589 1476 2618 Immo
1492 2598 1545 2617 na-

156 2636 194 2660 88
219 2628 270 2670 qui
291 2635 383 2667 potest
406 2630 500 2659 eadem
517 2630 566 2660 vis
587 2642 642 2660 esse
664 2631 807 2660 nascenti-
851 2638 977 2661 scantur.
1001 2638 1037 2661 ut
1063 2641 1168 2670 supra,
1196 2643 1288 2661 omnm·
1309 2631 1432 2660 omnium
1454 2636 1544 2666 ortus,

111 2671 174 2710 um]
200 2672 348 2702 Davisius
371 2673 496 2711 corrigit
516 2674 547 2703 in
569 2680 711 2703 nascentes
725 2685 734 2702 :
765 2675 809 2704 ita
852 2674 902 2714 qui
915 2676 1076 2713 gignantur
1091 2675 1121 2703 in
1137 2687 1160 2704 ο.
1180 2683 1268 2704 terra⁴
1294 2675 1386 2711 idque
1409 2672 1545 2702 latinitas

111 2714 235 2745 facilior
260 2722 305 2744 est
331 2715 439 2745 oratio.
473 2715 526 2745 sed
553 2716 603 2746 vis
632 2716 807 2745 nascentium
850 2718 1001 2755 postulat,
1018 2719 1094 2748 item
1113 2728 1188 2748 mox
1210 2726 1299 2746 omncs
1312 2727 1338 2745 e·
1357 2722 1380 2746 t.
1395 2722 1479 2752 ortos,
1495 2714 1547 2756 qui

114 2765 215 2798 potest
250 2767 318 2788 esse
355 2764 466 2788 natura
503 2760 717 2795 nascentium,
756 2769 810 2798 per
852 2759 956 2802 ubique
971 2761 1039 2789 sint.

116 2810 215 2839 quarn
238 2801 277 2830 ad
300 2801 417 2841 aiiquid
441 2800 504 2841 apti
526 2801 600 2833 sint.
623 2803 656 2834 in
680 2812 744 2842 quo
763 2802 810 2833 vis
904 2810 939 2834 91
969 2802 1073 2832 Volunt
1102 2803 1176 2831 enim
1206 2800 1265 2839 illi]
1298 2800 1345 2830 illi
1374 2800 1547 2833 delendum

117 2843 313 2884 intelligitur.
812 2866 815 2872 -
853 2850 944 2885 puto.
964 2854 1043 2876 nam
1055 2846 1163 2875 statim
1178 2851 1251 2875 ante
1265 2850 1311 2875 est
1326 2842 1385 2873 illis
1394 2842 1503 2883 placet.
