1768 3095
255 106 309 149 94
561 99 635 137 DE
662 99 822 137 FINIB.
849 98 1052 138 BONOR.
1081 99 1150 137 ET
1177 100 1388 140 MALOR.

254 221 353 251 cum
382 206 444 250 ita
472 207 540 260 sit,
570 209 843 265 perspicuum
872 217 935 251 est
966 224 1113 251 omnes
1144 218 1278 251 rectas
1309 225 1373 251 res
1394 216 1523 266 atque
1542 209 1691 252 lauda-

253 265 376 316 biles,
405 279 457 307 eo
487 265 644 316 referri,
677 275 725 307 ut
753 281 853 308 cum
883 267 1099 323 voluptate
1129 267 1301 308 vivatur.
1325 267 1524 324 quoniam
1547 276 1691 308 autem

252 322 299 365 id
333 332 398 365 est
427 321 491 363 vel
528 337 744 364 summum
776 324 958 375 bonum,
993 323 1057 365 vel
1095 323 1309 375 ultimum,
1343 324 1406 365 vel
1439 333 1693 376 extremum,

252 379 369 437 quod
400 380 541 421 Graeci
560 379 674 436 ,τέλος
704 380 939 430 nominant,
970 380 1087 436 quod
1118 381 1256 436 ipsum
1290 381 1447 422 nullam
1478 380 1532 422 ad
1565 380 1691 422 aliam

250 451 356 488 rem,
378 437 432 478 ad
453 436 496 478 id
514 446 657 478 autem
680 451 745 477 res
767 437 1004 478 referuntur
1025 452 1173 479 omnes
1194 454 1202 478 ε
1234 438 1452 479 fatendum
1473 445 1550 489 est,
1572 451 1690 478 sum-

252 509 373 536 mum
393 508 485 534 esse
506 494 666 534 bonum
683 493 875 549 jucunde
898 493 1042 535 vivere.

175 561 240 609 13
310 550 361 591 Id
382 550 456 607 qui
484 550 526 591 in
554 565 639 592 una
673 550 820 591 =.irtute
848 558 1028 605 ponunt,
1056 558 1095 582 ⁵4
1113 550 1337 606 splendore
1358 550 1540 592 nominis
1562 548 1690 607 capti,

253 606 355 662 quid
397 616 546 648 natura
581 606 783 662 postulet,
818 620 903 646 non
942 606 1213 662 intelligunt:
1245 621 1385 648 errore
1418 608 1619 658 maximo,
1656 607 1690 647 si

251 664 485 719 Epicurum
516 664 661 704 audire
692 662 914 713 voluerint,
945 662 1248 704 liberabuntur.
1279 664 1371 705 istae
1401 664 1512 705 enim
1544 673 1690 704 vestrae

251 721 431 772 eximiae,
461 720 733 776 pulchraeque
759 719 945 770 virtutes,
967 720 1046 761 nisi
1066 720 1327 776 voluptatem
1349 720 1574 770 efficerent,
1595 720 1690 775 quis

250 792 321 820 eas
354 787 428 819 aut
460 777 708 826 laudabiles,
740 785 815 818 aut
850 776 1105 832 expetendas
1142 777 1445 818 arbitraretur?
1480 778 1543 818 Ut
1575 776 1688 817 enim

251 835 517 876 medicorum
547 833 766 875 scientiam
800 848 881 875 non
915 833 1046 889 ipsius
1079 834 1194 885 artis,
1216 833 1289 875 sed
1307 834 1431 875 bonae
1451 833 1691 875 valitudinis

144 906 382 945 p.5s.causa
409 891 667 946 probamus:
700 898 742 931 et
768 891 1065 946 gubernatoris
1098 906 1178 942 ars,
1207 890 1307 946 quia
1330 891 1438 932 bene
1466 889 1691 946 navigandi

213 956 242 977 ³·
253 948 459 990 rationem
491 947 634 997 habet,
667 947 861 997 utilitate,
893 962 975 988 non
1007 957 1095 989 arte
1125 948 1350 989 laudatur:
1380 947 1439 988 sic
1469 946 1690 1002 sapientia,

251 1020 348 1061 quae
377 1020 443 1046 ars
470 1004 632 1045 vivendi
652 1004 837 1060 putanda
858 1014 935 1054 est,
959 1019 1042 1046 non
1064 1014 1342 1060 expeteretur,
1366 1004 1400 1046 si
1422 1003 1526 1045 nihil
1547 1003 1687 1044 effice·-

251 1071 315 1103 ret
333 1077 344 1112 3
377 1076 487 1102 nunc
509 1061 734 1117 expetitur,
757 1060 873 1117 quod
895 1072 960 1102 est
977 1070 1195 1117 tamquam
1218 1062 1366 1103 artifex
1387 1060 1688 1117 conquirendae

185 1124 235 1158 43
251 1128 295 1160 et
315 1133 411 1160 com
445 1119 610 1159 arandae
632 1117 872 1173 voluptatis.
920 1119 1062 1175 Quam
1085 1127 1227 1159 autem
1250 1118 1389 1159 dicam
1410 1118 1687 1173 voluptatem,

243 1176 335 1232 jani
366 1175 404 1216 vi
437 1175 530 1225 etis,
560 1189 613 1215 ne
642 1174 797 1215 invidia
826 1175 940 1215 verbi
970 1175 1247 1216 labefactetur
1278 1175 1413 1215 oratio
1448 1189 1558 1215 mea.
1589 1189 1687 1216 nam

248 1248 347 1274 cum
369 1232 637 1288 ignoratione
658 1245 796 1271 rerum
820 1232 1043 1281 bonarum,
1060 1240 1102 1272 et
1122 1232 1327 1272 malarum
1346 1231 1528 1272 maxime
1549 1231 1690 1272 homi-

248 1304 348 1330 num
380 1290 463 1329 vita
490 1296 662 1328 vexetur
681 1303 691 1336 3
723 1288 779 1328 ob
809 1301 993 1343 eumque
1014 1302 1199 1328 errorem
1222 1296 1265 1328 et
1286 1287 1573 1343 voluptatibus
1595 1302 1686 1329 ma-

247 1346 371 1388 ximis
402 1359 516 1401 saepe
545 1344 773 1400 priventur,
806 1353 843 1377 ⁵⁵
861 1353 904 1385 et
932 1344 1189 1399 gravissimis
1209 1344 1338 1385 animi
1359 1343 1576 1385 doloribus
1597 1353 1685 1386 tor-

248 1412 457 1458 queantur
478 1419 487 1443 :
519 1401 727 1456 sapientia
756 1409 821 1442 est
846 1400 1100 1451 adhibenda,
1120 1416 1215 1456 quae
1237 1410 1280 1442 et
1301 1401 1546 1452 terroribus,
1567 1401 1689 1456 cupi-

247 1459 538 1514 ditatibusque
560 1457 774 1507 detractis,
795 1466 839 1498 et
860 1458 1052 1499 omnium
1074 1458 1275 1499 falsarum
1297 1458 1546 1513 opinionum
1570 1464 1609 1490 ⁵⁶
1623 1466 1687 1499 te-

245 1516 440 1557 meritate
461 1516 619 1564 demta,
640 1514 917 1555 certissimam
947 1529 992 1556 se
1013 1515 1134 1555 nobis
1157 1514 1310 1556 ducem
1332 1515 1520 1569 praebeat
1539 1514 1591 1556 ad
1614 1530 1688 1556 vo-

243 1573 468 1628 luptatem.
499 1571 706 1627 sapientia
734 1571 847 1612 enini
877 1579 942 1612 est
970 1586 1068 1621 una,
1099 1587 1194 1627 quae
1220 1571 1461 1612 maestitiam
1483 1571 1614 1626 pellat
1635 1586 1687 1614 ex

244 1629 410 1680 animis,
433 1644 529 1685 quae
557 1643 634 1669 nos
661 1628 957 1669 exhorrescere
988 1638 1107 1670 metu
1135 1643 1220 1668 non
1249 1628 1382 1669 sinat:
1415 1643 1500 1683 qua
1524 1642 1684 1683 praece-

243 1687 393 1742 ptrice,
415 1686 458 1726 in
487 1684 790 1741 tranquillitate
810 1685 888 1725 vivi
919 1693 1073 1740 potest,
1095 1685 1285 1726 omnium
1313 1684 1596 1740 cupiditatum
1616 1700 1685 1727 ar·

245 1744 349 1784 dore
377 1743 595 1784 restincto.
622 1741 874 1796 cupiditates
903 1742 1016 1782 enim
1046 1751 1143 1783 sunt
1164 1741 1449 1783 insatiabiles:
1482 1757 1576 1797 quae
1599 1757 1683 1785 non

245 1800 378 1841 modo
401 1799 591 1855 singulos
614 1798 823 1848 homines,
847 1798 921 1839 sed
942 1799 1152 1839 universas
1170 1798 1348 1839 familias
1369 1806 1560 1839 evertunt
1573 1815 1586 1850 3
1617 1807 1686 1841 to-

182 1864 234 1902 44
246 1866 333 1898 tarn
356 1856 485 1897 etiam
506 1855 763 1897 labefactant
784 1870 896 1910 saepe
916 1855 1237 1911 rempublicam.
1296 1856 1360 1896 Ex
1379 1855 1683 1910 cupiditatibus

246 1913 360 1965 odia,
387 1921 423 1950 ⁵7
441 1913 628 1963 dissidia,
655 1912 894 1963 discordiae,
923 1912 1165 1963 seditiones,
1193 1911 1307 1953 bella
1336 1922 1582 1954 nascuntur.
1604 1927 1682 1954 nec

242 1970 311 2011 hae
331 1985 422 2012 sese
442 1969 543 2010 foris
574 1968 714 2010 solum
736 1968 914 2025 jactant,
935 1984 1012 2010 nec
1034 1977 1199 2010 tantum
1220 1969 1262 2009 in
1283 1968 1387 2009 alios
1409 1983 1524 2010 caeco
1544 1969 1681 2024 impe-

242 2035 292 2068 tu
312 2027 556 2069 incurrunt:
587 2025 662 2067 sed
683 2026 794 2067 intus
823 2026 950 2067 etiam
972 2026 1014 2066 in
1036 2026 1184 2067 animis
1203 2025 1377 2066 inclusae
1397 2025 1507 2066 inter
1527 2040 1572 2066 se
1593 2025 1681 2067 dis-

243 2083 384 2125 sident
410 2092 538 2140 atque
567 2082 823 2124 discordant.
850 2097 902 2123 ex
922 2098 1008 2139 quo
1033 2083 1160 2124 vitam
1182 2081 1485 2123 amarissimam
1509 2096 1681 2124 necesse

241 2147 307 2181 est
327 2140 460 2181 effici:
494 2149 532 2172 ⁵8
549 2150 595 2181 ut
618 2140 783 2195 sapiens
805 2139 934 2190 solus,
955 2148 1172 2195 amputata
1192 2137 1524 2194 circumcisaque
1544 2139 1679 2180 inani-

241 2205 330 2238 tate
363 2196 481 2238 omni
502 2205 547 2238 et
577 2211 734 2247 errore,
765 2206 927 2237 naturae
957 2197 1109 2238 finibus
1129 2203 1369 2246 contentuS,
1391 2195 1480 2236 sine
1503 2195 1678 2251 aegritu·

175 2259 225 2292 45
242 2253 340 2294 dine
367 2254 516 2309 possit,
544 2262 587 2294 et
616 2254 704 2294 sine
725 2262 844 2294 metu
866 2253 1013 2294 vivere.
1073 2253 1184 2294 Quae
1206 2261 1269 2292 est
1291 2251 1404 2292 enim
1426 2259 1499 2293 aut
1518 2252 1677 2305 utilior,

240 2319 315 2351 aut
334 2311 386 2351 ad
409 2311 516 2352 bene
536 2310 756 2351 vivendum
779 2310 918 2365 aptior
936 2309 1121 2365 partitio,
1140 2323 1266 2364 quam
1287 2308 1373 2359 illa,
1392 2323 1475 2364 qua
1496 2316 1561 2351 est
1575 2324 1678 2351 usus

238 2367 479 2422 Epicurus?
514 2367 586 2423 qui
614 2381 748 2408 unum
774 2381 910 2421 genus
936 2366 1079 2422 posuit
1098 2380 1242 2406 earum
1265 2365 1562 2421 cupiditatum,
1582 2381 1679 2423 quae

284 2498 323 2521 54
348 2498 375 2520 et
391 2491 534 2530 splendore
550 2502 577 2520 n.
596 2489 690 2530 capti]
709 2491 820 2521 Delevi
837 2498 874 2519 et.
891 2489 939 2519 ni-
976 2495 1053 2528 pta:
1078 2490 1161 2528 quod
1180 2491 1292 2528 recepi.

239 2534 287 2565 hil
302 2535 392 2564 enim
409 2535 436 2564 ei
454 2534 630 2573 respondet.
1028 2539 1063 2566 57
1090 2532 1222 2571 dissidia]
1243 2534 1294 2563 Sic
1310 2533 1390 2563 bene
1407 2533 1485 2563 Mss.
1503 2533 1608 2572 plures
1623 2543 1681 2573 pro

287 2584 325 2608 55
351 2584 377 2605 et
394 2576 584 2616 pravissimis
607 2588 633 2605 a,
651 2573 697 2614 αἱ]
716 2576 804 2605 Ed3di
819 2575 940 2615 gravis·
983 2575 1117 2611 discidia,
1135 2577 1219 2614 quod
1240 2578 1272 2612 in
1291 2577 1358 2605 edd.
1375 2582 1449 2605 vett.
1466 2583 1522 2607 est.
1539 2586 1615 2606 nam
1632 2586 1681 2607 se-

243 2620 324 2650 simis
339 2629 394 2659 pro
410 2619 540 2658 vulgato
551 2618 751 2658 pravissimis,
771 2625 805 2648 ut
822 2618 940 2647 habent
984 2625 1128 2656 quuntur
1145 2620 1239 2648 modo
1267 2620 1441 2654 discordiae,
1469 2625 1499 2648 et
1530 2628 1607 2648 mox
1633 2625 1679 2649 est

242 2662 313 2694 libri
339 2672 399 2693 scr.
431 2663 574 2701 quidam.
618 2662 767 2691 Davisius
794 2671 810 2690 e
841 2661 939 2697 libris,
984 2662 1115 2691 di<sidiis
1138 2668 1167 2690 et
1191 2661 1360 2691 discordiis.
1389 2671 1466 2691 mox
1490 2663 1679 2701 respondent

239 2706 297 2745 qui
309 2705 473 2745 purissimis
485 2705 605 2734 habent
619 2703 789 2733 durissimis.
981 2703 1117 2733 dissident
1131 2711 1161 2733 et
1176 2704 1347 2733 discordant.
1365 2705 1404 2733 cf.
1423 2713 1451 2733 c.
1471 2711 1521 2734 18.

283 2754 324 2779 56
347 2748 510 2780 temeritate
533 2746 666 2786 derepta}
698 2747 774 2777 Edd.
806 2756 850 2786 pr.
882 2747 938 2775 ha·
1026 2753 1064 2777 58
1089 2753 1121 2774 ut
1144 2746 1255 2785 sapiens
1277 2745 1365 2776 solum
1388 2745 1464 2786 δῖα]
1490 2748 1676 2787 Legendum

237 2791 316 2822 bent
340 2790 468 2830 direpta,
499 2791 584 2830 quod
615 2797 794 2821 correctum
818 2795 865 2819 est
888 2789 937 2818 dc·
980 2799 1047 2820 esse
1062 2789 1135 2819 solus
1150 2790 1283 2831 quisque
1298 2790 1419 2820 viderit.

237 2840 332 2875 repta.
356 2834 472 2866 melius
495 2835 592 2865 etiam
615 2833 695 2866 Mss.
713 2832 842 2864 Parisini
858 2832 936 2861 dem-
