1778 3095
246 114 319 157 194
551 110 624 147 DE
651 110 810 148 FINIB.
837 109 1040 148 BONOR.
1068 110 1137 148 ET
1160 110 1366 150 MALOR.

243 232 343 258 cum
372 225 429 268 te,
448 218 514 259 M.
538 217 664 269 Cato,
685 218 1039 260 studiosissimum
1068 218 1364 274 philosophiae,
1390 215 1673 274 justissimum

245 274 395 325 virum,
414 275 625 331 optimum
639 275 847 331 judicem,
867 275 1227 332 religiosissimum
1248 283 1399 316 testem
1419 275 1675 328 audiremus,

117 347 148 377 p.
164 342 235 366 120-
248 331 443 372 admirati
463 346 625 383 sumus,
645 332 748 387 quid
767 342 891 383 esset,
913 347 987 374 cur
1007 332 1128 373 nobis
1158 332 1324 374 Stoicos
1342 331 1582 383 anteferres,
1603 333 1677 389 qui

203 388 302 430 a'de
321 388 446 430 rebus
475 388 598 429 bonis
628 397 671 429 et
700 389 820 429 malis
851 390 1051 430 sentirent
1071 404 1133 439 ea,
1155 404 1247 445 quae
1269 389 1321 429 ab
1342 388 1423 429 hoc
1450 388 1678 430 Polemone

247 446 366 486 Zeno
388 453 672 500 cognoverat:
703 445 946 486 nominibus
975 455 1190 487 uterentur
1219 446 1283 495 iis,
1304 460 1398 501 quae
1428 444 1564 500 prima
1583 459 1678 501 spe-

244 503 324 551 cie,
352 501 704 551 admirationem3
736 516 780 542 re
806 502 1026 556 explicata,
1059 502 1189 543 risum
1220 512 1447 543 moverent.
1506 502 1574 542 Tu
1603 516 1679 542 au-

247 568 348 609 tem,
370 558 404 599 si
421 558 497 599 tibi
517 557 588 598 illa
607 558 907 612 probabantur,
924 573 998 599 cur
1016 572 1099 598 non
1119 559 1297 614 propriis
1318 558 1450 599 verbis
1471 558 1543 610 illa
1561 567 1679 599 tene-

246 616 323 656 bas
341 616 354 655 ?
388 615 450 655 sin
483 623 524 655 te
559 614 786 655 auctoritas
820 614 1116 656 commovebat
1134 632 1143 656 :
1183 616 1359 656 nobisne
1390 615 1602 665 omnibus,
1638 623 1683 656 et

251 672 415 713 Platoni
434 671 526 726 ipsi,
549 670 691 711 nescio
712 685 838 726 quem
858 670 976 712 illum
996 672 1303 726 anteponebas?
1331 671 1560 727 praesertim
1581 686 1681 712 cum

247 728 291 770 in
321 727 536 784 republica
565 727 759 782 princeps
785 741 876 768 esse
900 728 1042 778 velles,
1071 728 1124 768 ad
1153 742 1331 784 eamque
1354 728 1554 769 tuendam
1582 743 1681 769 cum

249 799 415 827 summa
443 793 518 825 tua
551 784 758 839 dignitate
788 784 968 825 maxime
1003 799 1028 825 a
1060 785 1180 826 nobis
1214 785 1351 826 ornari
1379 794 1505 840 atque
1534 784 1684 826 instrui

247 842 424 898 posses?
457 839 578 881 nobis
608 840 719 881 enim
754 841 833 881 ista
861 842 1050 897 quaesita,
1078 856 1102 882 a
1130 842 1251 883 nobis
1279 841 1502 897 descripta,
1523 850 1683 892 notata,

248 906 461 954 praecepta
479 906 602 938 sunt:
634 897 909 953 omniumque
939 899 1344 954 rerumpublicarum
1365 899 1586 949 rectiones,
1606 911 1684 953 ge-

250 970 363 1005 nera,
384 964 534 1004 Status,
553 954 825 1006 mutationes,
844 954 960 1010 leges
981 954 1124 1006 etiam,
1155 964 1199 997 et
1227 955 1433 1005 instituta,
1465 969 1513 995 ae
1543 969 1684 996 mores

248 1012 465 1053 civitatum
485 1011 816 1066 perscripsimus.
848 1011 1100 1068 eloquentiae
1119 1027 1231 1063 vero,
1255 1021 1291 1045 1⁵
1307 1027 1400 1067 quae
1423 1021 1467 1052 et
1485 1012 1686 1067 principi-

248 1069 329 1110 bus
348 1067 534 1108 maximo
555 1076 802 1109 ornamento
824 1076 902 1118 est,
922 1077 965 1109 et
982 1084 1066 1124 qua
1085 1078 1127 1110 te
1148 1069 1380 1110 audivimus
1400 1067 1535 1108 valere
1553 1069 1683 1124 pluri-

251 1140 385 1176 mum,
406 1132 612 1180 quantum
643 1125 721 1165 tibi
751 1138 802 1165 ex
832 1126 1118 1166 monumentis
1146 1126 1298 1166 nostris
1329 1124 1590 1165 addidisses?
1624 1127 1687 1166 Ea

187 1183 238 1220 62
252 1196 350 1224 cum
371 1180 586 1232 dixissent,
607 1181 709 1236 quid
728 1180 898 1221 tandem
919 1181 1074 1222 talibus
1094 1182 1189 1222 viris
1209 1181 1480 1236 responderes
1498 1182 1510 1221 ?
1546 1182 1688 1237 Roga-

250 1253 340 1280 rem
361 1246 416 1288 te,
439 1238 588 1294 inquit,
607 1247 656 1278 ut
676 1237 834 1278 diceres
854 1251 931 1291 pro
950 1252 1020 1278 me
1040 1247 1088 1278 tu
1108 1238 1237 1288 idem,
1259 1238 1331 1293 qui
1351 1237 1433 1277 illis
1452 1237 1686 1278 orationem

251 1295 508 1344 dictavisses,
528 1293 592 1335 vel
611 1294 752 1348 potius
774 1293 963 1349 paullum
983 1294 1066 1335 loci
1086 1294 1204 1345 mihi,
1223 1302 1272 1335 ut
1291 1293 1355 1334 his
1375 1292 1689 1348 responderem,

251 1352 387 1401 dares,
407 1351 486 1391 nisi
505 1358 549 1391 et
569 1357 612 1391 te
631 1350 775 1392 audire
795 1364 906 1391 nunc
935 1350 1121 1402 mallem,
1141 1359 1185 1391 et
1204 1351 1293 1391 istis
1311 1359 1453 1392 tamen
1473 1350 1557 1391 alio
1578 1359 1687 1392 tem-

170 1407 239 1456 523
253 1422 357 1464 pore
387 1421 661 1463 responsurus
694 1421 844 1456 essem,
874 1416 966 1448 tum
999 1407 1171 1458 scilicet,
1199 1422 1297 1448 cum
1326 1406 1420 1447 tibi.
1477 1407 1628 1462 Atqui,
1656 1407 1690 1447 si

252 1479 399 1506 verum
419 1463 672 1519 respondere
693 1463 832 1514 velles,
856 1463 982 1514 Cato,
1002 1463 1093 1505 haec
1124 1475 1243 1505 erant
1272 1463 1463 1514 dicenda,
1485 1464 1588 1505 Non
1615 1475 1688 1504 eos

250 1522 330 1564 tibi
359 1535 443 1562 non
475 1520 692 1575 probatOS,
711 1521 838 1561 tantis
857 1520 1036 1575 ingeniis
1055 1520 1263 1570 immines,
1285 1528 1485 1575 tantaque
1504 1520 1688 1561 auctori-

250 1587 353 1629 tate,
376 1577 450 1618 sed
470 1586 512 1618 te
533 1576 888 1627 animadvertisse,
908 1592 1011 1632 quas
1040 1592 1105 1617 res
1127 1577 1187 1618 illi
1211 1583 1247 1608 16
1261 1585 1433 1632 propter
1461 1576 1689 1632 antiquita-

252 1644 340 1677 tem
360 1649 510 1689 parum
530 1633 743 1683 vidissent,
759 1648 829 1674 eas
850 1648 875 1673 a
895 1633 1048 1674 Stoicis
1063 1648 1153 1674 esse
1172 1642 1428 1688 perspectas,
1445 1633 1690 1688 eisdemque

253 1691 306 1732 de
326 1692 453 1732 rebus
474 1690 552 1731 hos
581 1699 674 1731 tum
706 1690 870 1731 acutius
900 1689 1155 1740 disseruisse,
1177 1699 1268 1731 tum
1301 1689 1479 1731 sensisse
1507 1689 1689 1744 gravius,

210 1752 298 1789 b·et
318 1748 484 1798 fortius,
505 1747 662 1803 quippe
682 1747 753 1802 qui
779 1746 963 1802 primum
994 1746 1268 1787 valitudinem
1298 1747 1470 1797 bonam,
1491 1754 1690 1801 expeten-

254 1804 354 1846 dam
374 1814 533 1859 negent
551 1818 656 1853 esse,
677 1803 918 1859 eligendam
938 1803 1081 1844 dicant
1098 1820 1108 1844 ε
1141 1818 1224 1844 non
1243 1803 1342 1858 quia
1362 1802 1416 1843 sit
1435 1802 1597 1844 bonum
1619 1818 1690 1843 va-

251 1862 353 1912 lere,
384 1861 456 1902 sed
484 1861 583 1916 quia
615 1860 671 1901 sit
699 1875 784 1901 non
817 1860 949 1901 nihilo
979 1859 1304 1900 aestimandum:
1339 1866 1374 1895 17
1395 1873 1530 1914 neque
1549 1868 1691 1900 tamen

252 1918 398 1974 pluris,
421 1932 547 1973 quam
571 1916 652 1958 illis
674 1916 877 1967 videatur,
898 1917 970 1972 qui
992 1916 1096 1958 illud
1117 1931 1202 1957 non
1223 1916 1418 1957 dubitent
1444 1916 1604 1956 bonum
1625 1915 1690 1957 di-

253 1989 361 2016 cere.
421 1975 520 2015 Hoc
553 1988 652 2015 vero
683 1982 727 2014 te
762 1974 869 2014 ferre
905 1988 990 2014 non
1024 1973 1227 2028 potuisse.
1260 1972 1378 2029 quod
1417 1973 1579 2028 antiqui
1613 1972 1688 2023 illi,

254 2031 374 2087 quasi
402 2031 583 2081 barbati,
602 2038 651 2071 ut
681 2044 757 2070 nos
788 2029 842 2070 de
872 2030 1023 2071 nostris
1044 2029 1229 2071 solemus
1250 2029 1403 2079 dicere,
1422 2028 1689 2079 crediderint,

253 2089 359 2145 ejus,
381 2088 453 2144 qui
475 2087 652 2129 honeste
670 2086 836 2137 viveret,
868 2087 901 2127 si
930 2086 1041 2127 idem
1063 2095 1107 2128 et
1127 2087 1235 2127 bene
1253 2085 1421 2135 valeret,
1441 2085 1547 2126 bene
1573 2085 1694 2126 audi-

254 2154 332 2197 ret,
353 2145 551 2201 copiosus
577 2152 702 2193 esset,
722 2143 1016 2198 optabiliorem
1038 2144 1129 2184 fore
1148 2143 1292 2193 vitam,
1312 2142 1618 2198 melioremque
1648 2153 1691 2183 et

254 2202 392 2258 magis
412 2200 705 2257 expetendam,
726 2215 854 2255 quam
886 2200 1012 2252 illius,
1033 2201 1105 2257 qui
1135 2213 1256 2256 aeque
1282 2197 1343 2239 vir
1372 2198 1524 2250 bonus,
1543 2199 1689 2241 multis

255 2259 393 2301 modis
411 2267 536 2309 esset,
554 2266 602 2299 ut
622 2256 749 2298 Ennii
764 2256 976 2307 Alemaeo,

366 2347 627 2384 circumventus
647 2345 769 2391 morbO,
789 2347 916 2391 exsilio,
937 2355 1039 2396 atque
1056 2345 1180 2396 inopia.

189 2437 239 2474 63
256 2430 323 2470 Illi
342 2430 472 2485 igitur
490 2431 652 2487 antiqui
674 2438 710 2462 ¹8
728 2446 814 2472 non
841 2440 928 2472 tam
959 2437 1081 2471 acute
1111 2429 1408 2484 optabiliorem
1428 2428 1543 2470 illam
1562 2430 1690 2471 vitam

253 2495 418 2543 putant,
454 2487 806 2543 praestantiorem,
842 2487 1090 2528 beatiorem.
1151 2485 1285 2528 Stoici
1323 2494 1467 2527 autem
1504 2494 1693 2528 tantum-

298 2618 334 2642 15
353 2621 418 2652 quae
434 2617 461 2640 et
470 2610 652 2650 principibus
664 2610 790 2640 maxime
805 2620 954 2639 ornamen-
994 2609 1112 2640 diutius
1129 2610 1215 2640 culta
1231 2609 1445 2649 philosophia,
1462 2611 1606 2641 fuissent.

253 2660 280 2683 to
297 2653 351 2692 est]
370 2653 494 2683 maximo
518 2655 613 2684 edidit
637 2654 796 2690 Davisius,
818 2653 909 2683 bene·
926 2654 953 2684 Si
1041 2659 1075 2688 17
1095 2664 1184 2695 neque
1207 2659 1301 2682 tamen
1322 2653 1427 2692 pluris,
1450 2664 1537 2694 quam
1561 2653 1620 2683 illis
1643 2652 1690 2692 τὴ]

252 2703 280 2726 et
295 2697 429 2733 abesset,
447 2707 512 2726 non
528 2697 687 2726 audissem
704 2706 792 2726 eum.
994 2696 1142 2726 Davisius
1158 2706 1198 2726 ex
1214 2706 1244 2725 re
1260 2697 1482 2735 corrigendum
1499 2703 1589 2736 putat
1604 2697 1694 2726 mino-

298 2745 335 2770 16
359 2746 476 2779 propter
500 2738 720 2781 antiquitatem]
756 2739 842 2769 Quia
871 2739 952 2768 anti·
994 2738 1044 2768 ris.
1069 2746 1138 2778 post
1159 2740 1279 2769 correxi
1301 2738 1442 2770 dubitent.
1487 2739 1693 2780 Vulgo‘dubi-

251 2783 321 2822 quis
344 2781 405 2813 illis
428 2783 624 2822 temporibus
646 2782 811 2818 vixissent,
834 2782 952 2820 quibus
995 2787 1071 2811 tant.

254 2835 319 2856 non
343 2832 409 2857 tam
435 2826 521 2857 acuti
547 2832 579 2858 et
604 2824 749 2864 subtiles,
772 2833 809 2857 ut
831 2831 951 2866 postea,
1041 2831 1078 2856 18
1094 2833 1147 2854 non
1162 2829 1223 2854 tam
1238 2821 1337 2865 acute]
1354 2824 1406 2855 An
1421 2823 1500 2854 acuti
1513 2825 1532 2855 ἓ
