1778 3095
246 118 328 166 496
621 116 701 155 DE
730 117 993 155 NATURA
1021 117 1294 155 DEORUM

244 240 327 281 que
359 225 501 268 anima
531 233 827 280 temperatum.
859 225 973 281 quod
1007 226 1042 266 si
1074 225 1184 281 ignis
1217 239 1268 266 ex
1300 238 1390 265 sese
1415 225 1504 280 ipse
1523 226 1679 271 animal

242 291 322 334 est,
339 283 454 325 nulla
473 297 518 324 se
538 282 618 330 alia
639 281 897 323 admiscente
918 292 1091 347 natura,
1101 282 1299 338 quoniam
1321 282 1369 332 is,
1389 296 1485 322 cum
1507 282 1616 325 inest
1633 285 1677 326 in

242 340 492 396 corporibus
529 338 695 389 nostris,
729 339 869 390 efficit,
903 350 953 380 ut
987 340 1245 380 sentiamus:
1293 353 1376 378 non
1412 347 1554 394 potest
1587 340 1677 395 ipse

242 410 333 437 esse
370 397 458 438 sine
495 409 631 437 sensu.
671 411 814 437 rursus
849 396 998 437 eadem
1027 396 1110 437 dici
1139 404 1329 451 possunt.
1369 395 1575 451 quidquid
1613 405 1677 439 est

240 453 368 503 enim,
390 452 505 508 quod
525 467 694 493 sensum
725 452 891 504 habeat,
912 453 955 493 id
981 467 1146 493 necesse
1166 462 1229 493 est
1249 452 1399 493 sentiat
1421 462 1463 492 et
1483 452 1677 507 volupta-

240 518 343 559 tem,
365 517 407 550 et
428 509 642 551 dolorem:
675 509 728 550 ad
759 524 884 574 quem
915 520 1058 550 autem
1088 509 1209 550 dolor
1236 509 1386 556 veniat,
1409 509 1460 550 ad
1491 509 1675 550 eundem

239 566 367 607 etiam
390 566 608 608 interitum
638 566 787 606 venire.
817 567 876 606 ita
906 565 966 615 fit,
988 573 1036 606 ut
1066 580 1118 605 ne
1147 565 1287 620 ignem
1319 566 1490 621 quidem
1512 566 1676 606 efficere

172 640 224 680 -37
239 622 408 677 possitis
446 632 665 664 aeternum.
724 622 841 663 Ouid
876 621 1019 662 0111111.Ρ
1052 636 1138 661 11011
1171 621 1330 662 eisdem
1366 623 1483 663 vobis
1518 623 1674 678 placet,

238 693 410 720 omnem
437 680 585 744 ignem
617 688 760 733 pastus
791 678 1012 733 indigere?
1046 692 1122 718 nec
1152 692 1396 732 permanere
1424 679 1513 720 ullo
1541 678 1673 720 modo

233 750 374 790 posse,
406 736 484 777 nisi
519 736 680 776 alatur:
720 734 774 774 ali
807 744 948 775 autem
984 734 1132 784 solem,
1162 734 1319 785 lunam,
1355 735 1513 790 reliqua
1542 745 1670 787 astra,

234 792 369 847 aquis,
390 793 471 833 alia
489 791 699 841 dulcibus,
721 790 802 831 alia
821 790 1019 831 marinis?
1053 805 1232 845 eamque
1252 805 1421 832 causam
1441 792 1672 833 Cleanthes

234 849 368 898 affert,
391 863 466 889 cur
485 862 528 888 se
550 847 614 888 sol
643 848 811 899 referat,
832 862 909 888 nec
940 847 1109 902 longius
1139 847 1431 902 progrediatur
1459 849 1670 891 solstitiali

234 906 351 956 orbe,
375 905 562 960 itemque
592 904 788 955 brumali,
809 918 860 945 ne
889 904 1058 959 longius
1089 903 1276 944 discedat
1302 918 1326 944 a
1355 904 1466 945 cibo.
1497 904 1580 946 hoc
1600 917 1670 947 to-

233 969 327 1001 tum
350 962 488 1025 quale
494 961 561 1011 sit,
580 975 695 1001 mox.
726 976 836 1002 nunc
866 971 1008 1002 autem
1030 961 1307 1001 concludatur
1327 960 1446 1011 illud,
1467 962 1613 1016 quod
1603 977 1668 1003 m-

124 1042 155 1072 p
171 1037 222 1066 67
233 1018 358 1059 terire
377 1018 524 1073 possit,
545 992 588 1059 id
610 1028 814 1059 aeternum
836 1032 920 1058 non
951 1032 1041 1058 esse
1072 1026 1244 1057 natuia:
1277 1018 1419 1073 ignem
1439 1027 1582 1059 autem
1603 1019 1667 1059 in-

191 1084 220 1105 a.
234 1075 456 1116 teriturum
489 1089 594 1126 esse,
627 1074 705 1116 11131
736 1075 897 1126 alatur3
937 1090 1022 1116 non
1054 1088 1144 1115 esse
1176 1073 1306 1129 igitur
1342 1083 1490 1116 natura
1523 1075 1668 1130 ignem

230 1132 548 1187 sempiternum.
1471 1144 1479 1156 ·

149 1192 216 1241 15
287 1189 471 1231 Qualem
493 1198 635 1229 autem
657 1187 785 1228 deum
813 1187 1047 1251 intelligere
1075 1202 1150 1228 nos
1184 1201 1410 1242 possumus
1442 1187 1558 1228 nulla
1584 1187 1667 1229 vir·

163 1267 185 1299 3
193 1268 214 1300 g
229 1252 320 1285 tute
338 1245 565 1300 praeditum
584 1247 596 1285 ?
630 1244 746 1301 Ouid
767 1243 902 1284 enim.
895 1245 908 1275 Ρ
941 1244 1261 1299 prudentiamne
1292 1243 1371 1284 deo
1395 1244 1662 1285 tribuemus?

227 1316 324 1356 quae
344 1311 509 1343 constat
528 1316 579 1342 ex
599 1287 775 1341 scientia
794 1315 935 1341 rerum
957 1301 1165 1342 bonarum
1195 1310 1237 1341 et
1266 1301 1487 1352 malarum,
1509 1309 1566 1352 et,
1587 1315 1666 1342 nec

223 1358 448 1409 bonarum,
468 1373 544 1399 nec
562 1358 782 1399 malarum.
845 1357 928 1398 Cui
958 1357 1060 1399 mali
1079 1357 1183 1398 nihil
1202 1368 1278 1408 est,
1302 1372 1377 1398 nec
1399 1372 1488 1398 esse
1508 1366 1664 1413 potest,

223 1414 326 1470 quid
347 1414 446 1456 huic
466 1430 572 1471 opus
593 1423 656 1455 est
676 1414 845 1455 delectu
874 1415 1084 1455 bonorum
1115 1423 1157 1455 et
1187 1414 1396 1455 malorum
1416 1415 1430 1455 ?
1464 1414 1567 1470 quid
1587 1429 1663 1456 au-

223 1481 310 1512 tem
333 1473 519 1513 ratione?
552 1471 654 1528 quid
675 1471 981 1527 intelligentia?
1014 1471 1168 1527 quibus
1189 1472 1349 1512 utimur
1368 1471 1422 1513 ad
1441 1486 1534 1512 eam
1557 1486 1662 1521 rem,

221 1537 270 1569 ut
289 1529 444 1584 apertis
464 1529 645 1570 obscura
665 1543 953 1584 assequamur.
983 1537 1026 1568 at
1047 1528 1272 1569 obscurum
1296 1528 1376 1568 deo
1397 1528 1501 1570 nihil
1520 1537 1662 1583 potest

221 1598 325 1626 esse.
358 1601 454 1627 nam
469 1585 651 1641 justitia,
672 1601 767 1641 quae
788 1600 911 1625 suum
933 1585 1086 1641 cuique
1107 1584 1336 1634 distribuit,
1359 1584 1457 1640 quid
1480 1585 1661 1640 pertinet

220 1641 274 1682 ad
294 1642 426 1683 deos?
459 1642 680 1683 hominum
704 1642 815 1682 enim
837 1641 1030 1692 societas,
1051 1650 1094 1682 et
1118 1642 1418 1692 communitas,
1440 1651 1487 1682 ut
1506 1656 1576 1682 vos
1597 1641 1661 1682 di-

219 1698 327 1749 citis,
340 1698 551 1755 justitiam
569 1699 816 1753 procreavit.
836 1698 1112 1762 temperantia
1131 1707 1272 1738 autem
1292 1707 1457 1738 constat
1478 1713 1528 1738 ex
1549 1713 1659 1754 prae-

218 1755 501 1797 termittendis
532 1755 818 1810 voluptatibus
847 1755 1061 1809 corporis:
1093 1755 1161 1794 cui
1183 1755 1216 1794 si
1237 1754 1389 1794 locus
1380 1769 1422 1794 111
1443 1754 1549 1795 caelo
1580 1762 1660 1804 est,

216 1821 282 1853 est
300 1813 426 1854 etiam
456 1811 757 1876 voluptatibus.
815 1812 929 1852 Nam
962 1811 1082 1852 fortis
1115 1811 1218 1852 deus
1252 1810 1431 1866 intelligi
1454 1814 1524 1866 qui
1556 1820 1655 1866 pot-

217 1870 310 1909 est?
343 1869 385 1910 in
413 1868 574 1933 dolore,
597 1883 649 1908 an
668 1868 708 1908 in
729 1867 888 1931 labore,
909 1878 983 1908 aut
1002 1868 1043 1908 in
1064 1867 1281 1922 periculo?
1315 1882 1497 1922 quorum
1528 1868 1657 1910 deum

153 1937 205 1979 39
217 1924 320 1966 nihil
349 1925 535 1981 attingit.
593 1926 688 1965 Nec
718 1924 880 1965 ratione
910 1925 1040 1979 igitur
1068 1933 1275 1974 utentem,
1298 1938 1373 1965 nec
1393 1923 1545 1966 virtute
1570 1924 1658 1966 ulla

213 1982 439 2038 praeditum
463 1982 589 2023 deum
606 1981 843 2045 intelligere
862 1996 933 2036 qui
956 1996 1206 2036 possumus.
1199 1982 1211 2012 Ρ

267 2040 363 2080 Νο0
379 2053 475 2080 vero
493 2038 609 2093 vulgi
628 2047 756 2094 atque
776 2038 1068 2093 imperitorum
1090 2038 1297 2079 inscitiam
1320 2037 1534 2093 despicere
1553 2052 1652 2103 pos-

213 2110 324 2145 sum,
345 2110 444 2137 cum
469 2109 518 2136 ea
546 2095 781 2145 considero,
803 2110 897 2150 quae
927 2094 1125 2136 dicuntur
1155 2110 1179 2135 a
1210 2094 1378 2135 Stoicis.
1409 2103 1508 2136 sunt
1537 2095 1652 2136 enim

208 2152 283 2193 illa
302 2152 611 2208 imperitorum.
673 2152 833 2193 Piscem
855 2152 950 2209 Syri
970 2161 1230 2193 venerantur.
1261 2166 1387 2192 omne
1409 2153 1494 2192 fere
1513 2166 1652 2207 genus

211 2209 440 2250 bestiarum
477 2208 676 2264 AEgyptii
712 2218 1075 2249 consecraverunt.
1132 2210 1229 2250 Jam
1269 2223 1366 2249 vero
1402 2209 1444 2249 in
1482 2208 1650 2248 Graecia

208 2266 368 2307 multos
387 2265 547 2307 habent
566 2280 617 2306 ex
638 2265 881 2306 hominibus
911 2266 1028 2317 deos,
1052 2274 1090 2298 43
1108 2264 1378 2306 Alabandum
1403 2263 1646 2305 Alabandi.

207 2322 385 2363 Tenedii
412 2324 600 2364 Tenem:
631 2321 938 2373 Leucotheam,
970 2339 1063 2379 quae
1096 2323 1178 2364 fuit
1206 2323 1298 2373 Ino,
1320 2331 1363 2362 et
1392 2321 1482 2377 ejus
1514 2320 1648 2361 Palae-

207 2393 378 2420 monem
426 2379 572 2429 filium,
612 2388 766 2420 cuncta
804 2380 997 2430 Graecia-3
1046 2379 1294 2428 Herculem,
1333 2377 1646 2432 AEsculapium,

206 2435 498 2500 Tyndaridas:
542 2436 774 2476 Romulum
813 2437 961 2486 nostri,
1000 2437 1189 2491 aliosque
1227 2434 1494 2489 complures:
1537 2448 1644 2488 quos

207 2492 354 2547 quasi
343 2507 488 2556 noyos,
508 2501 550 2533 et
570 2492 858 2556 adscripticios
889 2493 997 2533 cives
1018 2493 1061 2533 in
1082 2492 1234 2532 caelum
1256 2499 1447 2545 receptos
1476 2499 1643 2545 putant.

127 2543 195 2599 16
207 2549 316 2590 Haec
354 2548 484 2604 igitur
514 2548 689 2590 indocti.
756 2548 875 2592 Quid
906 2563 978 2590 vos
1012 2547 1287 2604 philosophi?
1326 2549 1397 2603 qui
1432 2547 1642 2588 meliora?

240 2724 280 2750 43
292 2716 479 2747 Alabandum
488 2713 655 2745 Alabandi·
669 2712 773 2743 Tenedz
784 2711 900 2752 Tenem]
944 2714 978 2744 in
1000 2715 1104 2763 primo
1119 2714 1294 2752 Alabandis,
1312 2725 1337 2746 s.
1352 2714 1541 2752 Alabandeis,
1556 2714 1641 2754 quod

202 2761 423 2801 Requiruntur
459 2760 592 2789 nomina
628 2756 834 2797 populorum,
871 2763 902 2787 et
944 2764 991 2787 est
1012 2758 1044 2788 in
1069 2759 1126 2800 Ep.
1141 2759 1180 2790 ad
1202 2758 1277 2790 Div.
1291 2759 1386 2798 XIII,
1404 2763 1455 2791 56.
1470 2759 1515 2789 sic
1531 2765 1562 2789 et
1577 2758 1640 2789 Bu·

201 2811 273 2844 post
288 2811 334 2835 est
349 2801 437 2833 nostri
458 2802 480 2832 ἱ.
492 2812 519 2832 0.
536 2801 684 2831 Romani.
730 2800 841 2838 ltaque
857 2799 901 2829 le·
944 2801 1063 2833 herius,

201 2848 345 2887 gendum
362 2845 495 2878 Tenedii·
489 2856 523 2878 m
538 2844 685 2878 membro
697 2843 853 2884 secunde,
870 2850 902 2875 et
