1778 3095
234 122 311 154 232
535 115 606 153 DE
634 116 790 155 FINIB.
818 117 1016 156 BONOR.
1044 120 1111 157 ET
1137 121 1345 158 MALOR.

233 221 493 277 repudiabat,
529 224 789 267 addisceret?
821 241 896 268 cur
924 226 1014 282 ipse
1048 227 1308 284 Pythagoras
1337 235 1380 269 et
1412 228 1649 284 AEgyptuh

233 277 436 331 lustravit,
457 290 500 321 et
521 281 736 323 Persarum
761 297 910 338 magos
930 283 1032 324 adiit
1049 285 1061 324 ?
1094 299 1168 325 cur
1189 294 1324 325 tantas
1345 284 1536 339 regiones
1555 285 1651 325 bar-

233 334 433 377 barorum
463 337 639 391 pedibus
668 338 804 380 obiit?
837 348 901 380 tot
930 340 1060 380 maria
1089 341 1346 381 transmisit?
1381 356 1454 381 cur
1475 340 1565 381 haec
1585 355 1653 383 ea-

233 389 330 431 dem
352 392 652 435 Democritus?
685 395 757 450 qui
778 402 814 432 87
838 399 946 449 (vere
977 397 1149 447 falsone,
1177 399 1473 453 quaereremus)
1499 397 1653 439 dicitur

232 447 366 488 oculis
387 463 429 489 se
457 449 662 504 privasse:
694 461 805 492 certe
835 459 883 493 ut
909 467 1036 507 quam
1065 454 1236 494 minime
1265 454 1428 494 animus
1448 468 1473 494 a
1491 453 1652 511 cogita-

231 503 417 545 tionibus
436 506 727 558 abduceretur,
749 508 1045 562 patrimonium
1077 510 1259 564 neglexit
1279 527 1288 551 ε
1320 524 1442 565 agros
1469 509 1654 550 deseruit

231 559 429 611 incultos,
463 563 564 618 quid
594 578 782 619 quaerens
814 564 942 613 aliud,
974 564 1051 605 nisi
1077 566 1242 606 beatam
1270 566 1428 607 vitam?
1462 580 1586 621 quam
1619 565 1653 606 si

232 615 361 658 etiam
382 617 424 658 in
445 633 581 660 rerum
603 620 845 674 cognitione
863 620 1060 674 ponebat,
1082 630 1221 662 tamen
1250 637 1299 662 ex
1328 622 1398 662 illa
1427 622 1651 677 investiga-

231 672 347 713 tione
378 684 536 716 naturae
568 676 767 731 consequi
803 676 982 726 volebat,
1013 686 1060 718 ut
1091 686 1199 719 esset
1230 678 1343 719 bono
1371 679 1525 720 animo.
1556 677 1654 718 38id

231 729 341 770 enim
365 730 434 771 ille
455 746 667 772 summum
698 733 873 782 bonum,
892 732 1064 784 εὐθυμίαν
1093 743 1135 774 et
1165 748 1275 788 saepe
1299 734 1488 787 ἁθαμὲίαν
1509 734 1653 790 appel-

171 795 221 827 88
233 784 306 835 lat,
328 786 370 826 id
390 797 468 836 est,
488 787 674 828 animum
696 796 852 828 terrore
880 788 1072 830 liberum.
1132 790 1215 831 Sed
1233 790 1324 831 haec
1344 791 1421 832 etsi
1441 791 1654 846 praeclare,

189 842 420 883 b·nondum
441 853 580 887 tamen
599 852 640 884 et
662 844 878 899 perpolita.
908 860 1043 900 pauca
1071 846 1199 898 enim,
1219 861 1354 902 neque
1373 862 1422 888 ea
1440 848 1529 902 ipsa
1548 862 1652 888 enu-

229 897 363 938 cleate
392 899 445 939 ab
478 899 574 950 hoc,
608 899 660 941 de
690 901 841 942 virtute
871 901 1055 957 quidem,
1077 903 1201 944 dicta.
1231 912 1330 958 post
1357 904 1468 944 enim
1498 903 1588 945 haec
1609 903 1653 944 in

228 953 308 995 hae
339 955 443 996 urbe
472 956 653 1010 primum
687 972 711 998 a
743 958 913 998 Socrate
943 959 1072 1014 quaeri
1101 969 1268 1014 coepta:
1300 959 1450 1000 deinde
1476 959 1519 1000 in
1540 960 1653 1001 hunc

227 1010 371 1053 locum
393 1011 530 1058 delata
550 1022 659 1058 sunt.
691 1028 766 1054 nec
797 1013 1052 1066 dubitatum,
1074 1015 1173 1071 quin
1195 1015 1236 1056 in
1258 1016 1406 1057 virtute
1434 1016 1584 1066 omnis,
1605 1024 1653 1057 ut

227 1066 349 1117 bene,
370 1069 428 1109 sic
447 1069 573 1110 etiam
594 1069 715 1110 beate
734 1070 895 1111 vivendi
914 1085 1009 1126 spes
1030 1081 1268 1126 poneretur.
1300 1087 1393 1127 quae
1414 1087 1511 1113 cum
1534 1073 1652 1113 Zeno

227 1123 443 1172 didicisset
462 1140 486 1165 a
506 1126 655 1170 nostris
675 1143 684 1168 2
714 1135 764 1167 ut
782 1126 823 1167 in
844 1127 1079 1168 actionibus
1109 1128 1320 1181 praescribi
1340 1129 1459 1178 solet,
1480 1136 1520 1162 39
1537 1128 1588 1169 de
1608 1143 1653 1169 re

227 1179 373 1229 eadem
392 1182 474 1223 alio
495 1181 639 1228 modo.
698 1183 796 1224 Hoc
816 1191 863 1223 tu
883 1197 992 1223 nunc
1012 1183 1055 1223 in
1074 1182 1146 1224 illo
1168 1184 1335 1238 probas.
1394 1184 1563 1225 Scilicet
1579 1199 1653 1226 vo-

226 1237 386 1278 cabulis
417 1253 555 1279 rerum
588 1238 774 1288 mutatiS‚
796 1238 1086 1279 inconstantiae
1117 1239 1275 1279 crimen
1295 1239 1364 1280 ille
1389 1239 1554 1294 effugit,
1575 1255 1652 1281 nos

226 1293 411 1348 effugere
433 1308 516 1334 non
537 1294 790 1348 possumus?
826 1293 903 1334 Ille
932 1295 1098 1336 Metelli
1115 1295 1241 1336 vitam
1262 1302 1388 1350 negat
1407 1295 1653 1347 beatiorem,

256 1363 354 1389 uam
390 1350 568 1404 Reguli:
603 1349 926 1405 praeponendam
962 1360 1132 1392 tamen:
1172 1366 1248 1392 nec
1287 1351 1424 1406 magis
1456 1361 1653 1407 expeten-

225 1363 339 1455 gam,
372 1406 446 1447 sed
480 1406 617 1461 magis
651 1406 926 1449 sumendam:
957 1416 1014 1458 et,
1045 1407 1079 1448 si
1113 1408 1231 1463 optio
1260 1417 1383 1458 esset,
1413 1407 1652 1464 eligendam

224 1461 408 1512 Metelli,
429 1462 697 1517 rejiciendam
729 1463 896 1518 Reguli.
954 1466 1050 1519 Ego
1078 1479 1204 1520 quam
1224 1464 1295 1505 ille
1312 1464 1652 1520 praeponendam,

226 1526 268 1557 et
287 1519 421 1573 magis
444 1518 697 1574 eligendam,
717 1519 948 1560 beatiorem
970 1521 1076 1561 hanc
1098 1520 1288 1576 appello:
1321 1535 1396 1561 nec
1418 1520 1505 1561 ullo
1527 1521 1652 1562 mini-

163 1583 213 1624 89
227 1589 298 1615 mo
316 1586 533 1616 momento
552 1576 647 1630 plus
677 1575 715 1616 ei
744 1576 838 1617 vitae
863 1576 1017 1628 tribuo,
1037 1591 1164 1632 quam
1185 1577 1330 1618 Stoici.
1387 1577 1503 1632 Quid
1523 1577 1651 1618 inter-

223 1640 301 1681 est,
324 1631 402 1672 nisi
421 1631 536 1686 quod
554 1646 635 1687 ego
655 1647 719 1672 res
741 1641 860 1672 notas
881 1633 990 1673 notis
1010 1633 1145 1673 verbis
1172 1633 1340 1688 appello
1361 1650 1370 1673 ε
1401 1633 1461 1673 illi
1480 1633 1651 1675 nomina

224 1702 330 1728 nova
359 1697 566 1742 quaerunt,
591 1688 745 1743 quibus
776 1689 888 1729 idem
918 1689 1090 1730 dicant?
1126 1689 1191 1730 Ita
1220 1689 1576 1745 quemadmodum
1607 1690 1651 1730 in

223 1752 372 1784 senatu
399 1758 564 1799 semper
583 1754 646 1785 est
665 1744 829 1800 aliquis,
852 1745 922 1801 qui
953 1746 1219 1800 interpretem
1250 1745 1462 1801 postulet:
1494 1745 1552 1786 sic
1582 1745 1650 1787 isti

223 1800 346 1840 nobis
377 1814 474 1841 cum
503 1801 728 1856 interprete
758 1801 952 1842 audiendi
983 1810 1092 1842 sunt.
1123 1802 1284 1842 bonum
1316 1801 1498 1856 appello,
1527 1801 1650 1857 quid-

223 1856 325 1911 quid
346 1856 577 1898 secundum
608 1867 795 1898 naturam
826 1867 889 1898 est
909 1874 917 1899 ε
951 1857 1066 1914 quod
1096 1866 1255 1907 contra,
1275 1858 1450 1898 malum.
1471 1872 1547 1899 nec
1567 1872 1650 1913 ego

222 1912 365 1953 solus:
398 1913 468 1954 sed
499 1922 547 1955 tu
576 1914 717 1963 etiam,
737 1914 987 1970 Chrysippe,
1016 1915 1057 1955 in
1088 1915 1196 1964 foro,
1219 1914 1361 1955 domi:
1390 1922 1431 1946 40
1444 1914 1486 1955 in
1505 1913 1651 1956 schola

220 1967 383 2009 definis.
440 1969 555 2025 Quid
587 1971 721 2025 ergo?
755 1970 875 2011 aliter
904 1970 1111 2021 homines,
1139 1969 1258 2011 aliter
1287 1969 1564 2025 philosophos
1583 1970 1651 2011 lo-

222 2025 295 2079 qui
314 2034 436 2080 putes
457 2036 663 2081 oportere,
684 2027 892 2081 41[quanti
923 2027 1107 2083 quidque
1138 2027 1208 2081 sit]
1231 2028 1245 2067 ?
1277 2026 1397 2067 aliter
1421 2026 1585 2077 doctos,
1606 2036 1649 2067 et

222 2080 417 2122 indoctos
436 2083 448 2122 ?
482 2082 552 2123 sed
584 2097 679 2123 cum
713 2083 946 2124 constiterit
971 2084 1077 2124 inter
1098 2083 1260 2132 doctos,
1281 2082 1426 2138 quanti
1446 2096 1509 2123 res
1531 2098 1648 2138 quae-

226 2152 306 2193 que
326 2139 400 2178 sit:
432 2147 469 2170 4²
487 2139 538 2193 [si
559 2138 749 2180 homines
780 2149 930 2190 essent,
951 2140 1105 2181 usitate
1123 2139 1428 2193 loquerentur].
1459 2138 1560 2179 dum
1582 2153 1647 2179 res

141 2194 215 2242 30
226 2202 436 2244 maneant,
457 2195 581 2235 verba
610 2195 771 2250 fingant
799 2196 1001 2237 arbitratu
1031 2211 1120 2237 suo.
1181 2195 1263 2235 Sed
1290 2194 1409 2235 venio
1427 2194 1480 2235 ad
1500 2195 1648 2236 incon-

161 2270 215 2311 90
225 2251 387 2291 stantiae
407 2251 578 2302 crimen,
599 2265 650 2292 ne
672 2252 822 2307 saepius
852 2251 978 2304 dicas,
1007 2266 1077 2292 me
1107 2251 1294 2292 aberrare
1314 2267 1323 2291 :
1356 2265 1482 2306 quam
1502 2259 1549 2292 tu
1567 2265 1648 2306 po-

264 2408 302 2435 37
321 2412 389 2431 vere
401 2402 519 2441 falsane
534 2402 736 2444 quaereremus]
754 2402 911 2433 Victorius
953 2401 1069 2432 addidit
1095 2411 1111 2431 e
1141 2401 1220 2431 MSS.
1245 2400 1348 2430 desinis
1377 2401 1397 2430 i.
1422 2409 1448 2430 e.
1478 2401 1524 2430 uti
1553 2402 1650 2432 verbo

218 2449 250 2473 et
268 2445 441 2475 Lambinus
454 2446 559 2475 delent
574 2456 773 2486 quaereremus.
816 2445 911 2475 Davi·
955 2454 1041 2474 more
1067 2450 1097 2474 et
1122 2443 1321 2483 populariter.
1367 2444 1418 2474 Sic
1442 2449 1473 2473 et
1496 2443 1648 2475 Aleman-

218 2487 284 2517 sius
302 2499 353 2516 non
369 2499 535 2528 quaeremus.
560 2488 672 2527 placet.
955 2497 1014 2518 nus
1031 2497 1048 2517 e
1063 2486 1142 2517 Mss.
1160 2486 1253 2516 Paris.

264 2536 303 2560 38
331 2530 363 2559 id
386 2531 458 2559 enim
483 2529 548 2571 ille]
567 2530 715 2561 Davisius
731 2529 832 2558 etenim
853 2528 912 2559 ille.
997 2537 1032 2560 41
1065 2529 1167 2571 quanti
1189 2528 1314 2570 quidque
1334 2527 1389 2568 sit]
1410 2529 1480 2559 Hoc
1502 2538 1542 2559 ex
1561 2539 1648 2569 seqq.

219 2571 312 2602 bene.
955 2572 1020 2602 huc
1042 2571 1229 2602 translatum
1252 2580 1330 2608 esse,
1353 2581 1419 2601 non
1442 2572 1650 2611 improbabile

264 2621 305 2648 :39
320 2614 353 2643 de
369 2625 397 2643 re
412 2613 507 2643 eadem
518 2614 599 2653 fecit
622 2613 680 2643 alio
695 2612 783 2651 modo]
802 2613 913 2644 Delevi
954 2615 1086 2644 videtur.
1103 2623 1161 2643 nec
1183 2615 1269 2644 enim
1294 2614 1372 2643 bene
1388 2615 1451 2644 coit
1466 2624 1543 2644 cum
1558 2622 1648 2645 ante-

208 2656 302 2697 fecit,
321 2658 406 2695 quod
429 2657 494 2695 ipsa
509 2657 645 2686 formula
669 2656 722 2686 illa
741 2656 853 2693 jubet:
879 2657 911 2686 in
954 2658 1083 2688 cedente
1097 2664 1127 2686 et
1142 2663 1366 2695 consequente.

219 2709 284 2738 qua
299 2709 362 2729 non
376 2699 456 2738 fecit
477 2700 531 2729 sed
545 2699 604 2735 egit
622 2699 815 2736 intelligitur.
860 2699 911 2729 Sic
996 2707 1035 2730 42
1063 2700 1086 2729 si
1115 2699 1235 2728 homines
1265 2706 1364 2735 essent,
1391 2710 1420 2729 n.
1445 2697 1643 2740 loquerentur]

218 2749 266 2772 est
281 2743 363 2772 idem
381 2743 412 2771 in
427 2742 503 2781 Epp.
519 2743 558 2772 ad
580 2742 653 2772 Div.
668 2742 761 2777 XIII,
780 2747 830 2775 27.
954 2743 1026 2772 Hoc
1049 2752 1175 2780 quoque
1199 2752 1263 2772 non
1288 2742 1425 2773 cohaeret
1447 2742 1586 2782 reliquis,
1610 2750 1646 2773 ut

263 2792 303 2816 4ο
320 2785 349 2813 ἱη
365 2783 456 2813 schola
472 2783 587 2824 diffinis]
607 2785 626 2814 i.
644 2795 669 2814 e.
687 2785 798 2823 incipis
815 2784 910 2814 verbo
952 2786 1028 2816 vidit
1043 2785 1202 2816 Davisius.

218 2827 365 2858 subtilius
393 2827 436 2857 uti
462 2837 501 2857 ex
525 2828 718 2857 definitione.
763 2827 910 2857 Davisius
