1778 3095
182 155 265 189 410
565 146 644 184 DE
672 143 934 185 NATURA
960 144 1230 186 DEORUM

104 263 327 312 14autem
349 256 415 310 (ut
437 253 529 312 jam
563 253 616 295 ad
644 262 816 306 vestros,
835 254 982 306 Balbe,
1001 255 1178 308 veniam)
1204 255 1434 297 naturalem
1454 257 1609 313 legem,

115 331 171 369 35
184 313 366 355 divinam
387 327 478 353 esse
494 318 651 362 censet,
673 325 852 368 eamque
871 311 953 353 vim
974 312 1164 354 obtinere
1184 321 1298 354 recta
1316 312 1608 368 imperantem,

179 369 563 426 prohibentemque
595 368 816 409 contraria.
863 382 988 424 quam
1026 368 1166 424 legem
1204 369 1421 424 quomodo
1458 370 1610 412 efficiat

179 426 453 475 animantem,
487 423 722 480 intelligere
754 439 839 465 non
876 439 1114 480 possumus.
1171 425 1313 466 Deum
1349 435 1490 467 autem
1519 427 1610 467 ani-

178 492 367 524 mantem
388 489 500 522 certe
520 481 713 523 volumus
729 494 832 522 esse.
862 482 1013 536 Atque
1023 480 1090 522 hic
1107 481 1217 523 idem
1236 482 1317 523 alio
1334 482 1430 523 loco
1452 482 1611 524 aethera

179 546 219 572 ⁶2
231 538 357 580 deum
378 537 494 589 dicit,
516 537 551 578 si
569 538 751 593 intelligi
772 546 914 592 potest
933 537 1036 577 nihil
1056 539 1236 579 sentiens
1257 538 1375 589 deus,
1393 539 1464 594 qui
1485 554 1610 580 num-

178 610 307 651 quam
328 594 449 636 nobis
470 594 655 635 occurrit
676 607 810 649 neque
836 593 876 633 in
899 593 1107 648 precibus,
1129 609 1264 650 neque
1283 596 1324 636 in
1345 595 1513 650 optatis,
1535 609 1611 636 ne-

177 666 262 707 que
295 651 338 692 in
373 650 495 693 votis.
554 650 664 691 Aliis
690 659 831 691 autem
857 648 972 690 libris
999 655 1037 680 ⁶3
1056 650 1259 692 rationem
1291 651 1515 707 quandam,
1537 666 1611 707 per

178 722 350 749 omnem
376 716 569 748 naturam
594 720 733 747 rerum
761 705 1056 760 pertinentem,
1078 713 1118 737 64
1132 715 1181 747 ut
1200 707 1379 748 divinam
1400 723 1490 749 esse
1509 709 1610 749 affe-

177 772 291 806 ctam
321 772 455 820 putat.
516 769 554 795 65
575 762 694 803 Idem
733 762 854 803 astris
893 761 975 802 hoc
1009 761 1119 802 idem
1156 763 1317 814 tribuit,
1350 772 1440 805 tum
1477 765 1610 815 annis,

177 821 411 870 mensibus,
445 832 735 874 annorumque
773 817 1092 859 mutationibus.
1152 818 1263 859 Cum
1299 834 1395 861 vero
1431 821 1613 865 Hesiodi

176 877 454 932 theogoniam
474 876 785 930 interpretatur,
802 874 914 915 tollit
934 874 1106 916 omnino
1130 880 1168 905 66
1182 875 1354 916 usitatas
1371 887 1610 932 perceptas-

178 948 262 988 que
290 932 555 987 cognitiones
586 931 777 972 deorum.
814 945 949 986 neque
979 931 1091 972 enim
1120 932 1282 983 Jovem,
1313 946 1447 987 neque
1475 935 1612 975 Juno-

178 1004 290 1039 nem,
311 1002 446 1044 neque
466 988 658 1038 Vestam,
679 1001 815 1044 neque
842 1001 1112 1044 quemquam,
1133 994 1170 1023 67
1186 989 1259 1043 qui
1278 988 1337 1029 ita
1363 988 1613 1044 appelletur,

175 1046 222 1087 in
250 1045 427 1087 deorum
456 1044 585 1085 habet
613 1057 820 1086 numero:
852 1043 926 1085 sed
950 1043 1074 1085 rebus
1102 1044 1296 1085 inanimis
1320 1053 1447 1100 atque
1467 1046 1612 1097 mutis,

180 1109 220 1133 68
234 1116 310 1157 per
340 1099 934 1157 quandam-significationem
963 1100 1055 1141 haec
1087 1099 1212 1142 docet
1241 1101 1398 1142 tributa
1428 1101 1612 1143 nomina.

113 1170 167 1212 37
183 1158 319 1214 Cujus
349 1157 544 1214 discipuli
572 1157 783 1198 Aristonis
815 1171 898 1198 non
928 1157 1068 1199 minus
1097 1171 1256 1212 magno
1281 1157 1324 1198 in
1348 1172 1487 1199 errore
1516 1173 1613 1200 sen-

136 1232 169 1262 b,
182 1215 314 1257 tentia
333 1223 396 1257 est
413 1232 422 1255 :
452 1215 524 1270 qui
551 1228 688 1269 neque
708 1214 888 1255 formam
908 1212 974 1253 dei
995 1212 1173 1269 intelligi
1193 1227 1317 1268 posse
1335 1224 1517 1265 censeat,
1538 1229 1612 1256 ne-

123 1295 125 1297 ·
179 1286 264 1328 que
294 1272 337 1313 in
367 1271 446 1312 diis
467 1285 637 1312 sensum
656 1283 749 1311 esse
769 1269 897 1321 dicat,
918 1269 1168 1325 dubitetque
1190 1270 1376 1321 omnino,
1397 1270 1502 1312 deus
1523 1271 1613 1312 ani·-

178 1343 315 1379 mans,
351 1341 482 1369 necne
518 1327 585 1368 sit.
647 1326 875 1368 Cleanthes
907 1334 1064 1377 autem,
1101 1326 1174 1381 qui
1208 1327 1424 1368 Zenonem
1455 1327 1614 1369 audivit

178 1400 264 1425 una
291 1399 389 1425 cum
418 1398 483 1434 eo,
506 1398 630 1439 quem
658 1383 848 1439 proxime
869 1382 1094 1433 nominavi,
1114 1392 1207 1424 tum
1229 1383 1368 1438 ipsum
1390 1383 1614 1435 mundum,

179 1442 309 1482 deum
330 1440 434 1482 dicit
454 1455 559 1492 esse,
581 1450 673 1481 tum
704 1439 833 1482 totius
864 1450 1022 1481 naturae
1052 1440 1185 1480 menti
1215 1448 1342 1495 atque
1371 1440 1513 1481 animo
1539 1441 1614 1481 tri-

179 1498 274 1539 buit
304 1498 384 1538 hoc
414 1511 594 1538 nomen:
625 1506 717 1538 tum
747 1496 961 1546 ultimum,
980 1504 1024 1537 et
1050 1495 1315 1547 altissimum,
1337 1504 1463 1552 atque
1488 1497 1613 1538 undi-

179 1567 263 1610 que
282 1554 601 1605 circumfusum,
615 1562 658 1595 et
673 1562 908 1594 extremum
926 1552 1069 1593 omnia
1089 1553 1327 1608 cingentem
1349 1562 1475 1608 atque
1494 1568 1614 1594 com-

179 1611 352 1665 plexum
385 1609 594 1661 ardorem,
626 1610 699 1666 qui
728 1610 860 1651 aether
890 1609 1144 1659 nominetur,
1174 1609 1455 1650 certissimum
1485 1609 1612 1651 deum

173 1668 357 1723 judicat.
417 1666 636 1722 Idemque,
659 1666 778 1722 quasi
807 1665 1001 1716 delirans,
1021 1666 1063 1706 in
1091 1665 1140 1707 iis
1166 1665 1297 1716 libris,
1318 1680 1425 1721 quos
1447 1666 1614 1721 scripsit

180 1733 328 1765 contra
348 1723 623 1778 voluptatem,
643 1732 735 1764 tum
757 1722 881 1777 fingit
901 1722 1081 1763 formam
1114 1722 1323 1778 quandam
1356 1730 1398 1763 et
1427 1723 1612 1777 speciem

179 1780 374 1830 deorum,
394 1788 488 1820 tum
508 1779 767 1820 divinitatem
788 1792 957 1819 omnem
985 1777 1133 1820 tribuit
1153 1778 1288 1828 astris,
1309 1787 1401 1819 tum
1421 1778 1526 1819 nihil
1545 1794 1614 1820 ra-

180 1837 298 1877 tione
317 1845 458 1877 censet
488 1850 578 1877 esse
608 1835 798 1877 divinius.
859 1836 924 1875 Ita
945 1835 1004 1884 fit,
1024 1844 1074 1875 ut
1093 1835 1195 1875 deus
1217 1834 1301 1883 ille,
1323 1849 1450 1890 quem
1471 1845 1615 1877 mente

176 1893 410 1944 noscimus,
443 1900 569 1949 atque
597 1892 639 1934 in
671 1891 800 1933 animi
831 1891 1016 1942 notione,
1040 1897 1079 1925 69
1096 1898 1314 1947 tamquam
1345 1891 1388 1932 in
1421 1891 1614 1948 vestigio,

224 2024 263 2049 62
295 2018 377 2048 deum
402 2017 488 2057 dicit]
516 2018 631 2058 Vulgg.
661 2019 782 2049 addunt
808 2029 874 2053 esse,

179 2063 265 2102 quod
290 2071 368 2092 cum
394 2062 524 2092 Davisio
548 2063 662 2099 delevi,
690 2062 777 2092 abest
803 2068 833 2091 et
857 2069 876 2090 a

181 2105 244 2135 Ms.
261 2105 368 2134 Guelf.

224 2153 262 2178 63
287 2148 424 2177 rationem
448 2146 509 2189 qus]
530 2148 590 2177 i.e.
608 2154 764 2183 mentem,
787 2146 876 2186 spiri-

179 2197 264 2226 tum,
280 2198 317 2220 ut
333 2201 389 2221 nos
413 2193 560 2221 dicimus.
585 2198 655 2220 turn
679 2191 747 2220 dedi
771 2201 877 2218 omnem

180 2240 315 2262 naturam
332 2245 437 2271 rerum,
450 2245 504 2274 pro
516 2233 651 2269 onmium,
665 2240 700 2263 ut
715 2234 875 2267 Davisius.

179 2277 254 2315 quia
277 2286 401 2315 semper
424 2279 469 2308 sic
497 2277 619 2313 Cicero,
643 2277 688 2306 sic
715 2282 823 2305 tamen
847 2282 878 2305 et

180 2319 292 2349 Lamb.
310 2321 343 2349 in
360 2320 423 2350 Ms.
437 2321 549 2360 reperit
563 2327 658 2358 atque
674 2319 780 2348 edidit.

224 2367 263 2392 64
287 2369 320 2390 ut
335 2362 470 2392 divinam
485 2374 540 2393 esse
554 2361 704 2402 affictam]
722 2362 792 2391 Hoc
805 2360 877 2390 nul-

180 2405 251 2435 lum
266 2414 398 2434 sensum
414 2407 531 2436 habere
545 2406 679 2436 videtur.
706 2405 740 2434 P.
757 2404 877 2434 Manu-

179 2448 242 2477 tius
265 2447 437 2486 corrigebat
459 2449 494 2478 vi
516 2448 633 2484 divina,
650 2456 748 2486 quarn
770 2447 877 2485 conje-

178 2496 303 2520 cturam
320 2492 435 2529 recepit
447 2491 695 2526 Davisius,item
709 2490 876 2520 ssuherius.

179 2532 231 2562 Sic
255 2542 282 2562 c.
306 2542 353 2571 sq.
379 2534 428 2562 ‘vis
450 2534 556 2563 divina
580 2533 609 2561 in
632 2532 741 2561 ratione
757 2531 877 2571 posita:

179 2584 238 2612 ego
262 2585 326 2604 non
349 2584 445 2606 ausus
466 2586 554 2612 sum,
573 2575 662 2605 nullo
681 2575 760 2605 libro
776 2582 877 2604 vetere

179 2617 401 2657 adstipulante.

224 2665 264 2690 65
289 2659 368 2689 Idem
382 2660 469 2689 astris
485 2660 533 2688 boc
550 2659 623 2688 idem
641 2658 694 2696 tr.]
717 2659 791 2689 Non
810 2658 877 2697 pla-

179 2709 230 2732 eet
259 2703 398 2741 repetitio
429 2702 467 2731 τῦ
498 2703 583 2732 idem.
636 2703 725 2732 Forte
754 2702 876 2740 scripsit

180 2746 255 2774 Item
271 2745 356 2774 astris
371 2745 399 2775 Ῐι,
417 2745 437 2774 i.
455 2752 493 2774 tr.

223 2792 263 2817 66
280 2788 402 2817 usitatas
412 2794 618 2828 perceptasque
630 2798 655 2816 c.
668 2785 712 2824 d.]
727 2793 877 2825 perceptas

180 2830 270 2860 nullo
287 2832 381 2861 modo
397 2840 509 2860 verum
525 2837 580 2860 est.
605 2837 660 2859 aut
683 2835 807 2867 receptas
830 2836 877 2859 est

178 2873 362 2912 regendum,
380 2880 435 2903 aut
459 2873 573 2904 melius
594 2878 766 2913 pra-reptas,
789 2873 875 2912 quod

919 2022 950 2046 et
973 2016 1068 2047 edidit
1089 2016 1249 2052 Davisius,
1272 2017 1413 2056 itemque
1435 2015 1536 2046 insitas
1558 2025 1616 2056 pro

918 2059 1053 2096 usitatas,
1081 2066 1116 2090 ut
1142 2060 1316 2090 Lambinus
1344 2059 1455 2090 voluit.
1500 2060 1615 2090 Haereo

919 2112 959 2132 ex
975 2112 1025 2139 e0,
1042 2103 1127 2141 quod
1145 2112 1218 2141 quae
1242 2103 1274 2133 in
1297 2102 1467 2142 theogonia
1483 2102 1614 2133 Hesiodi

919 2152 1007 2183 sunt,
1024 2146 1062 2175 de
1084 2146 1161 2175 Jove
1181 2147 1308 2175 Junone
1327 2148 1385 2176 Ere.
1401 2155 1466 2176 non
1484 2152 1560 2175 sunt
1574 2154 1615 2176 ex

922 2188 1014 2218 insita
1036 2189 1235 2227 cognitione:
1264 2189 1318 2219 sed
1341 2195 1417 2219 sunt
1439 2189 1560 2218 usitatae
1583 2194 1615 2218 et

921 2238 1053 2270 receptae
1067 2233 1241 2270 opiniones.

965 2279 1002 2308 67
1028 2275 1078 2315 qui
1093 2274 1136 2302 ita
1151 2272 1328 2315 appelletur]
1354 2274 1417 2304 Ms.
1438 2272 1544 2303 Guelf.
1562 2279 1615 2313 ap-

914 2315 1073 2355 pellentur,
1104 2318 1189 2355 quod
1219 2327 1284 2346 non
1314 2317 1404 2346 valde
1439 2316 1614 2355 repudiem-

921 2369 997 2389 nam
1020 2361 1057 2389 de
1081 2360 1223 2398 pluribus
1249 2369 1353 2389 sermo
1370 2366 1428 2395 est,
1446 2365 1476 2388 et
1498 2359 1614 2389 intelli-

919 2403 1060 2440 gendum
1077 2409 1123 2432 est
1138 2413 1231 2438 eorum
1246 2409 1315 2441 post
1331 2412 1513 2443 quemquam.

963 2449 1001 2474 68
1027 2451 1083 2483 per
1105 2445 1249 2486 quandam
1272 2442 1521 2484 signficationem]
1548 2443 1568 2473 i.
1585 2453 1615 2474 e.

918 2487 1107 2525 symbolice,
1124 2494 1160 2516 ut
1182 2487 1334 2517 haberent
1357 2486 1494 2525 alicujus
1515 2486 1557 2515 rei
1575 2486 1615 2516 fi-

921 2539 1034 2568 guram
1051 2536 1080 2560 et
1100 2530 1378 2569 significationem,
1395 2537 1431 2560 ut
1446 2530 1540 2559 Vesta
1555 2535 1614 2559 ter-

922 2581 975 2602 rae.

963 2619 1004 2646 69
1027 2621 1175 2656 tamquam
1197 2614 1228 2644 in
1247 2615 1370 2653 vestigio
1390 2625 1423 2645 v.
1441 2612 1484 2654 r.]
1503 2614 1541 2644 In
1561 2623 1614 2643 ve-

919 2657 1023 2695 stigio,
1047 2667 1090 2688 sc.
1115 2659 1153 2688 ab
1177 2659 1243 2697 ipso
1266 2658 1401 2687 numine
1423 2657 1530 2687 divino
1553 2657 1615 2686 im*

919 2709 1023 2738 presso
1049 2701 1081 2730 in
1108 2701 1216 2730 animo
1244 2708 1360 2730 nostro.
1406 2701 1522 2729 Sensus
1543 2706 1611 2730 est:

918 2742 1069 2773 volumus
1093 2744 1191 2773 deum
1216 2744 1342 2782 habere,
1359 2744 1413 2782 qui
1430 2743 1615 2781 respondeat

920 2786 1042 2815 notioni
1067 2787 1127 2816 Dei
1152 2787 1184 2816 in
1207 2787 1322 2816 animis
1349 2786 1461 2815 nostris
1484 2785 1524 2814 ab
1547 2785 1612 2823 ipso

920 2830 1098 2868 impressaez
1122 2839 1166 2860 sc.
1189 2839 1242 2870 per
1262 2829 1505 2860 similitudinem
1521 2834 1615 2858 natu-

919 2881 970 2902 ἷξε.
