<?xml version="1.0" encoding="UTF-8"?>
<!DOCTYPE html PUBLIC "-//W3C//DTD XHTML 1.0 Transitional//EN"
    "http://www.w3.org/TR/xhtml1/DTD/xhtml1-transitional.dtd">
<html xmlns="http://www.w3.org/1999/xhtml" xml:lang="en" lang="en">
 <head>
  <title>
</title>
<meta http-equiv="Content-Type" content="text/html;charset=utf-8" />
  <meta name='ocr-system' content='tesseract 3.04.00' />
  <meta name='ocr-capabilities' content='ocr_page ocr_carea ocr_par ocr_line ocrx_word'/>
</head>
<body>
  <div class='ocr_page' id='page_1' title='image "./p1operaomnia04ciceuoft_0462.png"; bbox 0 0 1778 3095; ppageno 0'>
   <div class='ocr_carea' id='block_1_1' title="bbox 236 186 1274 230">
    <p class='ocr_par' dir='ltr' id='par_1_1' title="bbox 236 186 1274 230">
     <span class='ocr_line' id='line_1_1' title="bbox 236 186 1274 230; baseline 0.013 -13"><span class='ocrx_word' id='word_1_1' title='bbox 236 186 313 218; x_wconf 75' lang='lat'>454</span> <span class='ocrx_word' id='word_1_2' title='bbox 617 187 694 224; x_wconf 86' lang='lat' dir='ltr'>DE</span> <span class='ocrx_word' id='word_1_3' title='bbox 722 188 978 227; x_wconf 86' lang='lat' dir='ltr'>NATURA</span> <span class='ocrx_word' id='word_1_4' title='bbox 1006 190 1274 230; x_wconf 88' lang='lat' dir='ltr'><strong>DEORUM</strong></span> 
     </span>
    </p>
   </div>
   <div class='ocr_carea' id='block_1_2' title="bbox 234 290 1658 407">
    <p class='ocr_par' dir='ltr' id='par_1_2' title="bbox 234 290 1658 407">
     <span class='ocr_line' id='line_1_2' title="bbox 234 290 1658 355; baseline 0.01 -27"><span class='ocrx_word' id='word_1_5' title='bbox 234 296 384 331; x_wconf 81' lang='lat' dir='ltr'>mznte:</span> <span class='ocrx_word' id='word_1_6' title='bbox 416 290 562 334; x_wconf 88' lang='lat' dir='ltr'>dicunt</span> <span class='ocrx_word' id='word_1_7' title='bbox 587 294 712 345; x_wconf 89' lang='lat' dir='ltr'>enim,</span> <span class='ocrx_word' id='word_1_8' title='bbox 745 296 846 337; x_wconf 75' lang='lat' dir='ltr'>coelo</span> <span class='ocrx_word' id='word_1_9' title='bbox 861 296 1073 354; x_wconf 80' lang='lat' dir='ltr'><em>fulgente,</em></span> <span class='ocrx_word' id='word_1_10' title='bbox 1105 306 1283 340; x_wconf 78' lang='lat' dir='ltr'>tonante.</span> <span class='ocrx_word' id='word_1_11' title='bbox 1341 299 1562 355; x_wconf 86' lang='lat' dir='ltr'>Euripides</span> <span class='ocrx_word' id='word_1_12' title='bbox 1581 315 1658 342; x_wconf 88' lang='lat' dir='ltr'>au-</span> 
     </span>
     <span class='ocr_line' id='line_1_3' title="bbox 235 348 1178 407; baseline 0.012 -21"><span class='ocrx_word' id='word_1_13' title='bbox 235 353 336 398; x_wconf 88' lang='lat' dir='ltr'>tem,</span> <span class='ocrx_word' id='word_1_14' title='bbox 356 355 403 388; x_wconf 91' lang='lat' dir='ltr'>ut</span> <span class='ocrx_word' id='word_1_15' title='bbox 422 348 556 390; x_wconf 90' lang='lat' dir='ltr'>multa</span> <span class='ocrx_word' id='word_1_16' title='bbox 574 351 786 405; x_wconf 82' lang='lat' dir='ltr'>praeclare,</span> <span class='ocrx_word' id='word_1_17' title='bbox 807 354 865 394; x_wconf 86' lang='lat' dir='ltr'>sic</span> <span class='ocrx_word' id='word_1_18' title='bbox 887 354 968 395; x_wconf 89' lang='lat' dir='ltr'>hoc</span> <span class='ocrx_word' id='word_1_19' title='bbox 987 355 1178 407; x_wconf 86' lang='lat' dir='ltr'>breviter,</span> 
     </span>
    </p>
   </div>
   <div class='ocr_carea' id='block_1_3' title="bbox 338 439 1365 603">
    <p class='ocr_par' dir='ltr' id='par_1_3' title="bbox 338 439 1365 603">
     <span class='ocr_line' id='line_1_4' title="bbox 343 439 1221 491; baseline 0.008 -15"><span class='ocrx_word' id='word_1_20' title='bbox 343 439 441 476; x_wconf 80' lang='lat' dir='ltr'>Vides</span> <span class='ocrx_word' id='word_1_21' title='bbox 460 441 740 491; x_wconf 78' lang='lat' dir='ltr'>sublimefusnm,</span> <span class='ocrx_word' id='word_1_22' title='bbox 763 450 801 479; x_wconf 87' lang='grc'>76</span> <span class='ocrx_word' id='word_1_23' title='bbox 814 445 1062 483; x_wconf 77' lang='lat' dir='ltr'>immoderatum</span> <span class='ocrx_word' id='word_1_24' title='bbox 1082 447 1221 491; x_wconf 80' lang='lat' dir='ltr'>aethera,</span> 
     </span>
     <span class='ocr_line' id='line_1_5' title="bbox 348 494 1162 549; baseline 0.009 -20"><span class='ocrx_word' id='word_1_25' title='bbox 348 494 416 542; x_wconf 80' lang='lat' dir='ltr'>Qui</span> <span class='ocrx_word' id='word_1_26' title='bbox 434 501 540 531; x_wconf 76' lang='lat' dir='ltr'>tenero</span> <span class='ocrx_word' id='word_1_27' title='bbox 559 505 681 532; x_wconf 75' lang='lat' dir='ltr'>terram</span> <span class='ocrx_word' id='word_1_28' title='bbox 701 497 907 545; x_wconf 67' lang='lat' dir='ltr'>circumjecta</span> <span class='ocrx_word' id='word_1_29' title='bbox 927 500 1136 549; x_wconf 61' lang='lat' dir='ltr'>amplat-titur</span> <span class='ocrx_word' id='word_1_30' title='bbox 1151 516 1162 535; x_wconf 85' lang='lat'>.-</span> 
     </span>
     <span class='ocr_line' id='line_1_6' title="bbox 338 548 1365 603; baseline 0.005 -19"><span class='ocrx_word' id='word_1_31' title='bbox 338 548 440 584; x_wconf 82' lang='lat' dir='ltr'>Hunc</span> <span class='ocrx_word' id='word_1_32' title='bbox 458 561 619 585; x_wconf 83' lang='lat' dir='ltr'>summum</span> <span class='ocrx_word' id='word_1_33' title='bbox 639 549 755 586; x_wconf 76' lang='lat' dir='ltr'>habeto</span> <span class='ocrx_word' id='word_1_34' title='bbox 773 551 890 587; x_wconf 77' lang='lat' dir='ltr'><em>divum</em></span> <span class='ocrx_word' id='word_1_35' title='bbox 906 568 918 587; x_wconf 87' lang='lat'>.·</span> <span class='ocrx_word' id='word_1_36' title='bbox 947 552 1033 589; x_wconf 71' lang='lat' dir='ltr'>hunc</span> <span class='ocrx_word' id='word_1_37' title='bbox 1045 552 1213 603; x_wconf 76' lang='lat' dir='ltr'><em>perhibeto</em></span> <span class='ocrx_word' id='word_1_38' title='bbox 1234 553 1365 589; x_wconf 66' lang='lat' dir='ltr'>Jo-vem.</span> 
     </span>
    </p>
   </div>
   <div class='ocr_carea' id='block_1_4' title="bbox 143 610 1658 2706">
    <p class='ocr_par' dir='ltr' id='par_1_4' title="bbox 149 610 1658 1298">
     <span class='ocr_line' id='line_1_7' title="bbox 149 610 1658 681; baseline 0.003 -17"><span class='ocrx_word' id='word_1_39' title='bbox 149 610 220 664; x_wconf 73' lang='lat'>26</span> <span class='ocrx_word' id='word_1_40' title='bbox 233 622 322 664; x_wconf 71' lang='lat' dir='ltr'>Aer</span> <span class='ocrx_word' id='word_1_41' title='bbox 352 632 508 673; x_wconf 85' lang='lat' dir='ltr'>autem,</span> <span class='ocrx_word' id='word_1_42' title='bbox 543 633 592 664; x_wconf 88' lang='lat' dir='ltr'>ut</span> <span class='ocrx_word' id='word_1_43' title='bbox 623 624 753 664; x_wconf 86' lang='lat' dir='ltr'>Stoici</span> <span class='ocrx_word' id='word_1_44' title='bbox 791 624 1019 679; x_wconf 83' lang='lat' dir='ltr'>disputant,</span> <span class='ocrx_word' id='word_1_45' title='bbox 1052 625 1294 681; x_wconf 86' lang='lat' dir='ltr'>interjectus</span> <span class='ocrx_word' id='word_1_46' title='bbox 1325 627 1432 667; x_wconf 89' lang='lat' dir='ltr'>inter</span> <span class='ocrx_word' id='word_1_47' title='bbox 1461 641 1576 668; x_wconf 89' lang='lat' dir='ltr'>mare</span> <span class='ocrx_word' id='word_1_48' title='bbox 1614 635 1658 668; x_wconf 88' lang='lat' dir='ltr'>et</span> 
     </span>
     <span class='ocr_line' id='line_1_8' title="bbox 169 679 1654 737; baseline 0.003 -18"><span class='ocrx_word' id='word_1_49' title='bbox 169 679 400 729; x_wconf 80' lang='lat' dir='ltr'>66caelu1n‚</span> <span class='ocrx_word' id='word_1_50' title='bbox 420 680 597 720; x_wconf 70' lang='lat' dir='ltr'>‚Iunonis</span> <span class='ocrx_word' id='word_1_51' title='bbox 618 680 786 721; x_wconf 88' lang='lat' dir='ltr'>nomine</span> <span class='ocrx_word' id='word_1_52' title='bbox 808 690 1101 731; x_wconf 82' lang='lat' dir='ltr'>consecratur3</span> <span class='ocrx_word' id='word_1_53' title='bbox 1134 697 1226 737; x_wconf 84' lang='lat' dir='ltr'>quae</span> <span class='ocrx_word' id='word_1_54' title='bbox 1255 692 1318 723; x_wconf 91' lang='lat' dir='ltr'>est</span> <span class='ocrx_word' id='word_1_55' title='bbox 1339 697 1469 733; x_wconf 82' lang='lat' dir='ltr'>soror,</span> <span class='ocrx_word' id='word_1_56' title='bbox 1490 691 1532 723; x_wconf 92' lang='lat' dir='ltr'>et</span> <span class='ocrx_word' id='word_1_57' title='bbox 1551 698 1654 724; x_wconf 89' lang='lat' dir='ltr'>con-</span> 
     </span>
     <span class='ocr_line' id='line_1_9' title="bbox 225 735 1657 791; baseline 0.003 -16"><span class='ocrx_word' id='word_1_58' title='bbox 225 735 306 791; x_wconf 83' lang='lat' dir='ltr'>jux</span> <span class='ocrx_word' id='word_1_59' title='bbox 323 735 452 785; x_wconf 84' lang='lat' dir='ltr'>Jovis,</span> <span class='ocrx_word' id='word_1_60' title='bbox 474 744 510 771; x_wconf 85' lang='lat'>77</span> <span class='ocrx_word' id='word_1_61' title='bbox 528 735 641 790; x_wconf 87' lang='lat' dir='ltr'>quod</span> <span class='ocrx_word' id='word_1_62' title='bbox 662 736 697 775; x_wconf 89' lang='lat' dir='ltr'>ei</span> <span class='ocrx_word' id='word_1_63' title='bbox 720 735 949 776; x_wconf 85' lang='lat' dir='ltr'>similitudo</span> <span class='ocrx_word' id='word_1_64' title='bbox 967 748 1029 777; x_wconf 91' lang='lat' dir='ltr'>est</span> <span class='ocrx_word' id='word_1_65' title='bbox 1043 737 1222 788; x_wconf 85' lang='lat' dir='ltr'>aetheris,</span> <span class='ocrx_word' id='word_1_66' title='bbox 1240 750 1282 778; x_wconf 90' lang='lat' dir='ltr'>et</span> <span class='ocrx_word' id='word_1_67' title='bbox 1302 753 1398 780; x_wconf 91' lang='lat' dir='ltr'>cum</span> <span class='ocrx_word' id='word_1_68' title='bbox 1421 754 1472 779; x_wconf 76' lang='lat' dir='ltr'>eo</span> <span class='ocrx_word' id='word_1_69' title='bbox 1492 754 1657 781; x_wconf 84' lang='lat' dir='ltr'>summa</span> 
     </span>
     <span class='ocr_line' id='line_1_10' title="bbox 230 792 1656 850; baseline 0.004 -19"><span class='ocrx_word' id='word_1_70' title='bbox 230 792 487 847; x_wconf 86' lang='lat' dir='ltr'>conjunctio.</span> <span class='ocrx_word' id='word_1_71' title='bbox 519 792 834 832; x_wconf 78' lang='lat' dir='ltr'>Effaeminarunt</span> <span class='ocrx_word' id='word_1_72' title='bbox 855 802 994 832; x_wconf 91' lang='lat' dir='ltr'>autem</span> <span class='ocrx_word' id='word_1_73' title='bbox 1018 807 1129 843; x_wconf 86' lang='lat' dir='ltr'>eum,</span> <span class='ocrx_word' id='word_1_74' title='bbox 1147 794 1172 834; x_wconf 87' lang='lat' dir='ltr'>J</span> <span class='ocrx_word' id='word_1_75' title='bbox 1177 794 1386 850; x_wconf 88' lang='lat' dir='ltr'>unonique</span> <span class='ocrx_word' id='word_1_76' title='bbox 1402 796 1656 847; x_wconf 85' lang='lat' dir='ltr'>tribuerunt,</span> 
     </span>
     <span class='ocr_line' id='line_1_11' title="bbox 230 847 1656 904; baseline 0.004 -17"><span class='ocrx_word' id='word_1_77' title='bbox 230 848 346 903; x_wconf 91' lang='lat' dir='ltr'>quod</span> <span class='ocrx_word' id='word_1_78' title='bbox 377 847 479 888; x_wconf 87' lang='lat' dir='ltr'>nihil</span> <span class='ocrx_word' id='word_1_79' title='bbox 509 857 573 888; x_wconf 90' lang='lat' dir='ltr'>est</span> <span class='ocrx_word' id='word_1_80' title='bbox 602 862 652 888; x_wconf 86' lang='lat' dir='ltr'>eo</span> <span class='ocrx_word' id='word_1_81' title='bbox 682 848 865 888; x_wconf 87' lang='lat' dir='ltr'>mollius.</span> <span class='ocrx_word' id='word_1_82' title='bbox 924 849 1008 889; x_wconf 89' lang='lat' dir='ltr'>Sed</span> <span class='ocrx_word' id='word_1_83' title='bbox 1036 850 1247 890; x_wconf 70' lang='lat' dir='ltr'>,lunonem</span> <span class='ocrx_word' id='word_1_84' title='bbox 1277 865 1301 890; x_wconf 87' lang='lat' dir='ltr'>a</span> <span class='ocrx_word' id='word_1_85' title='bbox 1319 851 1502 904; x_wconf 79' lang='lat' dir='ltr'>juvando</span> <span class='ocrx_word' id='word_1_86' title='bbox 1529 851 1656 893; x_wconf 89' lang='lat' dir='ltr'>credo</span> 
     </span>
     <span class='ocr_line' id='line_1_12' title="bbox 230 903 1655 959; baseline 0.004 -15"><span class='ocrx_word' id='word_1_87' title='bbox 230 904 502 945; x_wconf 84' lang='lat' dir='ltr'>nominatam.</span> <span class='ocrx_word' id='word_1_88' title='bbox 561 903 687 959; x_wconf 86' lang='lat' dir='ltr'>Aqua</span> <span class='ocrx_word' id='word_1_89' title='bbox 716 906 911 955; x_wconf 80' lang='lat' dir='ltr'>restabat,</span> <span class='ocrx_word' id='word_1_90' title='bbox 942 915 984 945; x_wconf 90' lang='lat' dir='ltr'>et</span> <span class='ocrx_word' id='word_1_91' title='bbox 1014 914 1138 956; x_wconf 85' lang='lat' dir='ltr'>terra,</span> <span class='ocrx_word' id='word_1_92' title='bbox 1172 916 1218 947; x_wconf 92' lang='lat' dir='ltr'>ut</span> <span class='ocrx_word' id='word_1_93' title='bbox 1254 917 1392 948; x_wconf 81' lang='lat' dir='ltr'><strong>essent</strong></span> <span class='ocrx_word' id='word_1_94' title='bbox 1422 921 1473 947; x_wconf 88' lang='lat' dir='ltr'>ex</span> <span class='ocrx_word' id='word_1_95' title='bbox 1502 908 1655 949; x_wconf 88' lang='lat' dir='ltr'>fabulis</span> 
     </span>
     <span class='ocr_line' id='line_1_13' title="bbox 230 959 1656 1018; baseline 0.003 -17"><span class='ocrx_word' id='word_1_96' title='bbox 230 960 309 1001; x_wconf 87' lang='lat' dir='ltr'>tria</span> <span class='ocrx_word' id='word_1_97' title='bbox 329 974 460 1015; x_wconf 83' lang='lat' dir='ltr'>regna</span> <span class='ocrx_word' id='word_1_98' title='bbox 478 959 619 1000; x_wconf 83' lang='lat' dir='ltr'>divisa.</span> <span class='ocrx_word' id='word_1_99' title='bbox 678 961 838 1001; x_wconf 87' lang='lat' dir='ltr'>Datum</span> <span class='ocrx_word' id='word_1_100' title='bbox 872 972 933 1002; x_wconf 89' lang='lat' dir='ltr'>est</span> <span class='ocrx_word' id='word_1_101' title='bbox 959 962 1090 1017; x_wconf 86' lang='lat' dir='ltr'>igitur</span> <span class='ocrx_word' id='word_1_102' title='bbox 1118 964 1336 1018; x_wconf 86' lang='lat' dir='ltr'>NeptunO,</span> <span class='ocrx_word' id='word_1_103' title='bbox 1367 963 1497 1004; x_wconf 88' lang='lat' dir='ltr'>altero</span> <span class='ocrx_word' id='word_1_104' title='bbox 1526 965 1656 1015; x_wconf 82' lang='lat' dir='ltr'>Jovis,</span> 
     </span>
     <span class='ocr_line' id='line_1_14' title="bbox 228 1016 1654 1074; baseline 0.003 -17"><span class='ocrx_word' id='word_1_105' title='bbox 228 1027 277 1058; x_wconf 90' lang='lat' dir='ltr'>ut</span> <span class='ocrx_word' id='word_1_106' title='bbox 297 1016 456 1067; x_wconf 79' lang='lat' dir='ltr'>volunt,</span> <span class='ocrx_word' id='word_1_107' title='bbox 477 1016 607 1067; x_wconf 87' lang='lat' dir='ltr'>fratri,</span> <span class='ocrx_word' id='word_1_108' title='bbox 627 1017 884 1058; x_wconf 86' lang='lat' dir='ltr'>maritimum</span> <span class='ocrx_word' id='word_1_109' title='bbox 906 1032 1031 1059; x_wconf 88' lang='lat' dir='ltr'>omne</span> <span class='ocrx_word' id='word_1_110' title='bbox 1059 1033 1236 1074; x_wconf 86' lang='lat' dir='ltr'>regnum</span> <span class='ocrx_word' id='word_1_111' title='bbox 1257 1036 1265 1059; x_wconf 93' lang='lat'>:</span> <span class='ocrx_word' id='word_1_112' title='bbox 1298 1033 1535 1074; x_wconf 84' lang='lat' dir='ltr'>nomenque</span> <span class='ocrx_word' id='word_1_113' title='bbox 1557 1035 1654 1074; x_wconf 88' lang='lat' dir='ltr'>pro-</span> 
     </span>
     <span class='ocr_line' id='line_1_15' title="bbox 228 1072 1655 1130; baseline 0.004 -18"><span class='ocrx_word' id='word_1_114' title='bbox 228 1072 419 1122; x_wconf 84' lang='lat' dir='ltr'>ductum,</span> <span class='ocrx_word' id='word_1_115' title='bbox 440 1080 489 1113; x_wconf 89' lang='lat' dir='ltr'>ut</span> <span class='ocrx_word' id='word_1_116' title='bbox 510 1073 718 1114; x_wconf 85' lang='lat' dir='ltr'>Portunus</span> <span class='ocrx_word' id='word_1_117' title='bbox 738 1088 762 1114; x_wconf 90' lang='lat' dir='ltr'>a</span> <span class='ocrx_word' id='word_1_118' title='bbox 783 1084 920 1128; x_wconf 85' lang='lat' dir='ltr'>portu,</span> <span class='ocrx_word' id='word_1_119' title='bbox 940 1074 997 1116; x_wconf 89' lang='lat' dir='ltr'>sic</span> <span class='ocrx_word' id='word_1_120' title='bbox 1017 1076 1244 1130; x_wconf 82' lang='lat' dir='ltr'>Neptunus</span> <span class='ocrx_word' id='word_1_121' title='bbox 1260 1090 1283 1115; x_wconf 88' lang='lat' dir='ltr'>a</span> <span class='ocrx_word' id='word_1_122' title='bbox 1299 1075 1444 1126; x_wconf 69' lang='lat' dir='ltr'>wando,</span> <span class='ocrx_word' id='word_1_123' title='bbox 1465 1076 1655 1130; x_wconf 91' lang='lat' dir='ltr'>paullum</span> 
     </span>
     <span class='ocr_line' id='line_1_16' title="bbox 227 1129 1655 1188; baseline 0.004 -20"><span class='ocrx_word' id='word_1_124' title='bbox 227 1129 372 1187; x_wconf 82' lang='lat' dir='ltr'>primis</span> <span class='ocrx_word' id='word_1_125' title='bbox 392 1129 541 1169; x_wconf 87' lang='lat' dir='ltr'>litteris</span> <span class='ocrx_word' id='word_1_126' title='bbox 572 1129 819 1171; x_wconf 83' lang='lat' dir='ltr'>immutatis.</span> <span class='ocrx_word' id='word_1_127' title='bbox 877 1132 1058 1172; x_wconf 78' lang='lat' dir='ltr'>Terrena</span> <span class='ocrx_word' id='word_1_128' title='bbox 1087 1141 1227 1172; x_wconf 87' lang='lat' dir='ltr'>autem</span> <span class='ocrx_word' id='word_1_129' title='bbox 1258 1131 1325 1172; x_wconf 87' lang='lat' dir='ltr'>vis·</span> <span class='ocrx_word' id='word_1_130' title='bbox 1346 1132 1497 1182; x_wconf 83' lang='lat' dir='ltr'>omnis,</span> <span class='ocrx_word' id='word_1_131' title='bbox 1529 1141 1655 1188; x_wconf 88' lang='lat' dir='ltr'>atque</span> 
     </span>
     <span class='ocr_line' id='line_1_17' title="bbox 227 1184 1656 1243; baseline 0.003 -18"><span class='ocrx_word' id='word_1_132' title='bbox 227 1195 390 1236; x_wconf 79' lang='lat' dir='ltr'>natura,</span> <span class='ocrx_word' id='word_1_133' title='bbox 411 1184 504 1226; x_wconf 91' lang='lat' dir='ltr'>Diti</span> <span class='ocrx_word' id='word_1_134' title='bbox 524 1186 631 1241; x_wconf 89' lang='lat' dir='ltr'>patri</span> <span class='ocrx_word' id='word_1_135' title='bbox 652 1185 844 1227; x_wconf 86' lang='lat' dir='ltr'>dedicata</span> <span class='ocrx_word' id='word_1_136' title='bbox 873 1197 960 1228; x_wconf 91' lang='lat' dir='ltr'>est:</span> <span class='ocrx_word' id='word_1_137' title='bbox 994 1188 1065 1243; x_wconf 91' lang='lat' dir='ltr'>qui</span> <span class='ocrx_word' id='word_1_138' title='bbox 1096 1188 1233 1238; x_wconf 76' lang='lat' dir='ltr'>Dives,</span> <span class='ocrx_word' id='word_1_139' title='bbox 1261 1197 1307 1228; x_wconf 84' lang='lat' dir='ltr'>ut</span> <span class='ocrx_word' id='word_1_140' title='bbox 1339 1188 1449 1243; x_wconf 88' lang='lat' dir='ltr'>apud</span> <span class='ocrx_word' id='word_1_141' title='bbox 1481 1189 1656 1230; x_wconf 89' lang='lat' dir='ltr'>Graecos</span> 
     </span>
     <span class='ocr_line' id='line_1_18' title="bbox 226 1240 1654 1298; baseline 0.001 -14"><span class='ocrx_word' id='word_1_142' title='bbox 226 1240 404 1292; x_wconf 72' lang='grc' dir='ltr'>Πλέτων,</span> <span class='ocrx_word' id='word_1_143' title='bbox 425 1242 522 1298; x_wconf 82' lang='lat' dir='ltr'>quia</span> <span class='ocrx_word' id='word_1_144' title='bbox 543 1251 584 1283; x_wconf 89' lang='lat' dir='ltr'>et</span> <span class='ocrx_word' id='word_1_145' title='bbox 606 1243 791 1283; x_wconf 81' lang='lat' dir='ltr'>recidant</span> <span class='ocrx_word' id='word_1_146' title='bbox 811 1244 950 1284; x_wconf 85' lang='lat' dir='ltr'>onmia</span> <span class='ocrx_word' id='word_1_147' title='bbox 972 1244 1012 1284; x_wconf 89' lang='lat' dir='ltr'>in</span> <span class='ocrx_word' id='word_1_148' title='bbox 1041 1255 1186 1294; x_wconf 85' lang='lat' dir='ltr'>terras,</span> <span class='ocrx_word' id='word_1_149' title='bbox 1207 1253 1248 1284; x_wconf 89' lang='lat' dir='ltr'>et</span> <span class='ocrx_word' id='word_1_150' title='bbox 1271 1245 1457 1285; x_wconf 86' lang='lat' dir='ltr'>oriantur</span> <span class='ocrx_word' id='word_1_151' title='bbox 1475 1259 1498 1285; x_wconf 88' lang='lat' dir='ltr'>e</span> <span class='ocrx_word' id='word_1_152' title='bbox 1521 1245 1654 1286; x_wconf 89' lang='lat' dir='ltr'>terris.</span> 
     </span>
    </p>

    <p class='ocr_par' dir='ltr' id='par_1_5' title="bbox 143 1298 1657 2314">
     <span class='ocr_line' id='line_1_19' title="bbox 228 1298 1653 1354; baseline 0.003 -16"><span class='ocrx_word' id='word_1_153' title='bbox 228 1298 268 1338; x_wconf 91' lang='lat' dir='ltr'>Is</span> <span class='ocrx_word' id='word_1_154' title='bbox 290 1299 428 1353; x_wconf 83' lang='lat' dir='ltr'>rapuit</span> <span class='ocrx_word' id='word_1_155' title='bbox 450 1298 752 1352; x_wconf 84' lang='lat' dir='ltr'>Proserpinam,</span> <span class='ocrx_word' id='word_1_156' title='bbox 773 1300 888 1354; x_wconf 90' lang='lat' dir='ltr'>quod</span> <span class='ocrx_word' id='word_1_157' title='bbox 910 1301 1158 1341; x_wconf 89' lang='lat' dir='ltr'>Graecorum</span> <span class='ocrx_word' id='word_1_158' title='bbox 1176 1315 1328 1341; x_wconf 88' lang='lat' dir='ltr'>nomen</span> <span class='ocrx_word' id='word_1_159' title='bbox 1352 1309 1415 1341; x_wconf 88' lang='lat' dir='ltr'>est</span> <span class='ocrx_word' id='word_1_160' title='bbox 1433 1318 1442 1341; x_wconf 81' lang='lat' dir='ltr'><em>z</em></span> <span class='ocrx_word' id='word_1_161' title='bbox 1474 1315 1523 1341; x_wconf 90' lang='lat' dir='ltr'>ea</span> <span class='ocrx_word' id='word_1_162' title='bbox 1542 1302 1653 1342; x_wconf 89' lang='lat' dir='ltr'>enim</span> 
     </span>
     <span class='ocr_line' id='line_1_20' title="bbox 226 1354 1656 1412; baseline 0.002 -18"><span class='ocrx_word' id='word_1_163' title='bbox 226 1363 303 1404; x_wconf 80' lang='lat' dir='ltr'>est,</span> <span class='ocrx_word' id='word_1_164' title='bbox 324 1370 416 1409; x_wconf 87' lang='lat' dir='ltr'>quae</span> <span class='ocrx_word' id='word_1_165' title='bbox 438 1354 645 1411; x_wconf 63' lang='grc' dir='ltr'>Περσεφόνη</span> <span class='ocrx_word' id='word_1_166' title='bbox 670 1356 819 1396; x_wconf 86' lang='lat' dir='ltr'>Graece</span> <span class='ocrx_word' id='word_1_167' title='bbox 849 1356 1117 1397; x_wconf 87' lang='lat' dir='ltr'>nominatur:</span> <span class='ocrx_word' id='word_1_168' title='bbox 1150 1371 1275 1412; x_wconf 87' lang='lat' dir='ltr'>quam</span> <span class='ocrx_word' id='word_1_169' title='bbox 1309 1357 1481 1412; x_wconf 83' lang='lat' dir='ltr'>frugum</span> <span class='ocrx_word' id='word_1_170' title='bbox 1513 1372 1656 1398; x_wconf 88' lang='lat' dir='ltr'>semen</span> 
     </span>
     <span class='ocr_line' id='line_1_21' title="bbox 163 1410 1656 1468; baseline 0.003 -19"><span class='ocrx_word' id='word_1_171' title='bbox 163 1410 212 1454; x_wconf 86' lang='lat'>67</span> <span class='ocrx_word' id='word_1_172' title='bbox 226 1424 315 1450; x_wconf 91' lang='lat' dir='ltr'>esse</span> <span class='ocrx_word' id='word_1_173' title='bbox 336 1410 495 1459; x_wconf 85' lang='lat' dir='ltr'>volunt,</span> <span class='ocrx_word' id='word_1_174' title='bbox 520 1411 894 1468; x_wconf 84' lang='lat' dir='ltr'>absconditamque</span> <span class='ocrx_word' id='word_1_175' title='bbox 926 1414 1055 1468; x_wconf 83' lang='lat' dir='ltr'>quaeri</span> <span class='ocrx_word' id='word_1_176' title='bbox 1073 1428 1097 1453; x_wconf 91' lang='lat' dir='ltr'>a</span> <span class='ocrx_word' id='word_1_177' title='bbox 1117 1423 1249 1453; x_wconf 87' lang='lat' dir='ltr'>matre</span> <span class='ocrx_word' id='word_1_178' title='bbox 1279 1414 1454 1468; x_wconf 81' lang='lat' dir='ltr'>fingunt.</span> <span class='ocrx_word' id='word_1_179' title='bbox 1513 1414 1656 1454; x_wconf 87' lang='lat' dir='ltr'>Mater</span> 
     </span>
     <span class='ocr_line' id='line_1_22' title="bbox 182 1463 1655 1525; baseline 0.003 -19"><span class='ocrx_word' id='word_1_180' title='bbox 182 1463 212 1492; x_wconf 88' lang='lat' dir='ltr'>b.</span> <span class='ocrx_word' id='word_1_181' title='bbox 225 1476 366 1508; x_wconf 86' lang='lat' dir='ltr'>autem</span> <span class='ocrx_word' id='word_1_182' title='bbox 388 1477 452 1507; x_wconf 89' lang='lat' dir='ltr'>est</span> <span class='ocrx_word' id='word_1_183' title='bbox 472 1482 496 1507; x_wconf 91' lang='lat' dir='ltr'>a</span> <span class='ocrx_word' id='word_1_184' title='bbox 516 1467 709 1521; x_wconf 78' lang='lat' dir='ltr'>gerendis</span> <span class='ocrx_word' id='word_1_185' title='bbox 729 1469 921 1523; x_wconf 84' lang='lat' dir='ltr'>frugibus</span> <span class='ocrx_word' id='word_1_186' title='bbox 946 1470 1087 1520; x_wconf 83' lang='lat' dir='ltr'>Ceres,</span> <span class='ocrx_word' id='word_1_187' title='bbox 1106 1478 1318 1525; x_wconf 87' lang='lat' dir='ltr'>tamquam</span> <span class='ocrx_word' id='word_1_188' title='bbox 1346 1471 1470 1510; x_wconf 74' lang='lat' dir='ltr'>Geres</span> <span class='ocrx_word' id='word_1_189' title='bbox 1488 1487 1500 1510; x_wconf 89' lang='lat'><em>:</em></span> <span class='ocrx_word' id='word_1_190' title='bbox 1533 1485 1655 1511; x_wconf 87' lang='lat' dir='ltr'>casu-</span> 
     </span>
     <span class='ocr_line' id='line_1_23' title="bbox 225 1524 1655 1578; baseline 0.003 -15"><span class='ocrx_word' id='word_1_191' title='bbox 225 1538 307 1578; x_wconf 88' lang='lat' dir='ltr'>que</span> <span class='ocrx_word' id='word_1_192' title='bbox 337 1524 471 1578; x_wconf 84' lang='lat' dir='ltr'>prima</span> <span class='ocrx_word' id='word_1_193' title='bbox 506 1524 645 1564; x_wconf 82' lang='lat' dir='ltr'>littera</span> <span class='ocrx_word' id='word_1_194' title='bbox 677 1524 822 1566; x_wconf 88' lang='lat' dir='ltr'>itidem</span> <span class='ocrx_word' id='word_1_195' title='bbox 860 1526 1095 1576; x_wconf 82' lang='lat' dir='ltr'>immutata,</span> <span class='ocrx_word' id='word_1_196' title='bbox 1131 1537 1179 1567; x_wconf 90' lang='lat' dir='ltr'>ut</span> <span class='ocrx_word' id='word_1_197' title='bbox 1211 1541 1235 1566; x_wconf 91' lang='lat' dir='ltr'>a</span> <span class='ocrx_word' id='word_1_198' title='bbox 1267 1527 1454 1567; x_wconf 83' lang='lat' dir='ltr'>Graecis.-</span> <span class='ocrx_word' id='word_1_199' title='bbox 1473 1541 1570 1567; x_wconf 88' lang='lat' dir='ltr'>nam</span> <span class='ocrx_word' id='word_1_200' title='bbox 1601 1527 1655 1568; x_wconf 91' lang='lat' dir='ltr'>ab</span> 
     </span>
     <span class='ocr_line' id='line_1_24' title="bbox 224 1579 1657 1639; baseline 0.003 -19"><span class='ocrx_word' id='word_1_201' title='bbox 224 1579 305 1620; x_wconf 92' lang='lat' dir='ltr'>illis</span> <span class='ocrx_word' id='word_1_202' title='bbox 327 1594 494 1635; x_wconf 90' lang='lat' dir='ltr'>quoque</span> <span class='ocrx_word' id='word_1_203' title='bbox 515 1581 703 1637; x_wconf 63' lang='grc' dir='ltr'>Δημήτηρ,</span> <span class='ocrx_word' id='word_1_204' title='bbox 724 1583 842 1636; x_wconf 89' lang='lat' dir='ltr'>quasi</span> <span class='ocrx_word' id='word_1_205' title='bbox 874 1583 1058 1639; x_wconf 67' lang='grc' dir='ltr'>Γημὴτης,</span> <span class='ocrx_word' id='word_1_206' title='bbox 1089 1583 1302 1623; x_wconf 88' lang='lat' dir='ltr'>nominata</span> <span class='ocrx_word' id='word_1_207' title='bbox 1331 1592 1407 1623; x_wconf 88' lang='lat' dir='ltr'>est.</span> <span class='ocrx_word' id='word_1_208' title='bbox 1465 1584 1562 1624; x_wconf 88' lang='lat' dir='ltr'>Jam</span> <span class='ocrx_word' id='word_1_209' title='bbox 1583 1582 1657 1638; x_wconf 89' lang='lat' dir='ltr'>qui</span> 
     </span>
     <span class='ocr_line' id='line_1_25' title="bbox 224 1638 1653 1694; baseline 0.002 -18"><span class='ocrx_word' id='word_1_210' title='bbox 224 1651 377 1693; x_wconf 76' lang='lat' dir='ltr'>magna</span> <span class='ocrx_word' id='word_1_211' title='bbox 397 1644 581 1687; x_wconf 80' lang='lat' dir='ltr'>verteret,</span> <span class='ocrx_word' id='word_1_212' title='bbox 609 1638 804 1679; x_wconf 85' lang='lat' dir='ltr'>Mavors:</span> <span class='ocrx_word' id='word_1_213' title='bbox 838 1639 1028 1679; x_wconf 80' lang='lat' dir='ltr'>Minerva</span> <span class='ocrx_word' id='word_1_214' title='bbox 1058 1648 1213 1689; x_wconf 87' lang='lat' dir='ltr'>autem,</span> <span class='ocrx_word' id='word_1_215' title='bbox 1243 1655 1335 1694; x_wconf 86' lang='lat' dir='ltr'>quae</span> <span class='ocrx_word' id='word_1_216' title='bbox 1359 1639 1422 1679; x_wconf 91' lang='lat' dir='ltr'>vel</span> <span class='ocrx_word' id='word_1_217' title='bbox 1441 1639 1653 1690; x_wconf 78' lang='lat' dir='ltr'>minueret,</span> 
     </span>
     <span class='ocr_line' id='line_1_26' title="bbox 143 1693 1654 1750; baseline 0.003 -18"><span class='ocrx_word' id='word_1_218' title='bbox 143 1693 287 1747; x_wconf 72' lang='lat' dir='ltr'>‘27vel</span> <span class='ocrx_word' id='word_1_219' title='bbox 323 1693 563 1734; x_wconf 73' lang='lat' dir='ltr'>minaretur.</span> <span class='ocrx_word' id='word_1_220' title='bbox 627 1693 823 1750; x_wconf 88' lang='lat' dir='ltr'>Cumque</span> <span class='ocrx_word' id='word_1_221' title='bbox 855 1695 897 1734; x_wconf 91' lang='lat' dir='ltr'>in</span> <span class='ocrx_word' id='word_1_222' title='bbox 933 1695 1129 1735; x_wconf 85' lang='lat' dir='ltr'>omnibus</span> <span class='ocrx_word' id='word_1_223' title='bbox 1166 1696 1290 1736; x_wconf 89' lang='lat' dir='ltr'>rebus</span> <span class='ocrx_word' id='word_1_224' title='bbox 1331 1695 1411 1734; x_wconf 88' lang='lat' dir='ltr'>vim</span> <span class='ocrx_word' id='word_1_225' title='bbox 1452 1695 1654 1736; x_wconf 87' lang='lat' dir='ltr'>haberent</span> 
     </span>
     <span class='ocr_line' id='line_1_27' title="bbox 223 1749 1653 1806; baseline 0.001 -16"><span class='ocrx_word' id='word_1_226' title='bbox 223 1750 449 1792; x_wconf 81' lang='lat' dir='ltr'>maximam</span> <span class='ocrx_word' id='word_1_227' title='bbox 472 1749 620 1803; x_wconf 81' lang='lat' dir='ltr'>prima,</span> <span class='ocrx_word' id='word_1_228' title='bbox 635 1760 677 1790; x_wconf 89' lang='lat' dir='ltr'>et</span> <span class='ocrx_word' id='word_1_229' title='bbox 691 1760 889 1801; x_wconf 73' lang='lat' dir='ltr'>extrema,</span> <span class='ocrx_word' id='word_1_230' title='bbox 902 1752 1132 1806; x_wconf 87' lang='lat' dir='ltr'>principem</span> <span class='ocrx_word' id='word_1_231' title='bbox 1150 1752 1191 1791; x_wconf 89' lang='lat' dir='ltr'>in</span> <span class='ocrx_word' id='word_1_232' title='bbox 1208 1750 1477 1792; x_wconf 80' lang='lat' dir='ltr'>sacrificando</span> <span class='ocrx_word' id='word_1_233' title='bbox 1497 1752 1653 1793; x_wconf 84' lang='lat' dir='ltr'>Janum</span> 
     </span>
     <span class='ocr_line' id='line_1_28' title="bbox 222 1805 1653 1864; baseline 0.002 -18"><span class='ocrx_word' id='word_1_234' title='bbox 222 1820 313 1846; x_wconf 85' lang='lat' dir='ltr'>esse</span> <span class='ocrx_word' id='word_1_235' title='bbox 335 1805 555 1846; x_wconf 85' lang='lat' dir='ltr'>voluerunt</span> <span class='ocrx_word' id='word_1_236' title='bbox 575 1823 583 1845; x_wconf 90' lang='lat'><strong>:</strong></span> <span class='ocrx_word' id='word_1_237' title='bbox 615 1806 730 1861; x_wconf 84' lang='lat' dir='ltr'>quod</span> <span class='ocrx_word' id='word_1_238' title='bbox 750 1807 802 1848; x_wconf 90' lang='lat' dir='ltr'>ab</span> <span class='ocrx_word' id='word_1_239' title='bbox 823 1808 950 1848; x_wconf 73' lang='lat' dir='ltr'>eundo</span> <span class='ocrx_word' id='word_1_240' title='bbox 982 1823 1135 1848; x_wconf 90' lang='lat' dir='ltr'>nomen</span> <span class='ocrx_word' id='word_1_241' title='bbox 1166 1818 1229 1848; x_wconf 83' lang='lat' dir='ltr'>est</span> <span class='ocrx_word' id='word_1_242' title='bbox 1260 1807 1464 1857; x_wconf 83' lang='lat' dir='ltr'>ductum;</span> <span class='ocrx_word' id='word_1_243' title='bbox 1495 1821 1545 1848; x_wconf 83' lang='lat' dir='ltr'>ex</span> <span class='ocrx_word' id='word_1_244' title='bbox 1566 1822 1653 1864; x_wconf 89' lang='lat' dir='ltr'>quo</span> 
     </span>
     <span class='ocr_line' id='line_1_29' title="bbox 223 1862 1654 1918; baseline 0.001 -16"><span class='ocrx_word' id='word_1_245' title='bbox 223 1862 487 1903; x_wconf 81' lang='lat' dir='ltr'>transitiones</span> <span class='ocrx_word' id='word_1_246' title='bbox 508 1863 672 1917; x_wconf 82' lang='lat' dir='ltr'>perviae,</span> <span class='ocrx_word' id='word_1_247' title='bbox 689 1864 810 1904; x_wconf 81' lang='lat' dir='ltr'>Jani:</span> <span class='ocrx_word' id='word_1_248' title='bbox 841 1864 1035 1918; x_wconf 89' lang='lat' dir='ltr'>foresque</span> <span class='ocrx_word' id='word_1_249' title='bbox 1062 1864 1102 1903; x_wconf 90' lang='lat' dir='ltr'>in</span> <span class='ocrx_word' id='word_1_250' title='bbox 1136 1864 1350 1904; x_wconf 89' lang='lat' dir='ltr'>liminibus</span> <span class='ocrx_word' id='word_1_251' title='bbox 1381 1864 1654 1918; x_wconf 86' lang='lat' dir='ltr'>profanarum</span> 
     </span>
     <span class='ocr_line' id='line_1_30' title="bbox 223 1917 1654 1974; baseline 0.002 -16"><span class='ocrx_word' id='word_1_252' title='bbox 223 1918 393 1968; x_wconf 79' lang='lat' dir='ltr'>aedium,</span> <span class='ocrx_word' id='word_1_253' title='bbox 417 1917 561 1974; x_wconf 82' lang='lat' dir='ltr'>januae</span> <span class='ocrx_word' id='word_1_254' title='bbox 596 1920 877 1960; x_wconf 86' lang='lat' dir='ltr'>nominantur.</span> <span class='ocrx_word' id='word_1_255' title='bbox 937 1922 1051 1960; x_wconf 88' lang='lat' dir='ltr'>Nam</span> <span class='ocrx_word' id='word_1_256' title='bbox 1085 1921 1226 1961; x_wconf 81' lang='lat' dir='ltr'>Vestae</span> <span class='ocrx_word' id='word_1_257' title='bbox 1258 1934 1409 1960; x_wconf 89' lang='lat' dir='ltr'>nomen</span> <span class='ocrx_word' id='word_1_258' title='bbox 1441 1935 1465 1960; x_wconf 90' lang='lat' dir='ltr'>a</span> <span class='ocrx_word' id='word_1_259' title='bbox 1493 1920 1654 1961; x_wconf 85' lang='lat' dir='ltr'>Graecis</span> 
     </span>
     <span class='ocr_line' id='line_1_31' title="bbox 222 1975 1655 2032; baseline 0.002 -17"><span class='ocrx_word' id='word_1_260' title='bbox 222 1984 287 2015; x_wconf 90' lang='lat' dir='ltr'>est</span> <span class='ocrx_word' id='word_1_261' title='bbox 306 1992 315 2016; x_wconf 94' lang='lat'>:</span> <span class='ocrx_word' id='word_1_262' title='bbox 346 1990 395 2015; x_wconf 89' lang='lat' dir='ltr'>ea</span> <span class='ocrx_word' id='word_1_263' title='bbox 413 1984 476 2015; x_wconf 86' lang='lat' dir='ltr'>est</span> <span class='ocrx_word' id='word_1_264' title='bbox 495 1975 621 2025; x_wconf 87' lang='lat' dir='ltr'>enim,</span> <span class='ocrx_word' id='word_1_265' title='bbox 645 1991 737 2030; x_wconf 85' lang='lat' dir='ltr'>quae</span> <span class='ocrx_word' id='word_1_266' title='bbox 759 1976 811 2016; x_wconf 93' lang='lat' dir='ltr'>ab</span> <span class='ocrx_word' id='word_1_267' title='bbox 831 1976 912 2017; x_wconf 86' lang='lat' dir='ltr'>illis</span> <span class='ocrx_word' id='word_1_268' title='bbox 930 1976 1041 2022; x_wconf 79' lang='grc' dir='ltr'>Ὲςία</span> <span class='ocrx_word' id='word_1_269' title='bbox 1061 1975 1226 2017; x_wconf 87' lang='lat' dir='ltr'>dicitur.</span> <span class='ocrx_word' id='word_1_270' title='bbox 1248 1977 1305 2016; x_wconf 87' lang='lat' dir='ltr'>vis</span> <span class='ocrx_word' id='word_1_271' title='bbox 1326 1985 1468 2017; x_wconf 88' lang='lat' dir='ltr'>autem</span> <span class='ocrx_word' id='word_1_272' title='bbox 1489 1976 1580 2032; x_wconf 89' lang='lat' dir='ltr'>ejus</span> <span class='ocrx_word' id='word_1_273' title='bbox 1600 1976 1655 2018; x_wconf 87' lang='lat' dir='ltr'>ad</span> 
     </span>
     <span class='ocr_line' id='line_1_32' title="bbox 222 2031 1654 2088; baseline 0.002 -17"><span class='ocrx_word' id='word_1_274' title='bbox 222 2046 312 2071; x_wconf 88' lang='lat' dir='ltr'>aras</span> <span class='ocrx_word' id='word_1_275' title='bbox 333 2041 375 2071; x_wconf 92' lang='lat' dir='ltr'>et</span> <span class='ocrx_word' id='word_1_276' title='bbox 396 2031 514 2071; x_wconf 85' lang='lat' dir='ltr'>focos</span> <span class='ocrx_word' id='word_1_277' title='bbox 536 2032 727 2086; x_wconf 80' lang='lat' dir='ltr'>pertinet.</span> <span class='ocrx_word' id='word_1_278' title='bbox 750 2032 891 2088; x_wconf 89' lang='lat' dir='ltr'>itaque</span> <span class='ocrx_word' id='word_1_279' title='bbox 913 2033 953 2072; x_wconf 89' lang='lat' dir='ltr'>in</span> <span class='ocrx_word' id='word_1_280' title='bbox 976 2047 1024 2073; x_wconf 85' lang='lat' dir='ltr'>ea</span> <span class='ocrx_word' id='word_1_281' title='bbox 1044 2032 1136 2083; x_wconf 88' lang='lat' dir='ltr'>dea,</span> <span class='ocrx_word' id='word_1_282' title='bbox 1153 2048 1246 2087; x_wconf 89' lang='lat' dir='ltr'>quae</span> <span class='ocrx_word' id='word_1_283' title='bbox 1267 2042 1331 2073; x_wconf 89' lang='lat' dir='ltr'>est</span> <span class='ocrx_word' id='word_1_284' title='bbox 1351 2047 1489 2072; x_wconf 86' lang='lat' dir='ltr'>rerum</span> <span class='ocrx_word' id='word_1_285' title='bbox 1509 2044 1654 2074; x_wconf 90' lang='lat' dir='ltr'>custos</span> 
     </span>
     <span class='ocr_line' id='line_1_33' title="bbox 221 2087 1654 2144; baseline 0.003 -17"><span class='ocrx_word' id='word_1_286' title='bbox 221 2087 480 2138; x_wconf 80' lang='lat' dir='ltr'>intimarum,</span> <span class='ocrx_word' id='word_1_287' title='bbox 517 2088 653 2128; x_wconf 88' lang='lat' dir='ltr'>omnis</span> <span class='ocrx_word' id='word_1_288' title='bbox 688 2098 731 2129; x_wconf 89' lang='lat' dir='ltr'>et</span> <span class='ocrx_word' id='word_1_289' title='bbox 764 2089 963 2144; x_wconf 83' lang='lat' dir='ltr'>precatio,</span> <span class='ocrx_word' id='word_1_290' title='bbox 998 2098 1042 2130; x_wconf 93' lang='lat' dir='ltr'>et</span> <span class='ocrx_word' id='word_1_291' title='bbox 1075 2089 1320 2130; x_wconf 79' lang='lat' dir='ltr'>sacrificatio</span> <span class='ocrx_word' id='word_1_292' title='bbox 1354 2098 1540 2129; x_wconf 83' lang='lat' dir='ltr'>extrema</span> <span class='ocrx_word' id='word_1_293' title='bbox 1575 2099 1654 2131; x_wconf 85' lang='lat' dir='ltr'>est.</span> 
     </span>
     <span class='ocr_line' id='line_1_34' title="bbox 159 2145 1654 2201; baseline 0.003 -18"><span class='ocrx_word' id='word_1_294' title='bbox 159 2146 210 2184; x_wconf 82' lang='lat'>68</span> <span class='ocrx_word' id='word_1_295' title='bbox 223 2145 317 2186; x_wconf 90' lang='lat' dir='ltr'>Nee</span> <span class='ocrx_word' id='word_1_296' title='bbox 339 2145 467 2201; x_wconf 82' lang='lat' dir='ltr'>longe</span> <span class='ocrx_word' id='word_1_297' title='bbox 496 2145 649 2185; x_wconf 85' lang='lat' dir='ltr'>absunt</span> <span class='ocrx_word' id='word_1_298' title='bbox 676 2145 729 2185; x_wconf 89' lang='lat' dir='ltr'>ab</span> <span class='ocrx_word' id='word_1_299' title='bbox 755 2145 832 2185; x_wconf 89' lang='lat' dir='ltr'>hac</span> <span class='ocrx_word' id='word_1_300' title='bbox 863 2146 900 2185; x_wconf 83' lang='lat' dir='ltr'>vi</span> <span class='ocrx_word' id='word_1_301' title='bbox 931 2145 1005 2186; x_wconf 90' lang='lat' dir='ltr'>Dii</span> <span class='ocrx_word' id='word_1_302' title='bbox 1036 2146 1223 2195; x_wconf 86' lang='lat' dir='ltr'>Penates,</span> <span class='ocrx_word' id='word_1_303' title='bbox 1246 2145 1328 2186; x_wconf 81' lang='lat' dir='ltr'>sive</span> <span class='ocrx_word' id='word_1_304' title='bbox 1349 2159 1373 2185; x_wconf 88' lang='lat' dir='ltr'>a</span> <span class='ocrx_word' id='word_1_305' title='bbox 1387 2155 1495 2199; x_wconf 80' lang='lat' dir='ltr'>penu</span> <span class='ocrx_word' id='word_1_306' title='bbox 1524 2145 1654 2187; x_wconf 87' lang='lat' dir='ltr'>ducto</span> 
     </span>
     <span class='ocr_line' id='line_1_35' title="bbox 223 2201 1648 2259; baseline 0.001 -18"><span class='ocrx_word' id='word_1_307' title='bbox 223 2201 408 2251; x_wconf 84' lang='lat' dir='ltr'>nomine,</span> <span class='ocrx_word' id='word_1_308' title='bbox 445 2204 524 2254; x_wconf 90' lang='lat' dir='ltr'>(est</span> <span class='ocrx_word' id='word_1_309' title='bbox 558 2202 669 2241; x_wconf 87' lang='lat' dir='ltr'>enim</span> <span class='ocrx_word' id='word_1_310' title='bbox 704 2216 845 2251; x_wconf 86' lang='lat' dir='ltr'>omne,</span> <span class='ocrx_word' id='word_1_311' title='bbox 879 2217 964 2256; x_wconf 92' lang='lat' dir='ltr'>quo</span> <span class='ocrx_word' id='word_1_312' title='bbox 1000 2210 1220 2243; x_wconf 88' lang='lat' dir='ltr'>vescuntur</span> <span class='ocrx_word' id='word_1_313' title='bbox 1256 2201 1462 2252; x_wconf 90' lang='lat' dir='ltr'>homines,</span> <span class='ocrx_word' id='word_1_314' title='bbox 1499 2202 1648 2259; x_wconf 91' lang='lat' dir='ltr'>penus)</span> 
     </span>
     <span class='ocr_line' id='line_1_36' title="bbox 222 2257 1653 2314; baseline 0.001 -17"><span class='ocrx_word' id='word_1_315' title='bbox 222 2257 304 2298; x_wconf 86' lang='lat' dir='ltr'>sive</span> <span class='ocrx_word' id='word_1_316' title='bbox 325 2258 377 2297; x_wconf 88' lang='lat' dir='ltr'>ab</span> <span class='ocrx_word' id='word_1_317' title='bbox 399 2271 465 2308; x_wconf 83' lang='lat' dir='ltr'>eo,</span> <span class='ocrx_word' id='word_1_318' title='bbox 494 2257 608 2312; x_wconf 91' lang='lat' dir='ltr'>quod</span> <span class='ocrx_word' id='word_1_319' title='bbox 634 2257 796 2312; x_wconf 75' lang='lat' dir='ltr'>penitus</span> <span class='ocrx_word' id='word_1_320' title='bbox 826 2258 1036 2298; x_wconf 89' lang='lat' dir='ltr'>insident:</span> <span class='ocrx_word' id='word_1_321' title='bbox 1069 2273 1119 2298; x_wconf 85' lang='lat' dir='ltr'>ex</span> <span class='ocrx_word' id='word_1_322' title='bbox 1148 2273 1233 2314; x_wconf 93' lang='lat' dir='ltr'>quo</span> <span class='ocrx_word' id='word_1_323' title='bbox 1263 2258 1389 2298; x_wconf 89' lang='lat' dir='ltr'>etiam</span> <span class='ocrx_word' id='word_1_324' title='bbox 1419 2257 1653 2312; x_wconf 88' lang='lat' dir='ltr'>penetrales</span> 
     </span>
    </p>

    <p class='ocr_par' dir='ltr' id='par_1_6' title="bbox 220 2314 1658 2706">
     <span class='ocr_line' id='line_1_37' title="bbox 220 2314 1651 2369; baseline 0 -15"><span class='ocrx_word' id='word_1_325' title='bbox 220 2329 245 2354; x_wconf 84' lang='lat' dir='ltr'>a</span> <span class='ocrx_word' id='word_1_326' title='bbox 282 2314 420 2369; x_wconf 74' lang='lat' dir='ltr'>poetis</span> <span class='ocrx_word' id='word_1_327' title='bbox 458 2324 671 2354; x_wconf 87' lang='lat' dir='ltr'>vocantur.</span> <span class='ocrx_word' id='word_1_328' title='bbox 729 2315 824 2355; x_wconf 85' lang='lat' dir='ltr'>Jam</span> <span class='ocrx_word' id='word_1_329' title='bbox 865 2315 1076 2369; x_wconf 90' lang='lat' dir='ltr'>Apollinis</span> <span class='ocrx_word' id='word_1_330' title='bbox 1115 2329 1285 2366; x_wconf 84' lang='lat' dir='ltr'>nomen,</span> <span class='ocrx_word' id='word_1_331' title='bbox 1321 2323 1383 2355; x_wconf 89' lang='lat' dir='ltr'>est</span> <span class='ocrx_word' id='word_1_332' title='bbox 1424 2315 1651 2365; x_wconf 80' lang='lat' dir='ltr'>Graecum3</span> 
     </span>
     <span class='ocr_line' id='line_1_38' title="bbox 220 2370 1654 2425; baseline 0.001 -15"><span class='ocrx_word' id='word_1_333' title='bbox 220 2385 346 2425; x_wconf 90' lang='lat' dir='ltr'>quem</span> <span class='ocrx_word' id='word_1_334' title='bbox 381 2370 515 2411; x_wconf 90' lang='lat' dir='ltr'>solem</span> <span class='ocrx_word' id='word_1_335' title='bbox 544 2385 635 2412; x_wconf 89' lang='lat' dir='ltr'>esse</span> <span class='ocrx_word' id='word_1_336' title='bbox 665 2370 832 2411; x_wconf 89' lang='lat' dir='ltr'>volunt:</span> <span class='ocrx_word' id='word_1_337' title='bbox 864 2371 1045 2411; x_wconf 88' lang='lat' dir='ltr'>Dianam</span> <span class='ocrx_word' id='word_1_338' title='bbox 1076 2380 1231 2421; x_wconf 80' lang='lat' dir='ltr'>autem,</span> <span class='ocrx_word' id='word_1_339' title='bbox 1261 2379 1303 2411; x_wconf 89' lang='lat' dir='ltr'>et</span> <span class='ocrx_word' id='word_1_340' title='bbox 1333 2372 1513 2420; x_wconf 70' lang='lat' dir='ltr'>Lunam,</span> <span class='ocrx_word' id='word_1_341' title='bbox 1555 2385 1654 2411; x_wconf 87' lang='lat' dir='ltr'>ean-</span> 
     </span>
     <span class='ocr_line' id='line_1_39' title="bbox 221 2425 1658 2483; baseline 0.001 -17"><span class='ocrx_word' id='word_1_342' title='bbox 221 2427 318 2467; x_wconf 90' lang='lat' dir='ltr'>dem</span> <span class='ocrx_word' id='word_1_343' title='bbox 339 2440 429 2467; x_wconf 89' lang='lat' dir='ltr'>esse</span> <span class='ocrx_word' id='word_1_344' title='bbox 450 2435 626 2480; x_wconf 88' lang='lat' dir='ltr'>putant:</span> <span class='ocrx_word' id='word_1_345' title='bbox 658 2441 755 2467; x_wconf 90' lang='lat' dir='ltr'>cum</span> <span class='ocrx_word' id='word_1_346' title='bbox 777 2427 840 2468; x_wconf 89' lang='lat' dir='ltr'>sol</span> <span class='ocrx_word' id='word_1_347' title='bbox 860 2427 997 2468; x_wconf 87' lang='lat' dir='ltr'>dictus</span> <span class='ocrx_word' id='word_1_348' title='bbox 1021 2428 1086 2477; x_wconf 84' lang='lat' dir='ltr'>sit,</span> <span class='ocrx_word' id='word_1_349' title='bbox 1115 2427 1178 2467; x_wconf 90' lang='lat' dir='ltr'>vel</span> <span class='ocrx_word' id='word_1_350' title='bbox 1201 2427 1298 2483; x_wconf 89' lang='lat' dir='ltr'>quia</span> <span class='ocrx_word' id='word_1_351' title='bbox 1317 2425 1425 2467; x_wconf 77' lang='lat' dir='ltr'>solus</span> <span class='ocrx_word' id='word_1_352' title='bbox 1446 2440 1494 2466; x_wconf 82' lang='lat' dir='ltr'>ex</span> <span class='ocrx_word' id='word_1_353' title='bbox 1513 2427 1658 2467; x_wconf 48' lang='lat' dir='ltr'>omni?</span> 
     </span>
     <span class='ocr_line' id='line_1_40' title="bbox 220 2482 1652 2538; baseline 0.001 -16"><span class='ocrx_word' id='word_1_354' title='bbox 220 2483 299 2523; x_wconf 91' lang='lat' dir='ltr'>bus</span> <span class='ocrx_word' id='word_1_355' title='bbox 320 2482 522 2523; x_wconf 89' lang='lat' dir='ltr'>sideribus</span> <span class='ocrx_word' id='word_1_356' title='bbox 550 2493 613 2523; x_wconf 88' lang='lat' dir='ltr'>est</span> <span class='ocrx_word' id='word_1_357' title='bbox 645 2492 799 2533; x_wconf 87' lang='lat' dir='ltr'>tantus,</span> <span class='ocrx_word' id='word_1_358' title='bbox 834 2483 895 2524; x_wconf 89' lang='lat' dir='ltr'>vel</span> <span class='ocrx_word' id='word_1_359' title='bbox 924 2484 1037 2538; x_wconf 82' lang='lat' dir='ltr'>quia,</span> <span class='ocrx_word' id='word_1_360' title='bbox 1067 2498 1165 2524; x_wconf 87' lang='lat' dir='ltr'>cum</span> <span class='ocrx_word' id='word_1_361' title='bbox 1196 2492 1260 2523; x_wconf 92' lang='lat' dir='ltr'>est</span> <span class='ocrx_word' id='word_1_362' title='bbox 1288 2492 1470 2532; x_wconf 78' lang='lat' dir='ltr'>exortuS,</span> <span class='ocrx_word' id='word_1_363' title='bbox 1497 2483 1652 2524; x_wconf 85' lang='lat' dir='ltr'>obscu-</span> 
     </span>
     <span class='ocr_line' id='line_1_41' title="bbox 220 2538 1652 2594; baseline 0.001 -16"><span class='ocrx_word' id='word_1_364' title='bbox 220 2538 318 2578; x_wconf 89' lang='lat' dir='ltr'>ratis</span> <span class='ocrx_word' id='word_1_365' title='bbox 340 2539 536 2579; x_wconf 89' lang='lat' dir='ltr'>omnibus</span> <span class='ocrx_word' id='word_1_366' title='bbox 566 2538 674 2579; x_wconf 77' lang='lat' dir='ltr'>solus</span> <span class='ocrx_word' id='word_1_367' title='bbox 707 2548 905 2594; x_wconf 87' lang='lat' dir='ltr'>apparet:</span> <span class='ocrx_word' id='word_1_368' title='bbox 938 2541 1059 2580; x_wconf 91' lang='lat' dir='ltr'>Luna</span> <span class='ocrx_word' id='word_1_369' title='bbox 1087 2554 1112 2580; x_wconf 88' lang='lat' dir='ltr'>a</span> <span class='ocrx_word' id='word_1_370' title='bbox 1142 2538 1305 2579; x_wconf 76' lang='lat' dir='ltr'>lucendo</span> <span class='ocrx_word' id='word_1_371' title='bbox 1338 2538 1552 2579; x_wconf 89' lang='lat' dir='ltr'>nominata</span> <span class='ocrx_word' id='word_1_372' title='bbox 1583 2539 1652 2581; x_wconf 86' lang='lat' dir='ltr'>sit.</span> 
     </span>
     <span class='ocr_line' id='line_1_42' title="bbox 221 2594 1657 2650; baseline 0.001 -16"><span class='ocrx_word' id='word_1_373' title='bbox 221 2595 369 2634; x_wconf 90' lang='lat' dir='ltr'>eadem</span> <span class='ocrx_word' id='word_1_374' title='bbox 403 2603 466 2634; x_wconf 90' lang='lat' dir='ltr'>est</span> <span class='ocrx_word' id='word_1_375' title='bbox 495 2594 606 2634; x_wconf 90' lang='lat' dir='ltr'>enim</span> <span class='ocrx_word' id='word_1_376' title='bbox 636 2596 810 2635; x_wconf 88' lang='lat' dir='ltr'>Lucina.</span> <span class='ocrx_word' id='word_1_377' title='bbox 841 2595 996 2650; x_wconf 89' lang='lat' dir='ltr'>itaque,</span> <span class='ocrx_word' id='word_1_378' title='bbox 1026 2605 1075 2635; x_wconf 92' lang='lat' dir='ltr'>ut</span> <span class='ocrx_word' id='word_1_379' title='bbox 1103 2594 1216 2649; x_wconf 90' lang='lat' dir='ltr'>apud</span> <span class='ocrx_word' id='word_1_380' title='bbox 1249 2595 1421 2635; x_wconf 83' lang='lat' dir='ltr'>Graecos</span> <span class='ocrx_word' id='word_1_381' title='bbox 1452 2594 1657 2647; x_wconf 52' lang='lat' dir='ltr'>Dianamj</span> 
     </span>
     <span class='ocr_line' id='line_1_43' title="bbox 221 2650 1651 2706; baseline 0.001 -16"><span class='ocrx_word' id='word_1_382' title='bbox 221 2663 399 2706; x_wconf 88' lang='lat' dir='ltr'>eamque</span> <span class='ocrx_word' id='word_1_383' title='bbox 420 2650 675 2699; x_wconf 83' lang='lat' dir='ltr'>Luciferam,</span> <span class='ocrx_word' id='word_1_384' title='bbox 703 2651 762 2692; x_wconf 91' lang='lat' dir='ltr'>sic</span> <span class='ocrx_word' id='word_1_385' title='bbox 793 2651 904 2705; x_wconf 85' lang='lat' dir='ltr'>apud</span> <span class='ocrx_word' id='word_1_386' title='bbox 937 2661 1102 2692; x_wconf 88' lang='lat' dir='ltr'>nostros</span> <span class='ocrx_word' id='word_1_387' title='bbox 1130 2652 1339 2692; x_wconf 85' lang='lat' dir='ltr'>Junonem</span> <span class='ocrx_word' id='word_1_388' title='bbox 1373 2651 1577 2692; x_wconf 89' lang='lat' dir='ltr'>Lucinam</span> <span class='ocrx_word' id='word_1_389' title='bbox 1607 2652 1651 2692; x_wconf 89' lang='lat' dir='ltr'>in</span> 
     </span>
    </p>
   </div>
   <div class='ocr_carea' id='block_1_5' title="bbox 221 2783 1652 2952">
    <p class='ocr_par' dir='ltr' id='par_1_7' title="bbox 221 2783 1652 2952">
     <span class='ocr_line' id='line_1_44' title="bbox 265 2783 1652 2824; baseline 0.002 -11"><span class='ocrx_word' id='word_1_390' title='bbox 265 2789 304 2818; x_wconf 88' lang='lat'>76</span> <span class='ocrx_word' id='word_1_391' title='bbox 329 2784 543 2814; x_wconf 78' lang='lat' dir='ltr'>immoderatum</span> <span class='ocrx_word' id='word_1_392' title='bbox 559 2783 682 2824; x_wconf 70' lang='lat' dir='ltr'>aethera]</span> <span class='ocrx_word' id='word_1_393' title='bbox 699 2786 718 2815; x_wconf 94' lang='lat' dir='ltr'>i.</span> <span class='ocrx_word' id='word_1_394' title='bbox 731 2795 757 2815; x_wconf 87' lang='lat' dir='ltr'>e.</span> <span class='ocrx_word' id='word_1_395' title='bbox 775 2786 913 2815; x_wconf 88' lang='lat' dir='ltr'>immen-</span> <span class='ocrx_word' id='word_1_396' title='bbox 955 2787 1070 2816; x_wconf 80' lang='lat' dir='ltr'>Junius</span> <span class='ocrx_word' id='word_1_397' title='bbox 1090 2787 1260 2816; x_wconf 78' lang='lat' dir='ltr'>Animadv.</span> <span class='ocrx_word' id='word_1_398' title='bbox 1277 2787 1332 2822; x_wconf 90' lang='lat' dir='ltr'>IV,</span> <span class='ocrx_word' id='word_1_399' title='bbox 1354 2794 1405 2817; x_wconf 77' lang='lat'>20.</span> <span class='ocrx_word' id='word_1_400' title='bbox 1443 2787 1494 2816; x_wconf 90' lang='lat' dir='ltr'>Sic</span> <span class='ocrx_word' id='word_1_401' title='bbox 1510 2793 1540 2816; x_wconf 86' lang='lat' dir='ltr'>et</span> <span class='ocrx_word' id='word_1_402' title='bbox 1555 2787 1652 2816; x_wconf 87' lang='lat' dir='ltr'>Davi-</span> 
     </span>
     <span class='ocr_line' id='line_1_45' title="bbox 221 2828 1650 2871; baseline 0.001 -15"><span class='ocrx_word' id='word_1_403' title='bbox 221 2837 307 2863; x_wconf 78' lang='lat' dir='ltr'>sum,</span> <span class='ocrx_word' id='word_1_404' title='bbox 323 2828 498 2857; x_wconf 81' lang='lat' dir='ltr'>infinitum.</span> <span class='ocrx_word' id='word_1_405' title='bbox 955 2830 1031 2860; x_wconf 83' lang='lat' dir='ltr'>sius.</span> <span class='ocrx_word' id='word_1_406' title='bbox 1045 2830 1123 2859; x_wconf 89' lang='lat' dir='ltr'>olim</span> <span class='ocrx_word' id='word_1_407' title='bbox 1136 2830 1348 2868; x_wconf 84' lang='lat' dir='ltr'>conjeceram,</span> <span class='ocrx_word' id='word_1_408' title='bbox 1365 2829 1440 2871; x_wconf 88' lang='lat' dir='ltr'>quod</span> <span class='ocrx_word' id='word_1_409' title='bbox 1449 2837 1476 2858; x_wconf 76' lang='lat' dir='ltr'>et</span> <span class='ocrx_word' id='word_1_410' title='bbox 1490 2829 1650 2859; x_wconf 79' lang='lat' dir='ltr'>similitudo</span> 
     </span>
     <span class='ocr_line' id='line_1_46' title="bbox 265 2868 1169 2914; baseline 0.004 -16"><span class='ocrx_word' id='word_1_411' title='bbox 265 2876 301 2907; x_wconf 84' lang='lat'>77</span> <span class='ocrx_word' id='word_1_412' title='bbox 336 2870 411 2911; x_wconf 84' lang='lat' dir='ltr'>quod</span> <span class='ocrx_word' id='word_1_413' title='bbox 432 2870 457 2898; x_wconf 82' lang='lat' dir='ltr'>ei</span> <span class='ocrx_word' id='word_1_414' title='bbox 483 2870 640 2899; x_wconf 79' lang='lat' dir='ltr'>similitudo</span> <span class='ocrx_word' id='word_1_415' title='bbox 667 2877 708 2899; x_wconf 72' lang='lat' dir='ltr'>est</span> <span class='ocrx_word' id='word_1_416' title='bbox 730 2868 861 2910; x_wconf 81' lang='lat' dir='ltr'>aetberis]</span> <span class='ocrx_word' id='word_1_417' title='bbox 887 2871 913 2900; x_wconf 79' lang='lat' dir='ltr'>ei</span> <span class='ocrx_word' id='word_1_418' title='bbox 956 2879 998 2902; x_wconf 81' lang='lat' dir='ltr'>est</span> <span class='ocrx_word' id='word_1_419' title='bbox 1011 2872 1169 2914; x_wconf 74' lang='lat' dir='ltr'>utriusque.</span> 
     </span>
     <span class='ocr_line' id='line_1_47' title="bbox 221 2912 911 2952; baseline 0.003 -10"><span class='ocrx_word' id='word_1_420' title='bbox 221 2912 290 2943; x_wconf 81' lang='lat' dir='ltr'>dedi</span> <span class='ocrx_word' id='word_1_421' title='bbox 313 2922 367 2952; x_wconf 90' lang='lat' dir='ltr'>pro</span> <span class='ocrx_word' id='word_1_422' title='bbox 391 2920 429 2951; x_wconf 83' lang='lat' dir='ltr'>et,</span> <span class='ocrx_word' id='word_1_423' title='bbox 447 2920 482 2944; x_wconf 89' lang='lat' dir='ltr'>ut</span> <span class='ocrx_word' id='word_1_424' title='bbox 504 2923 520 2943; x_wconf 92' lang='lat' dir='ltr'>e</span> <span class='ocrx_word' id='word_1_425' title='bbox 544 2913 644 2944; x_wconf 83' lang='lat' dir='ltr'>Probo</span> <span class='ocrx_word' id='word_1_426' title='bbox 665 2914 797 2944; x_wconf 77' lang='lat' dir='ltr'>correxit</span> <span class='ocrx_word' id='word_1_427' title='bbox 813 2914 911 2945; x_wconf 86' lang='lat' dir='ltr'>Hadr.</span> 
     </span>
    </p>
   </div>
  </div>
 </body>
</html>
