1778 3095
598 56 777 94 LIBER
803 55 1084 94 TERTIUS,
1496 58 1576 98 303

139 165 321 222 speciem
341 164 559 214 doctrinae,
589 163 889 219 sapientiaeque
918 177 1005 219 prae
1035 177 1080 204 se
1109 162 1313 215 tulerunt,
1332 164 1579 220 audiuntur,

137 223 352 279 leguntur,
387 221 644 270 ediscuntur,
677 229 720 261 et
754 220 1037 261 inhaerescunt
1070 220 1236 275 penitus
1267 220 1308 261 in
1349 223 1578 265 mentibus.

138 285 158 310 ⁶
182 294 281 321 cum
301 293 398 320 vero
416 278 568 319 eodem
588 277 708 332 quasi
729 277 937 318 maximus
959 275 1131 333 quidam
1148 277 1364 332 magister,
1380 280 1580 334 populus,

138 344 266 392 atque
298 335 435 376 omnis
471 333 658 388 undique
691 333 745 374 ad
779 334 878 375 vitia
911 333 1178 374 consentiens
1206 334 1455 385 multitudo,
1486 344 1578 378 tum

138 393 263 448 plane
291 391 500 432 inficimur
528 390 776 445 opinionum
814 391 1032 445 pravitate,
1063 405 1088 431 a
1118 398 1351 446 naturaque
1379 390 1579 432 descisci-

140 464 260 490 mus:
290 456 339 489 ut
368 447 488 488 nobis
513 454 528 483 7
545 447 752 502 optimam
783 456 978 488 naturam
1013 446 1210 488 invidisse
1240 447 1473 498 videantur,
1508 448 1582 504 qui

140 505 244 546 nihil
264 503 414 545 melius
436 503 612 554 homini,
633 503 736 545 nihil
764 504 902 559 magis
931 503 1230 559 expetendum,
1251 504 1356 544 nihil
1376 512 1582 560 praestan·

138 561 222 602 tius
254 561 502 609 honoribus,
538 560 738 616 imperiis,
778 561 972 617 populari
1009 560 1147 616 gloria
1178 560 1490 617 judicaverunt.
1528 561 1583 603 ad

138 631 265 673 quam
298 616 431 658 fertur
462 617 650 673 optimus
683 618 878 674 quisque,
912 631 1136 674 veramque
1164 617 1280 658 illam
1312 617 1582 660 honestatem

137 682 352 728 expetens,
378 683 534 730 Squam
568 689 697 715 unam
730 684 879 716 natura
910 675 1091 716 maxime
1124 674 1312 730 inquirit,
1340 674 1382 716 in
1416 689 1584 717 summa

135 729 338 771 inanitate
373 739 572 782 versatur,
606 739 955 787 consectaturque
979 732 1165 773 9nullam
1202 733 1457 772 eminentem
1492 731 1584 772 effi-

137 787 253 842 giem
278 787 493 842 [virtutis,]
520 788 593 828 sed
613 788 905 829 adumbratam
937 788 1167 843 imaginem
1198 788 1363 843 gloriae.
1388 796 1453 829 est
1469 788 1584 829 enim

136 843 289 898 gloria,
310 844 446 885 solida
466 845 661 900 quaedam
683 860 747 886 res
768 853 811 885 et
827 859 1034 900 expressa,
1057 860 1141 886 non
1163 845 1427 886 adumbrata.
1448 859 1498 886 ea
1518 853 1584 887 est

136 901 402 942 consentiens
423 901 513 942 laus
535 901 760 953 bonorum,
791 902 1037 957 incorrupta
1062 917 1142 944 vox
1172 902 1279 942 bene
1293 901 1582 958 judicantium

137 955 191 997 de
212 957 441 999 excellente
470 958 636 999 virtute.
658 958 877 1000 ea·virtuti
912 968 948 990 10
965 967 1148 1009 resonat,
1179 967 1398 1014 tamquam
1420 958 1582 1014 imago.

137 1027 234 1068 quae
256 1014 354 1069 quia
373 1022 485 1055 recte
504 1015 711 1056 factorum
735 1015 985 1071 plerumque
1006 1030 1150 1056 comes
1172 1024 1250 1065 est,
1272 1029 1356 1055 non
1377 1022 1441 1056 est
1461 1015 1584 1056 bonis

136 1070 231 1111 viris
253 1070 525 1126 repudianda.
585 1071 665 1112 Illa
694 1082 852 1122 autem,
883 1087 977 1127 quae
1010 1087 1053 1113 se
1083 1072 1173 1128 ejus
1203 1071 1474 1112 imitatricem
1494 1081 1623 1116 esset}

137 1127 240 1178 vult,
263 1129 483 1169 temeraria
501 1137 629 1184 atque
643 1128 965 1180 inconsiderata,
985 1138 1029 1170 et
1048 1129 1297 1184 plerumque
1310 1136 1585 1184 peccatorum

139 1183 423 1240 vitiorumque
442 1184 664 1236 laudatrix,
686 1186 798 1226 fama
816 1186 1045 1241 popularis,
1061 1185 1330 1226 simulatione
1350 1184 1587 1228 honestatis

139 1239 322 1281 formam
363 1242 470 1298 ejuS,
508 1241 922 1298 pulcritudinemque
970 1242 1218 1297 corrumpit.
1265 1256 1349 1298 qua
1393 1241 1586 1283 caecitate

138 1295 347 1349 homines,
386 1313 485 1339 cum
526 1298 721 1354 quaedam
759 1298 888 1340 etiam
936 1299 1138 1354 praeclara
1188 1306 1409 1354 cuperent,
1450 1313 1585 1354 eaque

140 1353 349 1395 nescirent
370 1369 447 1395 nec
466 1355 555 1405 ubi,
586 1369 663 1397 nec
691 1356 831 1412 qualia
860 1363 1014 1406 essent,
1043 1355 1233 1396 funditus
1253 1355 1323 1396 alii
1344 1363 1584 1396 everterunt
1595 1367 1627 1399 P·
1643 1365 1714 1393 1⁹1,

138 1424 234 1450 suas
253 1411 455 1461 civitates,
486 1411 556 1452 alii
585 1412 666 1467 ipsi
696 1412 955 1453 occiderunt.
982 1420 1110 1467 atque
1140 1411 1185 1452 hi
1216 1412 1388 1467 quidem
1420 1411 1626 1468 optimaa·

138 1475 345 1520 petentes,
367 1482 450 1508 non
477 1477 564 1509 tarn
596 1469 826 1519 voluntate,
858 1483 985 1524 quam
1016 1483 1164 1509 cursus
1194 1482 1334 1509 errore
1365 1469 1584 1511 falluntur.

137 1522 268 1578 Quid,
289 1523 361 1578 qui
380 1525 569 1579 pecuniae
591 1526 836 1580 cupiditate,
859 1526 930 1580 qui
952 1525 1218 1580 voluptatum
1247 1525 1423 1566 libidine
1442 1526 1587 1569 ferun-

138 1587 208 1620 tur
229 1596 253 1621 :⁷
276 1594 543 1636 quorumque
578 1581 639 1622 ita
670 1582 969 1637 perturbantur
1006 1581 1150 1630 animi,
1186 1590 1236 1622 ut
1276 1596 1360 1622 non
1398 1582 1586 1624 multum

136 1635 276 1677 absint
295 1637 349 1677 ab
370 1637 544 1687 insania,
575 1639 691 1694 quod
721 1638 1012 1693 insipientibus
1044 1638 1256 1693 contingit
1284 1638 1498 1690 omnibus,
1519 1639 1588 1681 his

138 1692 306 1734 nullane
325 1702 389 1734 est
413 1694 656 1736 adhibenda
684 1696 875 1736 curatio?
910 1704 1053 1736 utrum
1086 1695 1203 1750 quod
1234 1695 1373 1735 minus
1405 1705 1586 1738 noceant

136 1750 265 1790 animi
284 1751 597 1805 aegrotationes,
618 1767 744 1808 quam
763 1753 951 1807 corporis
974 1754 987 1792 ἒ
1020 1767 1088 1802 an,
1109 1751 1226 1808 quod
1246 1766 1426 1806 corpora
1444 1753 1582 1794 curari
1595 1763 1618 1795 5

139 1806 316 1860 possint,
349 1807 588 1849 animorum
625 1808 837 1849 medicina
871 1809 986 1850 nulla
1017 1809 1102 1850 sit?
1136 1810 1197 1849 At
1227 1817 1271 1849 et
1305 1808 1444 1849 morbi
1480 1816 1627 1864 per-3

139 1862 384 1904 niciosiores
416 1864 640 1921 pluresque
669 1874 767 1906 sunt
804 1865 947 1915 animi,
982 1880 1108 1921 quam
1149 1865 1353 1921 corporis.
1387 1865 1432 1906 hi
1465 1867 1580 1907 enim

139 1918 218 1973 ipsi
239 1919 375 1960 odiosi
396 1930 507 1971 sunt,
530 1922 646 1977 quod
676 1922 729 1963 ad
760 1922 949 1962 animum
975 1923 1200 1977 pertinent,
1221 1936 1405 1978 eumque
1426 1923 1585 1964 sollici·

137 1983 257 2017 tant:
289 1977 540 2033 animusque
571 1993 697 2034 aeger,
728 1987 775 2019 ut
805 1979 864 2020 ait
892 1980 1067 2029 Ennius,
1099 1993 1265 2035 semper
1295 1987 1420 2030 errat,
1447 1994 1588 2036 neque

137 2032 241 2086 pati,
259 2047 394 2088 neque
413 2035 577 2090 perpeti
598 2044 765 2091 potest:
797 2049 951 2090 cupere
983 2051 1215 2091 numquam
1243 2035 1411 2076 desinit.
1429 2037 1590 2092 quibus'

137 2088 305 2130 duobus
326 2091 485 2131 morbis
512 2095 575 2144 (ut
603 2092 798 2133 omittam
830 2093 951 2144 alios)
987 2092 1237 2147 aegritudine
1266 2101 1309 2133 et
1339 2093 1585 2147 cupiditate,

137 2146 211 2201 qui
247 2146 417 2188 tandem
456 2158 636 2203 possunt
675 2149 717 2189 in
757 2163 935 2204 corpore
975 2163 1067 2190 esse
1099 2150 1340 2204 graviores?
1374 2151 1447 2204 qni
1486 2164 1585 2191 vero

137 2202 307 2258 probari
326 2212 483 2259 potest,
507 2214 554 2246 ut
576 2206 654 2246 sibi
674 2205 834 2246 mederi
862 2206 1028 2246 animus
1054 2221 1139 2246 non
1159 2206 1308 2260 possit,
1329 2220 1427 2246 cum
1449 2206 1583 2262 ipsam

137 2259 391 2301 medicinam
421 2262 608 2316 corporis
639 2263 803 2304 animus
832 2262 1045 2313 invenerit,
1079 2276 1261 2317 cumque
1281 2262 1334 2302 ad
1355 2276 1584 2317 corporum

138 2316 398 2359 sanationem
435 2319 620 2360 multum
657 2319 749 2374 ipsa
787 2333 980 2374 corpora,
1023 2327 1066 2359 et
1105 2328 1254 2359 natura
1290 2318 1469 2370 valeant,
1506 2334 1584 2361 neo

138 2386 298 2424 omnes,
321 2375 394 2429 qui
415 2376 551 2416 curari
573 2391 616 2416 se
635 2376 747 2431 passi
769 2385 880 2427 sunt,
898 2375 1102 2417 continuo
1119 2375 1248 2416 etiam
1265 2376 1582 2418 convalescant:

139 2429 267 2471 animi
287 2440 446 2483 autem,
478 2432 552 2488 qui
583 2433 719 2474 sanari
748 2433 969 2484 voluerint,
1000 2433 1309 2489 praeceptisque
1330 2433 1583 2489 sapientium

182 2580 201 2605 6
225 2587 289 2606 cum
311 2587 380 2607 vero
403 2576 511 2618 eodem]
531 2579 555 2609 E
571 2580 723 2619 superiori
739 2578 836 2610 verbo
880 2579 1011 2619 vulgato
1026 2590 1085 2609 um
1100 2580 1181 2609 bene
1197 2579 1360 2610 Davisius.

141 2618 290 2656 accedunt,
318 2621 375 2650 int.
399 2621 520 2651 accedit.
566 2623 715 2652 Davisius
739 2624 837 2653 etiam
924 2631 942 2655 9
965 2622 1079 2652 nullam
1095 2623 1180 2652 emin.
1205 2622 1326 2662 effigiem
1347 2621 1489 2664 virtutis]
1516 2622 1585 2652 Vir-

139 2661 255 2691 addidit
270 2664 303 2692 in
319 2670 420 2694 textu.
882 2666 953 2694 tutis
976 2673 1022 2696 est
1048 2667 1187 2705 profecto
1213 2675 1232 2695 a
1258 2666 1427 2706 glossatore
1449 2676 1490 2696 ex
1515 2665 1585 2695 aliis

183 2708 198 2738 7
224 2705 360 2743 optimam
387 2713 523 2736 naturam
547 2706 706 2748 invidisse]
739 2708 837 2739 Davi·
882 2708 958 2739 locis
971 2710 1179 2748 adscriptum,
1196 2708 1447 2748 delendumque.

141 2745 205 2780 sius
221 2750 354 2779 correxit
368 2750 505 2790 optimam
518 2751 700 2789 magistram.
928 2759 967 2784 10
992 2759 1104 2781 resonat
1117 2759 1267 2792 tamquam
1288 2751 1399 2794 imago]
1418 2752 1468 2783 Sc.
1484 2749 1583 2787 vocis,

184 2794 201 2818 Β
224 2800 312 2830 quarn
348 2792 617 2833 unam—inquirit]
659 2804 747 2823 unam
782 2804 838 2834 pro
881 2795 1230 2834 s.virtutisloquentis.
