1768 3095
580 150 761 187 LIBER
797 147 1134 186 SECUNDUS.
1513 147 1586 186 139

155 258 262 302 illud
297 259 492 302 concludi
524 259 583 300 sic
613 259 726 299 licet.
784 256 870 314 Qui
901 256 942 296 in
977 267 1145 296 summo
1177 252 1290 292 malo
1323 259 1401 300 est,
1432 249 1465 290 is
1495 257 1587 290 tum

158 333 256 359 cum
277 318 320 358 in
341 332 391 358 eo
413 326 491 367 est,
513 330 597 356 non
617 323 681 355 est
703 315 867 355 beatus.
927 312 1099 367 Sapiens
1130 318 1271 350 autem
1304 321 1468 361 semper
1488 306 1589 346 bea-

159 382 227 415 tus
248 383 326 425 est,
349 382 389 413 et
409 381 473 413 est
504 371 728 428 aliquando
761 371 801 410 in
833 369 994 410 dolore.
1025 382 1109 408 non
1139 374 1204 406 est
1223 364 1354 419 igitur
1374 376 1588 424 summum

160 431 318 471 malum
340 429 474 469 dolor.
533 430 627 469 Jam
650 427 754 468 illud
775 427 897 482 quale
919 424 1088 466 tandem
1110 433 1174 464 est
1193 424 1205 462 ?
1240 423 1356 462 Bona
1374 424 1591 482 praeterita

161 502 240 527 non
259 485 416 540 effluere
436 483 625 539 sapienti,
647 483 759 524 mala
789 482 1015 524 meminisse
1042 495 1121 521 non
1152 485 1345 534 oportere.
1406 476 1589 538 Primum

162 543 205 584 in
225 550 419 582 nostrane
449 551 657 596 potestate
679 550 757 591 est,
777 540 878 596 quid
905 537 1250 579 meminerimus?
1283 530 1592 593 Themistocles

162 598 348 655 quidem,
370 613 467 638 cum
490 598 528 638 ei
551 605 588 634 75
607 597 859 647 Simonides,
879 605 951 636 aut
971 595 1064 650 quis
1086 593 1191 634 alius
1212 602 1345 632 artem
1376 601 1592 653 memoriae

161 655 445 710 polliceretur,
482 654 715 703 oblivionis,
747 653 897 709 inquit,
917 652 1101 693 mallem.
1133 663 1230 689 nam
1264 661 1436 688 memmi
1466 653 1594 708 enam

163 726 258 767 quae
280 712 394 764 nolo,
417 711 603 751 oblivisci
635 725 718 751 non
748 725 920 765 possum
953 723 1047 764 quae
1078 706 1187 747 volo.
1247 701 1594 767 Mag-nosslqm-

163 769 306 824 geniO.
338 768 410 808 sed
439 782 504 808 res
535 781 578 807 se
607 775 749 807 tamen
770 767 828 807 sic
850 766 991 815 habet,
1012 773 1058 805 ut
1078 764 1202 804 nimis
1222 762 1437 815 imperiosi
1457 756 1597 812 ph1lo-

1613 702 1681 733 105

165 824 289 879 sophi
309 824 376 873 sit,
397 833 535 864 vetare
566 823 820 864 meminisse.
851 822 958 873 vide,
979 836 1030 862 ne
1062 820 1141 861 ista
1172 819 1254 860 sint
1285 815 1504 857 Manliana
1532 827 1600 853 ve-
1652 826 1654 828 ’

167 890 265 931 stra,
288 890 361 921 aut
381 881 543 936 majora
564 880 706 930 etiam,
729 880 763 920 si
797 880 977 935 imperes
1008 877 1125 933 quod
1156 877 1292 917 facere
1322 888 1406 914 non
1427 885 1599 926 possnn.

167 937 299 993 Quid,
320 938 354 977 si
375 938 503 977 etiam
519 936 710 992 jucunda
730 937 935 977 memoria
954 945 1017 975 est
1037 933 1347 989 praeteritorum
1365 927 1598 970 malorum?

168 1002 217 1034 ut
249 994 468 1048 proverbia
504 993 704 1033 nonnulla
737 994 897 1033 veriora
932 992 1028 1041 sint,
1060 1005 1186 1046 quam
1220 996 1355 1029 vestra
1384 986 1601 1048 dogmata.

168 1050 299 1105 vulgo
331 1050 443 1090 enim
474 1050 641 1100 dicitur,
659 1050 837 1090 chcundi
870 1049 950 1090 acti
973 1047 1124 1088 labores
1144 1064 1156 1087 .·
1190 1060 1265 1086 nec
1296 1042 1406 1083 male
1437 1044 1605 1095 Euripi—

172 1106 273 1147 des:
311 1106 579 1165 concludam,
617 1107 652 1147 si
690 1114 855 1162 potero,
890 1105 1069 1147 Latine:
1107 1104 1308 1144 Graecum
1344 1099 1457 1140 enim
1492 1097 1604 1139 hunc

171 1178 336 1204 versum
359 1173 490 1204 nostis
512 1178 658 1203 omnes
679 1179 687 1202 ε

282 1254 414 1291 Sua-vis
433 1253 582 1290 laborum
602 1262 650 1289 est
663 1252 909 1303 praeteritorum
928 1251 1092 1287 memoria.

176 1337 259 1378 Sed
290 1338 343 1378 ad
373 1339 485 1379 bona
514 1338 725 1393 praeterita
754 1337 986 1378 redeamus.
1018 1352 1112 1392 quae
1135 1337 1169 1378 si
1189 1351 1213 1377 a
1234 1336 1351 1377 vobis
1373 1335 1474 1376 talia
1497 1335 1610 1375 dice-

180 1404 336 1444 rentur,
371 1394 566 1449 qualibus
589 1394 640 1434 C.
662 1394 826 1434 Marius
857 1394 920 1434 uti
952 1402 1130 1448 poterat,
1152 1402 1201 1434 ut
1231 1393 1444 1447 expulsus,
1465 1406 1611 1446 egens,

178 1449 220 1489 in
240 1450 392 1504 palude
410 1451 639 1500 demersus,
658 1460 916 1505 tropaeorum
937 1450 1225 1490 recordatione
1246 1449 1399 1489 levaret
1421 1448 1611 1488 dolorem

180 1521 303 1546 suum
321 1524 330 1546 ε
379 1507 584 1557 audirem,
625 1515 667 1547 et
705 1507 827 1561 plane
867 1507 1105 1561 probarem.
1164 1507 1258 1546 Nec
1300 1506 1412 1545 enim
1454 1505 1612 1545 absolvi

179 1562 303 1602 beata
321 1563 404 1603 vita
428 1562 640 1618 sapientis,
662 1577 737 1603 nec
758 1563 809 1602 ad
831 1563 989 1603 exitum
1024 1563 1197 1618 perduci
1229 1562 1398 1617 poterit,
1420 1570 1433 1598 7
1441 1568 1458 1592 6
1473 1562 1506 1601 si
1526 1562 1610 1617 pri-

180 1633 251 1659 ma
272 1634 452 1674 quaeque
472 1621 578 1660 bene
597 1620 650 1659 ab
670 1634 720 1659 eo
741 1620 934 1660 consulta
954 1629 1081 1674 atque
1101 1620 1225 1669 facta,
1248 1619 1378 1673 ipsius
1404 1618 1614 1658 oblivione
1646 1624 1654 1632 '

181 1675 427 1716 obruentur.
487 1676 571 1716 Sed
604 1676 721 1716 vobis
751 1676 1014 1731 voluptatum
1054 1685 1346 1731 perceptarum
1379 1675 1615 1716 recordatio

180 1731 309 1772 vitam
331 1733 500 1774 beatam
523 1732 637 1783 facit,
660 1742 702 1773 et
723 1733 894 1788 quidem
916 1747 1094 1787 corpore
1124 1741 1433 1787 perceptarum.
1464 1747 1561 1772 nam
1584 1732 1618 1772 si

185 1803 279 1843 quae
314 1798 412 1829 sunt
446 1789 553 1839 aliae,
587 1789 739 1829 falsum
773 1799 850 1839 est,
870 1804 1017 1830 omnes
1051 1789 1180 1830 animi
1210 1790 1446 1844 voluptates
1478 1803 1568 1829 esse
1597 1803 1620 1829 e

184 1845 371 1899 corporis
403 1846 619 1886 societate.
681 1845 883 1900 Corporis
917 1855 1059 1887 autem
1088 1846 1279 1901 voluptas
1308 1846 1341 1886 si
1367 1846 1491 1886 etiam
1515 1860 1623 1901 prae-

186 1901 309 1941 terita
325 1901 522 1952 delectat,
545 1917 628 1942 non
648 1902 856 1957 intelligo,
876 1917 951 1943 cur
972 1902 1223 1943 Aristoteles
1246 1902 1515 1958 Sardanapali
1535 1902 1623 1957 epi-

187 1971 382 2011 gramma
409 1966 627 2012 tantopere
659 1958 847 2000 derideat
866 1976 874 1999 :
907 1959 949 1999 in
970 1974 1055 2014 quo
1076 1959 1145 2000 ille
1164 1974 1233 1999 rex
1257 1959 1445 2014 Assyriae
1466 1959 1623 2013 glorie-

188 2022 270 2063 tur,
294 2028 337 2054 se
368 2028 514 2054 omnes
546 2029 689 2055 secum
723 2015 944 2056 libidinum
977 2015 1213 2071 voluptates
1243 2016 1478 2056 abstulisse.
1509 2016 1625 2071 quod

190 2069 302 2109 enim
326 2084 377 2109 ne
397 2070 510 2111 vivus
542 2070 728 2126 quidem,
748 2071 898 2127 inquit,
921 2072 1078 2113 diutius
1110 2073 1261 2113 sentire
1287 2081 1468 2128 poterat,
1498 2087 1624 2128 quam

191 2125 293 2166 dum
332 2127 579 2177 fruebatur3
613 2142 698 2183 quo
732 2128 861 2168 modo
896 2128 939 2168 id
970 2130 1110 2183 potuit
1145 2138 1314 2170 mortuo
1351 2131 1624 2184 permanere?

193 2182 306 2223 Fluit
326 2182 458 2238 igitur
478 2183 671 2238 voluptas
697 2184 900 2239 corporis,
930 2194 972 2225 et
1004 2185 1139 2239 prima
1169 2201 1348 2241 quaeque
1374 2186 1527 2237 avolat,
1550 2202 1627 2227 sae-

192 2239 372 2294 piusque
393 2238 593 2295 relinquit
610 2255 755 2281 causas
778 2240 1023 2295 poenitendi,
1046 2256 1173 2297 quam
1195 2242 1440 2284 recordandi
1452 2259 1464 2294 ;
1487 2243 1628 2298 itaque

194 2296 358 2337 beatior
379 2296 606 2338 Africanus
627 2311 723 2337 cum
745 2297 879 2352 patria
900 2297 972 2338 illo
994 2298 1123 2339 modo
1143 2298 1336 2354 loquens,

307 2374 430 2410 Desine
450 2375 556 2411 Roma
577 2385 649 2412 tuos
666 2376 770 2412 hostes
786 2392 798 2412 .·

198 2447 442 2503 reliquaque
462 2449 660 2503 praeclare
678 2465 690 2500 3

307 2530 463 2579 Namque
482 2529 542 2566 tihi
562 2539 770 2566 monumenta
790 2531 851 2567 mei
862 2541 1014 2581 peperere
1032 2530 1173 2567 labores.

201 2613 440 2654 Laboribus
460 2613 530 2654 hic
549 2615 772 2670 praeteritis
793 2614 953 2670 gaudet
972 2632 980 2656 ε
1012 2624 1059 2656 tu
1082 2615 1207 2671 jubes
1236 2617 1536 2672 voluptatibus.
1568 2617 1636 2658 hic

248 2732 285 2760 75
303 2724 473 2763 Simonides,
490 2732 540 2754 aut
561 2726 624 2766 quis
647 2724 736 2763 alius]
756 2725 819 2754 Ms.
834 2724 899 2754 Pal.
944 2725 1038 2755 binus
1063 2735 1118 2764 pro
1140 2725 1269 2766 vulgato
1285 2727 1479 2764 obruerentur,
1496 2730 1581 2768 quod
1599 2730 1640 2766 τῷ

208 2775 236 2798 1.
263 2779 301 2797 cm
328 2768 391 2809 quis
416 2767 504 2805 alius,
532 2770 617 2809 quod
644 2768 782 2807 praetulit
803 2769 900 2798 Davi·
938 2768 1047 2807 poterit
1070 2777 1135 2798 non
1159 2770 1319 2800 convenit.
1343 2779 1373 2801 et
1388 2772 1480 2801 sicin
1499 2773 1576 2802 Mss.
1594 2782 1638 2801 re-

205 2811 281 2840 sins.
945 2812 1022 2850 perit
1037 2811 1197 2842 Davisius.

250 2858 289 2888 76
300 2852 457 2884 si—obliv.
471 2852 634 2892 obruentur]
651 2854 701 2883 Sic
714 2854 794 2884 bene
809 2854 899 2883 Lam-

1624 1565 1721 1597 p.87.

1625 1611 1642 1631 a

1634 1659 1707 1696 106
