1778 3095
599 142 777 180 LIBER
811 141 1058 180 PRIMUS.
1475 145 1548 183 261

123 259 228 303 tens,
259 260 299 285 2⁸
317 260 530 307 tamquam
562 250 603 290 in
635 259 739 300 rate,
770 248 812 290 in
836 248 941 289 mari
969 248 1194 299 immenso,
1216 257 1357 290 nostra
1386 251 1678 300 vehiturp.1e4.

120 308 270 350 oratio.
329 308 413 349 Sed
447 307 537 347 haec
571 314 612 346 et
643 316 796 356 vetera,
817 314 860 346 et
888 320 913 345 a
944 304 1119 345 Graecis.
1182 303 1292 346 Cato
1322 315 1463 348 autem
1490 309 1587 350 sica·

119 364 222 406 abiit
253 380 276 405 e
307 366 402 413 vita,
421 372 468 404 ut
499 376 669 403 causam
702 360 907 402 moriendi
939 370 1108 402 nactum
1142 375 1186 401 se
1215 376 1306 402 esse
1330 363 1548 416 gauderet.

118 421 248 462 Vetat
267 421 374 461 enim
396 419 614 459 dominans
637 418 706 459 ille
728 418 768 458 in
791 417 912 458 nobis
934 417 1052 469 deus,
1074 416 1236 473 injussu
1258 417 1353 458 hinc
1375 432 1451 459 nos
1473 434 1549 462 suo
1563 437 1612 474 74

118 475 367 531 demigrare.
397 490 495 515 cum
527 488 621 516 vero
653 489 822 515 causam
852 474 1015 530 justam
1049 473 1153 515 deus
1184 474 1272 529 ipse
1300 473 1476 523 dederit,
1504 486 1550 517 ut

116 542 217 573 tunc
251 532 427 581 Socrati,
462 546 572 572 nunc
608 531 778 582 Catoni,
812 544 924 586 saepe
959 530 1136 571 multis:
1167 545 1231 571 nae
1267 529 1352 581 ille,
1386 532 1549 574 medius

116 588 250 637 fidius,
270 587 330 628 vir
360 587 539 643 sapiens,
561 588 682 628 laetus
715 601 766 627 ex
796 587 860 628 his
893 586 1075 627 tenebris
1104 586 1147 627 in
1176 586 1316 627 lucem
1339 587 1454 628 illam
1475 603 1548 629 ex-

113 644 305 684 cesserit:
336 659 411 684 nec
439 653 580 685 tamen
615 644 684 684 illa
714 644 848 684 vincla
877 643 1054 684 carceris
1086 643 1259 699 ruperit.
1289 643 1404 698 leges
1434 645 1546 686 enim

114 708 266 740 vetant.
298 700 370 741 sed
399 710 614 757 tamquam
647 715 670 740 a
701 700 967 755 magistratu,
995 708 1068 741 aut
1096 699 1148 740 ab
1171 699 1312 755 aliqua
1338 709 1546 755 potestate

109 755 312 809 legitima,
348 757 406 797 sic
442 773 466 797 a
499 758 579 798 deo
616 766 828 807 evocatus,
865 765 991 811 atque
1026 756 1218 806 emissus,
1256 756 1416 802 exierit.
1453 766 1545 798 tota

106 811 216 853 enim
249 812 598 868 philosophorum
631 814 728 863 vita,
749 822 798 854 ut
828 812 886 853 ait
914 812 1042 863 idem,
1061 813 1366 853 commentatio
1395 815 1543 855 mortis

106 876 183 908 est.
240 870 353 910 Nam
376 871 476 925 quid
499 871 612 911 aliud
631 870 812 924 agimus,
829 883 926 910 cum
949 883 974 909 a
992 868 1224 925 voluptate,
1244 869 1287 909 id
1306 879 1383 920 est,
1405 885 1429 910 a
1449 867 1621 914 cor-31

105 938 221 979 pore,
242 940 338 966 cum
360 941 384 966 a
404 941 447 966 re
469 927 676 976 familiari,
699 941 793 981 quae
819 934 881 966 est
910 925 1113 976 ministra,
1135 936 1178 966 et
1200 925 1357 966 famula
1388 941 1540 983 corpo·
1554 941 1602 979 75

105 981 173 1031 ris,
195 996 292 1022 cum
323 998 347 1023 a
379 983 609 1037 republica,
639 997 737 1023 cum
771 997 795 1023 a
827 981 1001 1037 negotio
1031 981 1147 1022 omni
1177 996 1421 1023 sevocamus
1451 984 1541 1025 ani-

106 1052 222 1078 mum
241 1040 253 1078 ?
286 1039 401 1094 quid,
422 1040 609 1095 inquam,
632 1049 722 1080 tum
753 1038 936 1095 agimus,
958 1039 1035 1079 nisi
1067 1039 1255 1079 animum
1282 1038 1334 1079 ad
1356 1040 1542 1094 seipsum

103 1093 370 1146 advocamus,
392 1110 535 1136 secum
568 1111 657 1136 esse
690 1097 900 1151 cogimuS,
922 1095 1189 1151 maximeque
1216 1109 1240 1135 a
1265 1109 1442 1150 corpore
1464 1098 1540 1137 ab·

105 1150 298 1192 ducimus
319 1153 331 1192 ?
365 1153 587 1193 Secernere
617 1163 757 1193 autem
788 1167 813 1193 a
843 1166 1019 1206 corpore
1038 1152 1241 1201 animum,
1264 1160 1304 1185 “29
1319 1166 1394 1192 nec
1415 1153 1540 1208 quid·

102 1221 227 1261 quam
249 1208 361 1248 aliud
381 1218 457 1259 est,
480 1224 605 1264 quam
638 1209 772 1250 emori
806 1208 980 1249 discere.
1013 1223 1140 1263 quare
1168 1207 1249 1248 hoc
1276 1219 1539 1250 commente-

104 1277 212 1314 mur,
234 1265 337 1304 mihi
368 1265 505 1315 crede,
528 1265 904 1320 disiungamusque
932 1279 1010 1305 nos
1039 1279 1064 1305 a
1094 1265 1359 1318 corporibus,
1389 1265 1430 1305 id
1461 1275 1538 1317 est,

101 1334 426 1361 consuescamus
459 1322 582 1362 mori.
641 1322 740 1362 Hoc
771 1330 828 1371 et,
850 1321 951 1361 dum
981 1321 1135 1361 erimus
1156 1322 1197 1361 in
1223 1322 1359 1371 terris,
1378 1321 1457 1362 erit
1478 1322 1540 1363 illi

100 1376 257 1416 caelesti
280 1377 372 1418 vitae
404 1377 538 1418 simile
556 1395 564 1418 ε
596 1387 652 1428 et,
674 1392 771 1418 cum
793 1377 892 1418 illuc
913 1392 963 1417 ex
985 1376 1049 1417 his
1068 1376 1242 1418 vinculis
1263 1377 1405 1418 emissi
1427 1378 1537 1419 fere·

101 1446 213 1482 mur,
236 1434 372 1473 minus
393 1434 627 1474 tardabitur
646 1448 791 1474 cursus
811 1434 1063 1474 animorum.
1092 1447 1187 1474 nam
1210 1435 1279 1488 qui
1302 1434 1344 1473 in
1365 1447 1539 1489 compe-

96 1486 218 1528 dibus
241 1490 428 1544 corporis
450 1504 613 1544 semper
633 1490 816 1540 fuerunt,
831 1490 956 1530 etiam
979 1504 1075 1530 cum
1097 1490 1224 1530 soluti
1246 1499 1357 1540 sunt,
1375 1491 1535 1533 tardius

95 1543 403 1599 ingrediuntur,
437 1554 486 1586 ut
515 1546 557 1595 ii,
591 1545 663 1601 qui
693 1547 804 1586 ferro
838 1545 963 1586 vincti
996 1545 1154 1586 multos
1183 1560 1315 1587 annos
1346 1546 1534 1588 fuerunt.

95 1614 180 1654 quo
211 1615 308 1641 cuin
341 1602 588 1652 venerimus,
612 1612 704 1643 tum
726 1602 908 1657 denique
930 1601 1127 1642 vivemus.
1186 1602 1299 1642 Nam
1325 1602 1415 1644 haec
1438 1605 1532 1659 qui-

94 1656 189 1697 dem
212 1657 296 1698 vita
314 1673 429 1698 mors
450 1668 539 1699 est:
572 1673 698 1714 quam
720 1657 941 1699 lamentari
963 1671 1148 1713 possem,
1170 1658 1203 1699 si
1223 1658 1387 1700 liberet.

147 1713 202 1754 A.
224 1720 265 1745 30
279 1715 388 1755 Satis
406 1714 575 1769 quidem
596 1724 644 1756 tu
665 1715 707 1756 in
728 1714 1016 1755 consolatione
1037 1729 1080 1755 es
1102 1714 1379 1757 lamentatus:
1400 1730 1526 1771 quam
1541 1723 1593 1766 76

94 1783 190 1810 cum
225 1770 339 1825 lego,
371 1771 473 1811 nihil
508 1771 637 1822 malo,
670 1785 797 1827 quam
830 1771 905 1811 has
936 1785 1001 1811 res
1033 1770 1267 1826 relinquere
1285 1787 1298 1822 3
1330 1771 1393 1812 his
1432 1787 1527 1814 vero
1541 1776 1572 1806 b·

89 1825 219 1866 modo
249 1827 572 1876 auditis,-multo
604 1828 756 1883 magis.
816 1828 882 1868 M.
904 1827 1058 1869 Veniet
1085 1837 1271 1882 tempus,
1293 1837 1335 1869 et
1356 1828 1526 1884 quidem

89 1881 296 1933 celeriter,
331 1893 374 1925 ct
393 1884 529 1924 msive
567 1884 826 1935 retractabis,
860 1884 943 1924 sive
981 1884 1238 1939 properabis.
1271 1884 1382 1925 volat
1414 1886 1526 1926 enim

92 1948 208 1979 aetas.
239 1947 278 1970 32
296 1949 460 1981 tantum
493 1949 634 1981 autem
665 1941 784 1981 abest
815 1941 886 1994 [ab
920 1941 1007 1994 eo],
1040 1950 1086 1981 ut
1118 1940 1277 1981 malum
1310 1956 1424 1982 mors
1458 1942 1526 1993 sit,

88 1994 204 2048 quod
237 1996 313 2037 tibi
345 1995 507 2036 dudum
539 1996 770 2047 videbatur,
806 2005 853 2037 ut
886 2011 1038 2046 verear,
1062 2010 1113 2037 ne
1145 1996 1307 2037 homini
1333 1997 1434 2038 nibil
1458 1999 1525 2048 sit,

85 2058 124 2082 ³³3
145 2066 228 2091 non
251 2052 410 2093 malum
431 2051 546 2093 aliud
565 2063 692 2103 certe,
715 2052 787 2093 sed
810 2052 913 2094 nihil
943 2054 1105 2094 bonum
1136 2053 1265 2105 aliud,
1286 2054 1428 2109 potius
1449 2071 1457 2095 :
1491 2055 1523 2095 si

85 2107 256 2163 quidem
278 2109 340 2149 vel
360 2108 415 2150 dii
437 2109 529 2164 ipsi,
552 2109 614 2149 vel
636 2123 735 2150 cum
757 2109 836 2150 diis
866 2109 996 2150 futuri
1027 2124 1186 2150 sumus.
1246 2111 1302 2151 A.
1324 2110 1440 2167 Quid
1461 2125 1526 2152 re,-

128 2269 167 2293 28
194 2270 342 2305 tamquam
369 2264 398 2292 in
425 2270 488 2292 rate
514 2264 543 2292 in
568 2275 606 2293 m.
631 2261 779 2303 immenso]

84 2306 165 2335 Dav.
181 2314 249 2345 post
264 2307 337 2336 Ald.
353 2313 383 2336 et
399 2307 506 2345 Steph.
520 2307 615 2336 edidit
632 2315 782 2348 tamqnam

84 2349 155 2378 ratis
172 2352 231 2378 ὅτε.
250 2350 292 2378 ita
307 2350 468 2379 venustior
483 2349 519 2378 fit
536 2350 643 2379 oratio.
661 2359 719 2379 nec
737 2357 778 2379 ta-

84 2401 158 2421 men
176 2392 324 2422 correctio
340 2399 386 2422 est
402 2392 569 2421 necessaria.

125 2441 164 2466 *29
181 2445 229 2464 nec
252 2434 408 2476 quidquam
431 2434 516 2463 aliud
535 2434 588 2473 est]
607 2436 626 2464 i.
644 2444 671 2464 e.
693 2444 777 2473 pror-

81 2486 133 2506 sus
151 2477 195 2507 nil
211 2477 297 2507 aliud
320 2485 376 2508 est.
421 2478 481 2508 Sed
505 2478 665 2507 Bentleius
682 2478 776 2506 inter-

81 2520 178 2558 pungi
201 2520 326 2550 volebat
348 2521 406 2556 sic,
424 2531 472 2549 nec
495 2520 654 2561 quidquam
680 2519 774 2556 aliud,

80 2569 121 2591 es!
147 2563 218 2591 mori
243 2563 357 2593 discere.
384 2573 449 2593 non
477 2563 571 2593 male.
618 2563 774 2592 Buherius

79 2603 184 2633 discere
213 2606 344 2644 putabat
371 2606 545 2636 delendum
583 2616 599 2635 e
636 2606 774 2635 Platonis

78 2646 234 2678 Phaedone
250 2659 280 2688 p.
295 2653 345 2679 64.
362 2654 413 2684 67.
457 2649 610 2679 Secernere
625 2656 671 2679 est
685 2658 772 2678 sevo-

79 2697 160 2718 care.

121 2737 161 2762 :30
176 2731 256 2761 Satis
268 2739 298 2762 tu
315 2733 442 2774 quidem]
462 2735 513 2764 Sic
526 2735 596 2765 edd.
611 2740 685 2764 vett.
702 2743 772 2764 om-

80 2783 134 2804 nes
150 2780 180 2803 et
195 2774 258 2805 Ms.
275 2776 381 2806 Guelf.
426 2777 542 2816 Vulgg.
565 2777 635 2806 satis
658 2776 772 2819 quidem

81 2824 123 2846 tu.
139 2816 217 2846 illud
234 2818 358 2849 melius.

121 2866 157 2889 'dl
178 2859 240 2888 sive
263 2860 431 2891 retractabis
455 2860 518 2891 sive
537 2861 719 2904 properabis]
739 2862 771 2892 Si

826 2265 996 2294 retractabis
1018 2274 1130 2294 verum
1155 2273 1212 2301 est,
1239 2266 1322 2296 idem
1349 2274 1407 2303 est,
1435 2270 1521 2307 quod

825 2308 898 2336 alibi
926 2309 958 2337 in
983 2309 1031 2337 his
1056 2308 1140 2337 libris
1166 2310 1416 2347 tergizversabem
1441 2320 1521 2340 cun-

824 2351 958 2379 ctabere.
989 2360 1060 2380 eam
1091 2350 1260 2381 lectionem
1291 2354 1392 2391 prima
1425 2354 1519 2384 habet

823 2394 870 2422 ed.
888 2393 968 2422 Ven.
987 2400 1056 2432 post
1072 2394 1155 2423 hanc
1171 2395 1315 2425 Juntina.
1338 2396 1408 2425 alIae
1427 2404 1519 2425 retar-

822 2434 915 2469 dabis,
940 2443 974 2465 ut
998 2443 1028 2465 et
1053 2436 1116 2465 Ms.
1142 2437 1248 2466 Guelf.
1270 2439 1355 2476 quod
1380 2439 1519 2470 defendit

822 2478 1049 2517 VVopkensius,
1077 2487 1113 2508 ut
1137 2486 1167 2508 et
1186 2481 1354 2519 prsperabis
1374 2491 1430 2521 pro
1453 2492 1518 2521 quo

822 2521 980 2551 Bentleius
999 2521 1136 2552 malebat
1146 2522 1274 2561 parchis.

863 2570 901 2594 32
920 2572 1032 2593 tantum
1047 2577 1075 2594 a.
1092 2565 1170 2594 abest
1185 2565 1222 2594 ab
1237 2565 1279 2604 eo]
1299 2564 1335 2593 ab
1359 2577 1387 2594 eo
1409 2566 1517 2597 delen—

817 2607 897 2636 dum
928 2615 1023 2647 puto:
1056 2617 1239 2647 numquam
1268 2608 1341 2638 alibi
1373 2611 1515 2641 additum

817 2659 925 2688 reperi.

860 2698 898 2722 :353
923 2704 976 2722 non
1000 2692 1108 2722 malum
1131 2692 1216 2722 aliud
1237 2700 1323 2730 certe,
1345 2694 1393 2723 scd
1415 2694 1513 2724 bonum

816 2734 911 2771 aliud,
931 2734 1045 2776 potius]
1073 2736 1144 2766 Hoc
1169 2747 1234 2766 non
1259 2738 1359 2775 capio,
1385 2747 1443 2766 nec
1468 2740 1515 2767 in-

815 2785 1000 2818 corruptum
1018 2787 1104 2819 puto.
1151 2779 1214 2809 ΜΞ.
1232 2780 1339 2809 Guelf.
1357 2781 1451 2808 habet
1467 2780 1516 2808 sai

815 2821 892 2849 nihil
915 2821 1016 2851 bonum
1040 2821 1124 2851 aliud
1138 2823 1235 2861 potin:
1259 2830 1294 2851 ut
1316 2830 1345 2852 et
1366 2823 1513 2852 Dfflsisiku

815 2864 921 2894 edidit.

825 2918 843 2943 ⁵
866 2918 889 2959 3
