1778 3095
288 155 368 189 528
736 150 815 189 DE
849 150 1276 191 DIVINATIONE

284 257 384 298 tatis
405 252 550 314 signis,
570 255 646 298 sed
673 256 952 300 concitatione
980 258 1160 314 quadam
1191 257 1333 307 animi,
1354 264 1428 298 aut
1448 258 1589 300 soluto
1609 259 1716 301 libe-

284 325 416 370 roque
435 321 556 356 motu
577 313 718 354 futura
736 315 1033 369 praesentiunt:
1069 314 1199 371 (quod
1219 324 1262 356 et
1282 315 1586 356 somniantibus
1606 330 1718 372 saepe

282 371 509 427 contingit,
532 380 577 410 et
594 383 911 427 nonnumquam
932 371 1252 412 vaticinantibus
1281 385 1355 426 per
1385 370 1587 423 furorem)
1614 379 1653 406 ⁵9
1670 380 1717 414 ut

281 424 406 469 Bacis
438 425 645 477 Boeotius,
677 436 726 468 ut
755 427 1025 483 Epimenides
1059 428 1176 478 Cres,
1208 438 1256 468 ut
1286 427 1449 484 Sibylla
1479 427 1715 484 Erythraea.

284 482 422 539 Cujus
459 483 624 538 generis
658 485 829 525 oracula
864 484 991 525 etiarn
1025 483 1218 525 habenda
1255 493 1364 533 sunt,
1400 498 1484 524 non
1522 498 1584 534 ea,
1621 499 1717 539 quae

282 546 324 572 60
338 540 513 596 aequatis
541 540 723 581 sortibus
751 540 979 590 ducuntur,
1001 540 1074 580 sed
1101 540 1187 590 illa,
1217 555 1310 595 quae
1342 540 1545 580 instinctu
1576 539 1716 582 divino

282 595 508 653 afflatuque
528 596 773 638 funduntur.
804 597 882 637 etsi
908 597 1000 651 ipsa
1029 611 1118 636 sors
1148 596 1454 637 contemnenda
1476 611 1560 636 non
1581 605 1660 647 est,
1681 598 1716 638 si

281 661 324 693 et
355 653 652 694 auctoritatem
686 653 813 693 habet
844 652 1077 702 vetustatis,
1106 661 1153 692 ut
1180 666 1241 692 eae
1271 662 1368 694 sunt
1396 662 1543 702 sortes,
1564 667 1667 708 quas
1692 667 1716 694 e

279 716 391 750 terra
421 709 553 750 editas
582 709 846 764 accepimus:
876 723 971 764 quae
999 716 1139 748 tamen
1165 707 1303 748 ductae
1323 719 1371 750 ut
1390 716 1425 740 61
1447 709 1487 749 in
1509 723 1595 749 rem
1618 717 1717 764 apte

279 765 446 817 cadant,
468 765 555 806 fieri
583 765 711 806 credo
738 779 862 819 posse
891 764 1098 804 divinitus.
1158 765 1352 819 Quorum
1375 765 1565 805 omnium
1585 765 1715 806 inter-

278 831 434 877 pretes,
460 830 508 862 ut
539 820 817 862 Grammatici
846 825 1082 875 poetarum,
1112 819 1302 875 proxime
1332 820 1385 860 ad
1413 835 1575 872 eorum,
1606 836 1715 877 quos

215 882 264 916 35
278 879 618 933 interpretantur,
635 877 931 918 divinationem
954 875 1145 917 videntur
1166 876 1379 917 accedere.
1420 878 1526 932 Quae
1549 888 1612 919 est
1632 877 1715 933 igi-

277 944 348 975 tur
376 934 457 975 ista
485 933 706 985 calliditas,
729 948 793 974 res
823 942 1029 974 vetustate
1059 933 1252 974 robustas
1283 933 1579 974 calumniando
1608 934 1713 975 velle

275 991 531 1055 pervertere?
565 996 604 1021 62
615 991 717 1031 Non
738 990 901 1045 reperio
921 1004 1104 1030 causam.
1136 989 1239 1030 latet
1260 989 1437 1030 fortasse
1456 987 1714 1031 obscuritate

274 1046 461 1088 mvoluta
477 1055 653 1087 naturae.
683 1061 767 1088 non
784 1047 894 1086 enim
914 1061 983 1086 me
1000 1046 1102 1087 deus
1120 1045 1199 1086 ista
1216 1046 1333 1096 scire,
1351 1045 1422 1086 sed
1443 1045 1507 1086 his
1526 1054 1711 1087 tantum-

274 1102 406 1144 modo
426 1103 488 1143 uti
507 1103 653 1144 voluit.
712 1104 820 1144 Utar
840 1102 985 1157 igitur,
1007 1109 1045 1133 68
1064 1116 1138 1142 nec
1161 1101 1359 1152 adducar,
1381 1110 1429 1142 ut
1449 1116 1553 1152 rear,
1575 1111 1648 1143 aut
1668 1102 1712 1144 in

274 1159 380 1200 extis
401 1167 533 1200 totam
556 1159 768 1200 Etruriam
786 1159 976 1209 delirare,
993 1168 1065 1200 aut
1081 1158 1256 1199 eandem
1277 1166 1449 1213 gentem
1469 1159 1510 1199 in
1533 1159 1714 1213 fulguri-

273 1216 354 1256 bus
373 1230 522 1265 errare,
537 1224 611 1257 aut
627 1215 829 1256 fallaciter
844 1223 1038 1270 portenta
1057 1215 1333 1270 interpretari,
1345 1229 1444 1255 cum
1461 1224 1581 1255 terrae
1597 1229 1711 1269 saepe

275 1272 482 1322 fremitus,
503 1286 615 1327 saepe
637 1272 839 1327 mugitus,
862 1285 972 1326 saepe
998 1280 1140 1312 motus
1170 1271 1306 1311 multa
1337 1279 1489 1311 nostrae
1512 1271 1711 1326 reipubli-

167 1347 198 1378 p.
214 1343 352 1379 nacae,
386 1328 523 1369 multa
557 1328 706 1369 ceteris
747 1327 982 1369 civitatibus
1021 1327 1176 1382 gravia,
1213 1336 1256 1368 et
1296 1342 1390 1368 vera
1427 1326 1709 1382 praedixerint.

233 1384 418 1441 ²·Quid?
449 1391 488 1416 64
503 1384 575 1440 qui
603 1384 812 1435 irridetur,
834 1392 977 1440 partus
1009 1383 1077 1425 bic
1106 1384 1247 1434 mulae,
1274 1398 1426 1435 nonne,
1457 1384 1556 1440 quia
1585 1384 1710 1425 faetus

210 1423 414 1482 36extitit
434 1441 476 1482 in
497 1441 717 1483 sterilitate
738 1450 912 1491 naturae,
928 1440 1153 1496 praedictus
1175 1450 1240 1481 est
1258 1440 1310 1480 ab
1333 1440 1622 1496 haruspicibus
1643 1440 1710 1480 in-

270 1497 482 1539 credibilis
510 1507 656 1554 partus
686 1497 924 1538 malorum?
957 1497 1103 1554 Quid?
1135 1497 1201 1538 Ti.
1224 1497 1458 1547 Gracchus,
1489 1498 1533 1537 P.
1561 1498 1607 1537 F.
1635 1497 1708 1552 qui

270 1554 335 1595 bis
357 1554 505 1596 consul
532 1563 575 1595 et
603 1569 752 1595 censor
779 1553 873 1603 fuit,
894 1553 1091 1609 idemque
1118 1561 1162 1594 et
1193 1568 1384 1594 summus
1412 1568 1563 1608 augur,
1584 1561 1626 1593 et
1646 1553 1707 1594 vir

269 1611 449 1666 sapiens,
481 1611 664 1667 civisque
695 1619 926 1666 praestans;
970 1625 1108 1651 nonne
1144 1612 1208 1663 (ut
1240 1610 1291 1650 C.
1331 1610 1564 1659 Gracchus,
1596 1609 1707 1650 filius

268 1667 375 1723 ejus,
398 1667 601 1722 scriptum
621 1667 804 1723 reliquit)
822 1666 986 1707 duobus
1007 1667 1217 1721 anguibus
1238 1666 1354 1706 domi
1375 1665 1705 1720 comprehensis,

268 1723 512 1778 haruspices
546 1724 789 1764 convocavit
807 1725 820 1763 ?
862 1723 933 1778 qui
973 1738 1070 1763 cum
1111 1722 1434 1776 respondissent,
1469 1722 1503 1761 si
1541 1736 1703 1763 marem

267 1779 487 1830 emisisset,
508 1780 629 1821 uxori
647 1779 760 1820 brevi
781 1788 972 1834 tempore
993 1793 1083 1819 esse
1103 1778 1366 1819 moriendum
1387 1794 1398 1828 3
1421 1778 1454 1818 si
1474 1777 1702 1829 faeminam,

266 1835 372 1892 ipsi:
406 1836 567 1892 aequius
596 1849 686 1876 esse
715 1836 891 1885 censuit,
913 1841 951 1867 65
967 1850 1010 1876 se
1041 1844 1249 1875 maturam
1280 1843 1477 1889 oppetere
1505 1843 1702 1885 mortem,

266 1907 394 1948 quam
417 1893 462 1933 P.
481 1892 671 1933 Africani
693 1892 819 1932 filiam
840 1887 1165 1932 adolescentem.
1186 1891 1398 1931 faeminam
1421 1891 1584 1932 emisit:
1611 1891 1702 1947 ipse

188 1949 409 2009 19paucis
430 1957 527 2004 post
547 1948 695 1990 diebus
716 1957 779 1989 est
799 1956 1007 1990 mortuus.
1058 1947 1313 1990 Irrideamus
1333 1947 1573 2003 haruspices
1591 1964 1600 1988 ε
1632 1962 1701 1988 va-

266 2020 358 2056 nOS,
377 2005 519 2046 futiles
540 2019 631 2046 esse
651 2004 840 2046 dicamus
857 2021 866 2046 ε
906 2019 1172 2061 quorumque
1193 2003 1454 2059 disciplinam
1477 2013 1519 2045 et
1539 2003 1701 2059 sapien-

266 2061 453 2103 tissimus
474 2061 547 2113 vir,
568 2070 612 2103 et
642 2068 828 2113 eventus,
857 2076 905 2102 ac
935 2076 1005 2102 res·
1029 2061 1333 2116 comprobavit,
1354 2069 1671 2102 contemnamus
1687 2077 1702 2114 :—

265 2126 585 2159 contemnamus
614 2115 741 2160 etiam
769 2117 1042 2175 Babylonios,
1063 2127 1107 2159 et
1134 2132 1222 2168 eos,
1243 2117 1317 2173 qui
1343 2131 1366 2157 e
1394 2117 1586 2158 Caucaso
1606 2116 1703 2158 caeli·

265 2174 386 2232 signa
405 2183 625 2226 servantes,
647 2181 686 2207 ⁶6
704 2175 887 2216 numeris
919 2183 961 2216 et
990 2175 1178 2216 motibus
1204 2173 1417 2215 stellarum
1439 2188 1584 2215 cursus
1602 2187 1697 2229 per-

308 2332 351 2358 39
370 2332 404 2354 ut
418 2324 507 2355 Bacis
522 2324 650 2355 Boeotius
666 2323 740 2365 δια]
758 2325 837 2356 Haec
854 2326 961 2356 cohae-

264 2374 333 2398 rent
348 2378 424 2399 cum
434 2368 637 2408 praesemiunt.
655 2369 759 2408 itaque
776 2369 960 2399 intermedia

262 2411 295 2441 in
311 2411 490 2450 parenthesi
504 2412 685 2450 accipienda
702 2419 787 2442 sunt.

307 2458 347 2485 60
370 2454 492 2495 equatis
508 2454 644 2494 sortibus]
662 2464 693 2485 v.
709 2454 797 2485 Clav.
814 2455 845 2483 in
862 2465 929 2484 sors.

306 2501 343 2526 61
369 2497 398 2525 in
415 2508 473 2525 rem
489 2503 555 2536 apte
569 2495 690 2537 cadant]
708 2497 760 2527 Sc.
776 2504 811 2527 ut
826 2504 956 2526 eventus

261 2540 456 2577 respondeat.

306 2586 345 2611 62
370 2582 435 2610 Non
457 2581 564 2620 reperio
585 2581 713 2620 causam]
732 2583 786 2612 Est
804 2582 957 2620 objicien-

262 2623 317 2654 tis.
335 2625 367 2654 in
387 2624 474 2652 Latet
490 2625 549 2653 &e.
565 2631 611 2654 est
627 2625 796 2662 responsio.

306 2671 345 2697 63
368 2677 418 2695 nec
432 2664 575 2706 adducar]
593 2666 644 2696 Sic
661 2667 723 2697 Ms.
738 2667 844 2696 Guelf.
861 2672 890 2695 et
902 2666 954 2695 alii

261 2710 346 2749 apud
361 2709 542 2745 Davisium,
559 2718 624 2739 non
641 2716 676 2738 ut
692 2709 789 2748 vulgo
805 2716 850 2739 est
865 2708 955 2737 abdu-

261 2763 334 2790 ear3
351 2753 441 2791 quod?
452 2759 498 2782 est
513 2751 668 2789 alienum,
684 2759 719 2782 ut
735 2753 810 2782 vidit
826 2752 952 2782 Lambi-

259 2805 332 2825 nus.

303 2842 342 2867 64
367 2837 417 2878 qui
438 2836 577 2866 irrIdetur
592 2843 697 2876 partus
712 2837 758 2865 hic
773 2836 859 2865 mulae
876 2835 949 2875 &C.]

260 2880 367 2911 Oratio
380 2890 445 2911 non
461 2886 594 2912 constat.
610 2890 687 2911 nam
702 2879 784 2911 nihil
796 2888 853 2918 est,
867 2881 952 2919 quod

1002 2325 1092 2361 huic,
1109 2325 1159 2366 qui
1183 2325 1323 2355 irridetur
1339 2331 1443 2364 partus
1463 2325 1491 2355 h.
1507 2336 1547 2354 m.
1569 2334 1696 2364 respon-

1002 2369 1083 2398 deat.
1107 2369 1167 2399 Sed
1183 2368 1263 2398 nihil
1280 2369 1349 2399 libri
1365 2369 1516 2406 adju-sant
1531 2368 1695 2398 correctio-

1000 2421 1088 2442 nem.

1044 2459 1083 2485 65
1107 2464 1135 2482 se
1154 2460 1298 2482 maturam
1313 2460 1375 2492 opp.
1392 2451 1520 2491 mortem]
1547 2453 1699 2483 Davisius-

1001 2497 1125 2535 corrigit
1146 2504 1302 2532 maturum,
1324 2503 1359 2526 ut
1381 2497 1530 2526 referatur
1551 2497 1590 2526 ad
1605 2507 1645 2533 se,
1659 2505 1694 2527 se

1001 2546 1165 2569 maturum
1181 2548 1225 2568 sc.
1241 2540 1347 2574 morti,
1364 2548 1428 2568 non
1445 2540 1483 2569 ad
1499 2547 1626 2569 mortem.
1649 2539 1693 2568 ita

998 2582 1168 2620 opponitur
1178 2581 1241 2619 ipse
1254 2589 1381 2610 maturus
1394 2589 1424 2611 et
1436 2592 1514 2612 uxor
1526 2581 1692 2612 adolescens.

998 2624 1117 2654 Verum
1136 2630 1223 2662 puto.

1041 2671 1082 2696 66
1105 2666 1228 2695 numeris
1253 2673 1281 2695 et
1306 2664 1686 2707 motibus—persequamur]

998 2709 1095 2739 Recte
1109 2710 1224 2748 quaerit
1238 2710 1398 2744 Davisius,
1416 2710 1578 2748 quomodo
1594 2719 1696 2738 cursus*

995 2759 1023 2781 e!
1035 2759 1123 2780 motus
1135 2752 1283 2781 stolarum
1293 2752 1426 2793 persequi
1439 2752 1556 2781 motibus
1567 2752 1690 2782 dicatur

996 2801 1026 2824 et
1044 2795 1121 2834 quid
1143 2795 1205 2825 sit?
1229 2795 1312 2825 delet
1326 2804 1371 2826 sc.
1387 2802 1415 2825 et
1427 2794 1558 2833 motibus,
1574 2801 1604 2825 et
1618 2800 1692 2834 post

995 2848 1092 2868 cursus
1106 2838 1233 2869 addite!
1248 2845 1347 2869 motus.
