1778 3095
238 172 315 205 418
616 170 692 206 DE
722 169 990 208 NATURA
1019 170 1281 210 DEORUM

239 275 361 316 Nihil
381 276 591 332 equidem,
611 277 763 332 inquis,
782 287 829 320 ut
848 279 1050 321 rationem
1080 281 1171 322 vitae
1201 281 1350 330 beatae,
1367 280 1666 338 veritatemque

240 330 444 374 deseram.
508 335 594 374 Ista
625 334 754 389 igitur
782 345 842 376 est
873 337 1051 377 veritas?
1085 339 1198 379 Nam
1229 337 1280 378 de
1311 337 1394 378 vita
1422 338 1545 379 beata
1563 339 1665 381 nihil

240 402 435 444 repugno
455 406 463 430 :
495 405 620 445 quam
644 400 690 431 tu
711 406 760 431 ne
782 392 821 432 in
843 392 922 433 deo
945 393 1113 449 quidem
1144 409 1234 435 esse
1265 409 1421 445 censes,
1444 394 1521 435 nisi
1543 394 1666 449 plane

240 446 329 486 otio
353 446 565 500 langueat.
625 447 705 488 Sed
735 449 808 489 ubi
838 458 898 489 cst
930 450 1104 490 veritas?
1139 453 1185 491 In
1217 449 1398 499 mundis,
1429 450 1569 500 eredo,
1601 451 1663 492 in-

240 502 581 553 numerabilibus,
620 505 816 545 omnibus
853 506 1034 546 minimis
1078 515 1312 562 temporum
1356 507 1536 562 punctis,
1575 507 1667 548 aliis

240 558 520 609 nascentibus,
552 559 642 600 aliis
678 560 946 602 cadentibus:
979 577 1030 602 an
1067 563 1107 603 in
1136 564 1355 604 individuis
1391 564 1665 619 corpusculis,

239 623 324 654 tam
347 615 545 669 praeclara
565 631 705 671 opera,
738 617 851 657 nulla
882 618 1124 659 moderante
1156 630 1317 670 natura,
1348 620 1461 661 nulla
1490 620 1666 670 ratione,

241 670 521 725 fingentibus?
554 673 637 714 Sed
658 673 816 714 oblitus
835 674 1090 714 liberalitatis
1118 691 1236 726 meae,
1258 692 1341 731 qua
1362 686 1501 717 tecum
1524 676 1667 731 paullo

239 737 334 768 ante
365 729 426 769 uti
456 744 680 784 coeperam,
719 736 757 763 96
771 729 891 784 plura
922 731 1194 785 complector.
1255 732 1495 774 Concedam
1525 733 1669 788 igitur,

239 798 290 824 ex
310 783 531 825 individuis
560 795 749 826 constare
780 787 934 826 onmia.
993 787 1107 843 Quid
1131 787 1183 828 ad
1207 803 1295 828 rem
1315 791 1328 829 ?
1360 789 1533 830 deorum
1556 789 1667 830 enim

178 842 229 879 68
243 851 390 881 natura
411 842 624 896 quaeritur.
685 841 777 882 Sint
806 857 903 883 sane
933 858 982 883 ex
1012 844 1177 884 atomis.
1195 852 1231 880 97
1248 859 1331 885 non
1360 845 1489 900 igitur
1510 845 1668 886 aeterni.

243 905 282 932 98
298 898 395 952 quia
415 897 525 937 enim
548 912 598 937 ex
618 898 768 938 atomis
791 898 857 949 sit,
879 899 919 939 id
943 909 1084 940 natum
1108 900 1332 956 aliquando
1351 901 1416 941 sit.
1448 902 1491 942 Si
1507 912 1668 953 natum,

134 953 346 995 P·¹⁵·nulli
367 953 423 994 dii
447 963 557 1004 ante,
591 969 716 1010 quam
748 956 846 996 nati.
885 965 927 996 et
956 956 989 996 si
1020 966 1136 997 ortus
1169 967 1232 998 est
1265 957 1457 1007 deorum,
1479 958 1669 999 interitus

202 1004 229 1025 ἃ·
241 1011 309 1061 sit,
331 1024 497 1051 necesse
518 1020 594 1060 est,
616 1021 663 1052 ut
686 1020 732 1051 tu
751 1012 894 1066 paullo
926 1022 1021 1054 ante
1050 1013 1101 1054 de
1132 1013 1314 1055 Platonis
1346 1014 1508 1055 mundo
1527 1014 1670 1070 dispu-

240 1067 372 1108 tabas.
434 1067 520 1107 'Ubi
541 1068 670 1122 igitur
689 1067 792 1108 illud
822 1079 1002 1110 vestrum
1035 1071 1203 1111 beatum
1237 1080 1279 1111 et
1309 1072 1543 1112 aetermun?
1577 1071 1669 1126 qui-

239 1124 317 1165 bus
338 1123 503 1164 duobus
524 1124 657 1164 verbis
679 1124 919 1179 significatis
943 1126 1066 1167 deun]
1087 1144 1095 1168 :
1128 1126 1243 1182 quod
1274 1142 1372 1168 cum
1401 1127 1562 1168 efficere
1580 1127 1672 1168 vul-

239 1181 308 1231 tis,
343 1181 437 1221 99in
474 1180 645 1221 dumeta
680 1182 908 1237 correpitis.
946 1183 1004 1223 ita
1035 1183 1145 1224 enim
1186 1183 1368 1234 dicebas,
1404 1198 1486 1224 non
1518 1198 1670 1238 corpus

238 1251 328 1278 esse
359 1238 401 1278 in
437 1237 530 1287 deo,
563 1237 635 1277 sed
668 1238 787 1292 quasi
823 1253 1002 1294 corpus;
1035 1254 1110 1280 nec
1148 1240 1411 1294 sanguinem,
1445 1240 1519 1281 sed
1552 1240 1672 1296 quasi

156 1289 225 1337 25
240 1293 502 1349 sanguinem.
563 1295 660 1334 Hoc
681 1308 865 1350 persaepe
886 1296 1037 1346 facitis,
1058 1306 1105 1336 ut
1129 1310 1226 1336 cum
1248 1296 1407 1351 aliquid
1427 1311 1510 1336 non
1531 1296 1671 1337 verisi-

175 1358 227 1405 69
240 1350 340 1391 mile
369 1350 532 1400 dicatis,
562 1359 604 1390 et
635 1351 819 1405 effugere
850 1352 1215 1406 reprehensionem
1246 1352 1393 1402 velitis,
1420 1361 1479 1384 100
1492 1352 1672 1393 afferatis

237 1406 412 1462 aliquid,
435 1407 551 1462 quod
573 1407 747 1447 omnino
769 1423 819 1448 ne
841 1408 929 1449 fieri
948 1409 1119 1464 quidem
1140 1409 1296 1464 possit:
1328 1418 1376 1450 ut
1397 1409 1525 1450 satius
1545 1408 1671 1450 fuerit

236 1463 344 1504 illud
366 1463 520 1519 ipsum,
541 1463 593 1504 de
612 1478 697 1519 quo
716 1465 1027 1520 ambigebatur,
1056 1465 1299 1515 concedere,
1329 1481 1456 1521 quam
1482 1475 1568 1506 tam
1591 1466 1671 1506 im-

235 1519 442 1575 pudenter
481 1520 695 1560 resistere:
727 1521 839 1562 velut
871 1523 1092 1577 Epicurus,
1130 1537 1226 1563 cum
1267 1521 1438 1572 videret,
1471 1522 1505 1563 si
1543 1521 1674 1563 atomi

235 1577 442 1618 ferrentur
460 1577 500 1617 in
522 1577 662 1617 locum
693 1576 932 1619 inferiorem
964 1588 1115 1634 suopte
1145 1578 1344 1633 pondere,
1375 1579 1480 1619 nihil
1509 1579 1600 1619 fore
1629 1579 1670 1620 in

236 1642 379 1674 nostra
399 1641 622 1688 potestate,
642 1633 756 1688 quod
785 1644 895 1675 esset
921 1650 1063 1676 earum
1095 1644 1235 1675 motus
1258 1645 1396 1676 certus
1417 1644 1460 1676 et
1480 1649 1672 1676 necessa-

236 1689 321 1731 rius
340 1706 349 1738 ;
381 1690 549 1740 invenit,
571 1704 656 1744 quo
677 1690 807 1731 modo
831 1692 1123 1732 necessitatem
1153 1691 1372 1746 effugeret,
1393 1691 1509 1746 quod
1529 1690 1676 1733 videli-

237 1755 306 1787 cet
324 1746 623 1787 Democritum
651 1746 833 1800 fugerat.
860 1748 918 1788 ait
948 1757 1154 1798 atomum,
1182 1762 1280 1788 cum
1301 1748 1489 1803 pondere
1509 1756 1552 1789 et
1572 1762 1670 1803 gra-

175 1809 226 1850 70
237 1803 363 1844 vitate
390 1802 579 1843 ldirecto
600 1802 795 1843 deorsum
823 1804 991 1855 feratur,
1020 1804 1230 1845 declinare
1260 1804 1513 1858 paullulum.
1572 1805 1672 1846 Hoc

236 1859 374 1901 dicere
396 1859 558 1914 turpius
581 1868 659 1909 est,
681 1874 808 1914 quam
832 1860 951 1911 illud,
978 1860 1092 1916 quod
1123 1860 1224 1910 vult,
1257 1875 1341 1901 non
1371 1875 1494 1916 posse
1525 1860 1672 1902 defen-

236 1915 347 1957 dere.
409 1915 527 1956 Idem
561 1915 662 1958 facit
690 1924 837 1957 contra
872 1917 1142 1958 dialecticos:
1175 1931 1199 1957 a
1229 1916 1381 1972 quibus
1412 1931 1510 1958 cum
1541 1917 1672 1961 tradi-

235 1981 327 2015 tum
349 1972 417 2023 sit,
442 1973 516 2012 2in
539 1972 735 2013 omnibus
755 1972 1124 2029 disjunctionibus,
1154 1973 1196 2014 in
1227 1973 1396 2028 quibus,
1427 1980 1499 2015 aut
1529 1973 1669 2026 etiam,

236 2036 308 2070 aut
334 2044 425 2080 mm,
454 2039 695 2084 poneretur,
732 2029 980 2071 alterutrum
1011 2045 1153 2071 verum
1188 2044 1308 2071 esse:
1340 2029 1571 2085 pertimuit,
1602 2044 1669 2082 ne,

236 2086 271 2127 si
302 2100 546 2127 concessum
583 2093 692 2126 esset
726 2085 972 2142 hujusmodi
1004 2086 1177 2143 aliquid,
1208 2086 1300 2127 Aut
1329 2087 1436 2128 vivet
1464 2101 1570 2138 craS,
1598 2096 1672 2138 aut

237 2158 321 2184 non
356 2142 462 2184 vivet
490 2142 712 2197 EpicuruS,
747 2143 995 2184 alterutrum
1031 2143 1145 2184 fieret
1179 2143 1485 2185 necessarium:
1531 2152 1670 2184 totum

236 2198 334 2250 hoc,
375 2210 449 2240 aut
486 2199 612 2240 etiam
651 2208 724 2239 aut
758 2214 855 2250 non,
892 2199 1060 2256 negavit
1093 2214 1183 2240 esse
1216 2200 1512 2241 necessarium.
1570 2200 1671 2256 Quo

235 2256 337 2312 quid
359 2256 442 2296 dici
461 2265 602 2311 potest
617 2255 808 2296 obtusius
825 2257 838 2296 ?
875 2257 1070 2312 Urgebat
1086 2256 1297 2297 Arcesilas
1319 2257 1551 2306 Zenonem,
1571 2270 1669 2297 cum

235 2313 324 2368 ipse
363 2312 468 2353 falsa
506 2313 649 2353 omnia
686 2312 858 2363 diceret,
893 2328 987 2369 quae
1025 2313 1213 2353 sensibus
1241 2311 1503 2353 viderentur:
1551 2313 1671 2354 Zeno

235 2378 392 2421 autem,
413 2369 613 2410 nonnulla
632 2369 717 2409 visa
736 2384 826 2410 esse
847 2370 965 2421 falsa,
984 2385 1066 2410 non
1085 2369 1239 2410 omnia.
1269 2368 1430 2409 Timuit
1449 2368 1671 2425 Epicurus,

280 2509 320 2537 96
338 2504 430 2543 plura
446 2503 628 2544 complector]
655 2504 748 2534 Plura
770 2511 870 2534 vestra
888 2514 933 2534 re·
1022 2510 1082 2534 100
1103 2501 1236 2542 afflrntis
1251 2500 1380 2543 aliquid]
1393 2502 1444 2532 Sic
1456 2502 1535 2533 Mss.
1553 2503 1670 2542 plures,

250 2556 321 2576 icio.

232 2556 244 2585 J
280 2595 317 2624 97
344 2600 396 2619 non
427 2589 520 2629 igitur
549 2588 665 2627 aeterni]
707 2590 757 2618 Sc.
797 2589 848 2618 Dii
889 2588 932 2618 illi

236 2633 342 2662 vestri.

281 2683 319 2708 98
345 2675 413 2716 quia
448 2674 522 2703 enim
560 2685 595 2703 ex
631 2674 732 2703 atomis
769 2672 823 2713 sit]
863 2673 933 2703 HOC

236 2728 348 2748 verum
372 2727 439 2747 esse
466 2727 531 2746 non
558 2724 669 2756 potest.
693 2724 770 2756 puto
796 2717 934 2746 scriben-

236 2762 315 2791 dum
333 2761 408 2803 qnod
422 2760 495 2788 enim
519 2771 554 2788 cx
577 2760 678 2788 atomis
701 2760 751 2796 sit,
776 2766 811 2789 ut
833 2767 878 2789 est
903 2760 933 2789 in

236 2806 286 2834 ed.
304 2805 414 2834 Lamb.
432 2803 479 2833 vel
494 2803 636 2844 quidquid
650 2815 685 2831 ex
700 2803 791 2841 a.fit.

282 2855 321 2880 99
346 2848 376 2876 in
391 2847 506 2876 dumeta
529 2844 691 2885 corre-pitis]
712 2846 761 2875 Ad
784 2845 934 2875 obscuras

236 2897 267 2920 et
285 2891 392 2920 inanes
409 2890 625 2919 distinctiones
639 2889 820 2929 confugitis.

976 2547 1072 2575 etiam
1103 2545 1210 2575 Guelf.
1242 2551 1272 2574 et
1300 2546 1369 2574 edd.
1400 2552 1475 2575 vett.
1510 2547 1670 2586 quaedam.

975 2588 1072 2626 vulgo
1088 2589 1210 2617 editum
1225 2594 1271 2617 est
1285 2588 1422 2628 effluatis.

1024 2639 1035 2660 1
1071 2631 1176 2660 directo
1212 2629 1355 2670 deorsum]
1394 2631 1541 2661 Davisius
1576 2631 1674 2662 edidit

978 2673 1088 2702 directa
1111 2673 1222 2702 deorsus
1237 2683 1253 2702 e
1275 2673 1353 2703 MSS.
1376 2674 1492 2713 quibus
1516 2675 1672 2704 consentit

979 2716 1084 2745 Guelf.
1131 2716 1307 2755 Vulgatum
1344 2726 1434 2756 aeque
1469 2717 1606 2753 bonum,
1643 2724 1674 2747 et

979 2758 1084 2787 directo
1100 2767 1145 2789 est
1162 2759 1305 2789 Ciceroni
1323 2761 1486 2790 usitatum.

1020 2809 1038 2832 2
1056 2802 1085 2830 in
1095 2802 1222 2831 omnibus
1230 2801 1479 2842 diy’unctiom'btes]
1492 2802 1556 2832 Ms.
1566 2801 1673 2832 Guelf.

978 2845 1215 2883 dejunctionibus,
1240 2846 1355 2876 usitato
1375 2846 1409 2875 in
1437 2845 1523 2875 libris
1552 2845 1673 2884 scriptis

979 2895 1068 2918 vnio.
