1768 3095
229 116 278 148 10
570 107 843 145 ACADEM.
875 107 1323 146 QUAESTIONUM

169 223 217 262 16
228 221 380 264 essent,
407 220 447 245 ³⁸
461 211 567 253 nihil
594 220 735 253 tamen
765 211 819 253 ad
850 211 956 253 bene
984 211 1219 254 vivendum.
1277 211 1363 255 Hic
1390 211 1431 253 in
1461 210 1657 254 omnibus

227 272 315 312 fere
345 269 622 320 sermonibus,
652 268 724 324 qui
754 269 808 309 ab
838 268 900 319 iis,
928 268 1000 324 qui
1025 269 1145 311 illum
1176 269 1413 320 audierunt,
1442 268 1595 324 perscri
1626 269 1659 311 ti

227 328 350 377 varie,
371 326 539 381 copiose
558 334 670 376 sunt,
692 325 749 366 ita
768 325 969 380 disputat,
990 334 1038 367 ut
1057 326 1161 367 nihil
1181 326 1358 368 affirmet
1376 325 1477 382 ipse,
1497 324 1582 366 refe
1614 332 1660 366 at

229 384 332 426 alios
351 400 361 425 :
393 382 497 424 nihil
517 397 560 424 se
580 382 684 424 scire
704 381 830 432 dicat,
852 382 927 422 nisi
948 382 989 422 id
1010 382 1171 437 ipsum:
1203 397 1337 440 eoque
1366 391 1564 438 praestare
1587 395 1658 422 ce-

122 464 153 494 p.
168 441 344 492 uteris,
365 439 480 496 quod
509 439 583 490 illi,
603 454 695 496 quae
725 438 923 489 nesciant,
942 439 1047 479 scire
1074 453 1117 480 se
1147 449 1322 495 putent:
1352 439 1454 494 ipse,
1482 452 1526 480 se
1554 436 1660 479 nihil

190 497 335 539 ascire
353 512 364 547 ;
396 495 439 537 id
460 510 589 537 unum
610 495 712 536 sciat
731 512 740 536 :
772 495 828 535 ob
857 509 1032 551 eamque
1052 509 1138 536 rem
1160 510 1203 537 se
1223 495 1412 537 arbitrari
1441 495 1494 536 ab
1522 493 1660 550 Apol·-

230 555 313 596 line
343 553 532 594 omnium
564 551 914 608 sapientissimum
944 565 1033 592 esse
1053 551 1228 604 dictum,
1249 552 1363 608 quod
1383 559 1423 586 39
1442 551 1533 592 haec
1552 558 1662 592 esset

229 625 314 652 una
340 609 477 650 omnis
507 607 721 664 sapientia,
746 622 828 648 non
857 607 1061 658 arbitrari,
1092 623 1180 649 sese
1206 609 1325 659 scire,
1345 608 1459 665 quod
1490 607 1660 649 nesciat.

230 682 324 724 quae
350 681 449 708 cum
480 665 638 706 diceret
668 674 921 716 constanter,
940 674 982 705 et
1010 665 1050 705 in
1077 679 1126 706 ea
1153 666 1358 707 sententia
1384 673 1662 720 permaneret,

230 723 366 765 omnis
394 722 485 779 ejus
516 721 650 763 oratio
671 730 711 753 ⁴0
729 730 818 762 tum
852 721 892 761 in
922 722 1072 762 virtute
1101 721 1324 773 laudanda,
1343 721 1446 762 etin
1465 719 1662 761 omnibus

231 780 471 822 hominibus
491 779 543 819 ad
562 778 723 819 virtutis
745 777 931 818 studium
955 778 1226 820 cohortandis
1255 776 1596 827 consumebatur,
1614 783 1663 817 ut

230 851 253 877 e
273 837 582 878 Socraticorum
603 834 732 885 libris,
753 843 787 865 4¹
806 835 1068 890 maximeque
1094 835 1292 886 Platonis,
1314 833 1490 889 intelligi
1509 840 1663 889 potest.

175 901 218 941 17
234 893 416 935 Platonis
447 901 585 933 autem
620 891 883 942 auctoritate,
914 891 985 947 qui
1016 892 1165 941 varius,
1189 901 1231 933 et
1261 890 1498 947 multipleX,
1517 897 1560 930 et
1589 903 1664 930 co-

231 950 373 1005 piosus
393 949 487 999 fuit,
508 963 590 990 una
609 958 652 989 ct
677 948 940 989 consentiens
966 948 1130 990 duobus
1155 948 1367 990 vocabulis
1385 945 1663 1002 philosophiae

231 1008 367 1047 forma
384 1006 576 1047 instituta
594 1015 671 1055 est,
691 1004 1060 1055 Academicorum,
1090 1014 1133 1047 et
1163 1004 1560 1060 Peripateticorum:
1592 1001 1665 1058 qui

231 1063 354 1103 rebus
386 1071 680 1118 congruentes,
708 1061 945 1102 nominibus
976 1061 1238 1103 differebant.
1266 1075 1378 1112 nam,
1398 1074 1496 1101 curn
1530 1059 1666 1114 Speu-

231 1119 412 1175 sippum,
442 1118 593 1160 sororis
622 1117 769 1169 filium,
802 1117 920 1159 Plato
952 1117 1231 1175 philosophiae
1262 1126 1302 1150 42
1351 1116 1439 1158 uasi
1467 1115 1664 1156 heredem

231 1175 492 1231 reliquisset,
532 1174 639 1215 duos
675 1183 817 1215 autem
852 1174 1216 1230 praestantissimos
1254 1133 1395 1217 studio
1429 1181 1554 1228 atque
1588 1171 1666 1212 do-

231 1232 380 1283 ctrina,
410 1233 690 1272 Xenocratem
725 1230 1074 1282 Chalcedonium,
1105 1241 1150 1272 et
1180 1230 1456 1272 Aristotelem
1487 1227 1666 1284 Stagiri-

232 1297 347 1330 tem:
379 1289 452 1344 qui
479 1297 596 1328 erant
627 1301 725 1327 cum
745 1287 990 1337 Aristotele,
1014 1287 1276 1343 Peripatetici
1303 1286 1406 1327 dicti
1435 1292 1546 1336 sunt,
1567 1284 1668 1341 quia

231 1344 500 1400 disputabant
519 1342 825 1384 inambulantes
854 1342 896 1382 in
927 1343 1087 1399 Lycio:
1120 1343 1179 1384 illi
1209 1353 1366 1393 autem,
1388 1341 1462 1397 qui
1482 1340 1666 1382 Platonis

231 1401 423 1442 instituto
451 1400 493 1440 in
517 1398 763 1450 Academia,
783 1398 898 1454 quod
926 1408 991 1440 est
1016 1399 1194 1440 alterum
1223 1398 1510 1455 gymnasium,
1530 1406 1669 1439 coetus

231 1466 363 1508 erant,
393 1465 436 1498 et
464 1469 677 1497 sermones
706 1455 860 1496 habere
890 1455 1018 1506 soliti,
1037 1469 1061 1495 e
1080 1455 1163 1496 loci
1183 1454 1388 1497 vocabulo
1417 1467 1572 1494 nomen
1591 1453 1668 1494 ha-

230 1515 427 1555 buerunt.
467 1512 539 1553 scd
576 1512 744 1567 utrique
783 1511 966 1553 Platonis
1013 1511 1204 1554 ubertate
1251 1510 1469 1566 completi,
1508 1518 1666 1551 certam

231 1569 442 1627 quandam
463 1568 692 1624 disciplinae
712 1568 936 1609 formulam
958 1577 1301 1623 composuerunt,
1321 1577 1363 1608 et
1384 1581 1478 1608 eam
1496 1565 1667 1622 quidem

231 1627 414 1682 plenam,
446 1640 493 1667 ac
524 1626 746 1666 refertam:
777 1624 890 1666 illam
923 1633 1064 1666 autem
1094 1625 1355 1666 Socraticam
1383 1631 1422 1656 4³
1436 1622 1668 1664 dubitatio·

233 1697 328 1724 nem
348 1683 400 1724 de
416 1681 611 1723 omnibus
632 1682 771 1729 rebus,
791 1691 834 1722 et
851 1681 965 1722 nulla
984 1681 1259 1726 affirmatione
1279 1680 1470 1722 adhibita
1489 1693 1668 1721 consue·

172 1751 218 1784 18
234 1739 421 1781 tudinem
453 1736 681 1780 disserendi
706 1737 977 1793 reliquerunt.
1038 1739 1105 1779 Ita
1125 1738 1237 1779 facta
1255 1747 1320 1778 est
1339 1746 1379 1769 44
1397 1735 1664 1792 [disserendi]

232 1796 348 1852 quod
378 1795 550 1837 minime
581 1795 773 1836 Socrates
802 1794 1023 1849 probabat,
1053 1809 1117 1835 ars
1147 1794 1340 1850 quaedam
1373 1792 1670 1849 philosophiae,

231 1862 274 1894 et
294 1867 429 1894 rerum
452 1852 570 1902 ord0,
590 1860 633 1892 et
652 1850 878 1906 descriptio
897 1850 1142 1907 disciplinae.
1164 1866 1258 1908 quae
1284 1850 1455 1908 quidem
1475 1858 1564 1891 erat
1582 1849 1670 1906 pri-

275 1981 314 2005 38
332 1974 409 2004 nibil
424 1981 519 2004 tamen
541 1974 582 2003 ad
601 1975 667 2004 bene
681 1974 856 2014 vivendum]
877 1975 928 2006 Sc.
972 1983 1107 2014 etentur,
1124 1985 1201 2007 cum
1217 1976 1400 2017 Xenophon
1423 1981 1516 2016 neget
1530 1985 1566 2006 ea
1580 1985 1599 2006 a
1614 1975 1671 2007 So-

232 2019 346 2054 valere,
370 2019 524 2055 conferre,
549 2020 710 2057 quomodo
733 2025 763 2048 et
786 2019 858 2049 alibi
877 2019 930 2049 illa
973 2027 1055 2050 crate
1071 2026 1202 2051 tractata
1216 2029 1292 2050 esse.

233 2063 335 2091 forma
351 2062 488 2100 ponitur.
506 2062 537 2090 in
551 2062 620 2091 edd.
638 2068 744 2092 tumen
761 2062 882 2100 primis,
897 2069 932 2092 ut
1018 2070 1056 2093 42
1075 2062 1158 2104 quasi
1179 2062 1308 2092 heredem
1324 2059 1404 2102 δια]
1430 2061 1464 2091 Ρ.
1481 2061 1671 2093 ciacconius

233 2105 314 2134 Ven.
346 2104 432 2134 Med.
458 2103 531 2134 Ald.
560 2106 618 2134 &c.
643 2105 766 2134 additur
793 2116 842 2134 con
859 2117 932 2141 erre,

233 2148 318 2185 quod
335 2147 448 2176 delevit
463 2147 635 2183 Victorius,
653 2147 839 2187 secutusque
853 2158 929 2178 eum

234 2191 399 2219 Gruterus.

276 2239 317 2265 39
337 2239 406 2261 essct
426 2232 487 2261 ἦκα·
507 2244 563 2261 una
585 2233 672 2262 omnis
696 2231 853 2272 sapientia]
874 2234 930 2263 Of-

234 2276 332 2305 fendit
345 2285 396 2306 me
412 2275 512 2312 omnis,
531 2283 563 2305 ut
580 2284 652 2306 ante
670 2286 721 2306 me
731 2276 819 2306 alios.
836 2278 930 2307 Lam-

234 2319 329 2348 binus
353 2318 526 2358 corrigebat
549 2319 679 2355 hominis,
705 2329 763 2349 nec
787 2320 930 2359 displice-

235 2362 287 2390 bat
303 2362 439 2392 Davisio.
486 2363 552 2401 Ego
568 2362 678 2392 malim
696 2373 753 2391 una
768 2363 887 2391 omnino.

279 2411 318 2434 40
335 2410 394 2433 tum
419 2405 448 2432 in
473 2404 587 2434 virtute
610 2404 770 2443 laudanda]
789 2412 849 2434 tum
865 2415 930 2434 non

234 2447 341 2481 habet,
373 2448 458 2486 quod
496 2449 523 2477 ei
563 2448 757 2486 respondeat,
795 2447 931 2477 alterum

234 2496 317 2526 tumf,
342 2490 438 2528 possis
463 2490 564 2520 dicere
588 2500 642 2529 pro
667 2490 763 2520 altero
791 2491 929 2530 positum

234 2541 300 2561 csse
317 2540 354 2562 et.
399 2533 458 2562 Sed
484 2539 591 2563 tamen
616 2543 681 2564 non
704 2533 846 2572 displicet
868 2534 931 2564 Da-

234 2575 301 2605 visii
317 2575 501 2613 conjectura
517 2582 629 2605 tantum
644 2587 653 2614 ;
676 2586 877 2615 quamquam
901 2576 932 2606 in

233 2627 272 2647 eo
287 2617 491 2657 pleonasmus
514 2626 572 2655 est,
595 2628 672 2649 cum
696 2620 850 2658 praecedat
864 2629 936 2650 om-

235 2661 283 2690 nis
295 2662 403 2691 oratio.
420 2671 497 2691 mox
512 2661 637 2691 omnibus
651 2663 731 2692 mihi
747 2670 932 2703 suspectum

233 2709 280 2733 est
297 2711 333 2734 ut
349 2710 461 2734 natum
477 2714 517 2734 ex
531 2704 697 2734 hominibus.

975 2106 1111 2145 conjecit
1134 2117 1170 2135 ex
1184 2116 1244 2134 asse
1259 2104 1387 2134 heredem
1403 2103 1454 2133 rel.
1471 2104 1602 2134 secundos
1616 2115 1672 2134 au-

975 2155 1031 2178 tem
1044 2160 1053 2176 .·
1079 2148 1259 2189 ingeniose;
1283 2148 1336 2178 sed
1351 2147 1544 2177 Xenocrates
1559 2153 1590 2177 et
1599 2148 1672 2180 Ari-

974 2191 1098 2222 stoteles
1115 2201 1178 2222 non
1203 2190 1374 2221 commode
1398 2190 1526 2220 heredes
1538 2191 1670 2221 secundi

974 2234 1217 2275 appellarentur,
1233 2234 1307 2272 quia
1322 2242 1387 2263 una
1402 2242 1479 2263 cum
1496 2233 1672 2274 Speusippo

973 2277 1069 2308 simul
1085 2277 1318 2317 philosophiam
1334 2276 1481 2306 docuere.
1526 2277 1673 2308 Davisius

972 2330 1045 2350 vero
1060 2329 1077 2349 e
1092 2319 1159 2349 duos
1181 2320 1254 2349 facit
1269 2318 1430 2358 discipulos.
1473 2319 1534 2350 Sed
1557 2319 1673 2351 intelli-

974 2365 1057 2401 gitur
1075 2372 1133 2393 sua
1155 2369 1278 2402 sponte,
1295 2372 1346 2392 eos
1370 2362 1541 2401 discipulos
1565 2363 1671 2394 fuisse.

975 2416 1030 2446 pro
1047 2405 1303 2445 praestantisximos
1328 2405 1396 2435 edd.
1422 2412 1497 2435 vett.
1521 2406 1671 2444 quaedam

969 2447 1221 2489 praestantl'ssimo.
1236 2448 1403 2488 vulgatum
1421 2449 1536 2479 melius
1551 2455 1607 2480 est.

1019 2497 1056 2522 43
1073 2491 1291 2530 dubilationem]
1312 2491 1382 2521 Hoc
1397 2492 1531 2521 verbum
1548 2498 1579 2522 et
1594 2502 1673 2523 mox

976 2541 1003 2564 et
1026 2533 1199 2565 delendum
1226 2534 1355 2573 putabat
1382 2534 1584 2565 Ciacconius:
1609 2535 1673 2566 ele-

978 2584 1096 2614 ganter.
1141 2577 1202 2608 Sed
1228 2587 1283 2616 pro
1308 2577 1435 2616 vulgato
1454 2584 1538 2608 stant
1559 2587 1691 2609 omnes.

994 2621 1061 2650 ibri.

979 2621 988 2651 l
1015 2671 1054 2694 44
1068 2662 1310 2692 disserendi-ars
1322 2663 1456 2704 quaedam
1465 2660 1671 2704 philosophie]

980 2705 1145 2736 Disserendi
1160 2715 1271 2736 verum
1288 2715 1353 2736 esse
1366 2716 1430 2735 non
1444 2712 1555 2745 potest.
1580 2706 1673 2736 Lam·

278 2753 329 2777 41.
348 2747 527 2788 maximeque
546 2746 691 2787 Platonis]
717 2748 865 2779 Davisius
887 2748 930 2778 le·
973 2750 1067 2779 binus
1083 2755 1114 2779 et
1129 2749 1264 2779 Ursinus
1279 2749 1397 2785 delent,
1413 2754 1444 2778 et
1465 2755 1534 2788 post
1549 2747 1674 2789 philoso-

234 2790 376 2827 gendum
394 2797 484 2829 putat
506 2790 709 2830 Xenophontis,
727 2793 812 2830 quod
829 2801 847 2821 a
863 2791 931 2822 Pla·
969 2792 1043 2832 phia
1060 2801 1124 2822 non
1139 2792 1283 2822 absurde.
1297 2792 1351 2822 sed
1367 2791 1469 2822 lenius
1486 2792 1579 2822 fuerit
1595 2791 1673 2822 sorte

236 2839 309 2863 cone
323 2833 420 2863 etiam
439 2834 568 2873 physica
583 2841 614 2864 et
630 2835 856 2866 mathematica
872 2842 932 2866 tra·
975 2834 1144 2873 disserendo,
1161 2836 1278 2867 interea
1292 2835 1384 2866 uncis
1401 2834 1526 2866 inclusi.
