<?xml version="1.0" encoding="UTF-8"?>
<!DOCTYPE html PUBLIC "-//W3C//DTD XHTML 1.0 Transitional//EN"
    "http://www.w3.org/TR/xhtml1/DTD/xhtml1-transitional.dtd">
<html xmlns="http://www.w3.org/1999/xhtml" xml:lang="en" lang="en">
 <head>
  <title>
</title>
<meta http-equiv="Content-Type" content="text/html;charset=utf-8" />
  <meta name='ocr-system' content='tesseract 3.04.00' />
  <meta name='ocr-capabilities' content='ocr_page ocr_carea ocr_par ocr_line ocrx_word'/>
</head>
<body>
  <div class='ocr_page' id='page_1' title='image "./p1operaomnia04ciceuoft_0523.png"; bbox 0 0 1778 3095; ppageno 0'>
   <div class='ocr_carea' id='block_1_1' title="bbox 359 249 1240 306">
    <p class='ocr_par' dir='ltr' id='par_1_1' title="bbox 359 249 1240 306">
     <span class='ocr_line' id='line_1_1' title="bbox 359 249 1240 306; baseline -0.003 -1"><span class='ocrx_word' id='word_1_1' title='bbox 359 252 437 306; x_wconf 89' lang='lat' dir='ltr'><em>M.</em></span> <span class='ocrx_word' id='word_1_2' title='bbox 476 250 758 304; x_wconf 87' lang='lat' dir='ltr'>TULLII</span> <span class='ocrx_word' id='word_1_3' title='bbox 797 249 1240 304; x_wconf 86' lang='lat' dir='ltr'>CICERONIS</span> 
     </span>
    </p>
   </div>
   <div class='ocr_carea' id='block_1_2' title="bbox 784 392 836 416">
    <p class='ocr_par' dir='ltr' id='par_1_2' title="bbox 784 392 836 416">
     <span class='ocr_line' id='line_1_2' title="bbox 784 392 836 416; baseline 0 0"><span class='ocrx_word' id='word_1_4' title='bbox 784 392 836 416; x_wconf 78' lang='lat' dir='ltr'><em>DE</em></span> 
     </span>
    </p>
   </div>
   <div class='ocr_carea' id='block_1_3' title="bbox 322 488 1284 574">
    <p class='ocr_par' dir='ltr' id='par_1_3' title="bbox 322 488 1284 574">
     <span class='ocr_line' id='line_1_3' title="bbox 322 488 1284 574; baseline -0.004 -12"><span class='ocrx_word' id='word_1_5' title='bbox 322 488 1284 574; x_wconf 86' lang='lat' dir='ltr'><strong>DIVINATIONE,</strong></span> 
     </span>
    </p>
   </div>
   <div class='ocr_carea' id='block_1_4' title="bbox 502 630 1094 818">
    <p class='ocr_par' dir='ltr' id='par_1_4' title="bbox 502 630 1094 818">
     <span class='ocr_line' id='line_1_4' title="bbox 502 630 1094 672; baseline -0.002 0"><span class='ocrx_word' id='word_1_6' title='bbox 502 631 738 672; x_wconf 89' lang='lat' dir='ltr'><strong>LIBER</strong></span> <span class='ocrx_word' id='word_1_7' title='bbox 776 630 1094 672; x_wconf 89' lang='lat' dir='ltr'><strong>PRIMUS.</strong></span> 
     </span>
     <span class='ocr_line' id='line_1_5' title="bbox 669 798 926 818; baseline -0.004 -6"><span class='ocrx_word' id='word_1_8' title='bbox 669 798 926 818; x_wconf 42' lang='lat' dir='ltr'><em>„Q</em></span> 
     </span>
    </p>
   </div>
   <div class='ocr_carea' id='block_1_5' title="bbox 597 923 1010 961">
    <p class='ocr_par' dir='ltr' id='par_1_5' title="bbox 597 923 1010 961">
     <span class='ocr_line' id='line_1_6' title="bbox 597 923 1010 961; baseline -0.002 0"><span class='ocrx_word' id='word_1_9' title='bbox 597 923 798 961; x_wconf 89' lang='lat' dir='ltr'>ARGUM</span> <span class='ocrx_word' id='word_1_10' title='bbox 804 924 872 960; x_wconf 86' lang='lat' dir='ltr'><em>EN</em></span> <span class='ocrx_word' id='word_1_11' title='bbox 875 924 1010 960; x_wconf 90' lang='lat' dir='ltr'><strong>TUM.</strong></span> 
     </span>
    </p>
   </div>
   <div class='ocr_carea' id='block_1_6' title="bbox 92 1009 1536 2913">
    <p class='ocr_par' dir='ltr' id='par_1_6' title="bbox 92 1009 1536 2913">
     <span class='ocr_line' id='line_1_7' title="bbox 92 1009 1516 1063; baseline 0.001 -14"><span class='ocrx_word' id='word_1_12' title='bbox 92 1011 242 1063; x_wconf 65' lang='lat' dir='ltr'><em>Quaestio</em></span> <span class='ocrx_word' id='word_1_13' title='bbox 260 1010 298 1048; x_wconf 85' lang='lat' dir='ltr'><em>de</em></span> <span class='ocrx_word' id='word_1_14' title='bbox 316 1019 443 1047; x_wconf 85' lang='lat' dir='ltr'><em>natura</em></span> <span class='ocrx_word' id='word_1_15' title='bbox 462 1010 609 1046; x_wconf 82' lang='lat' dir='ltr'><em>Deorum</em></span> <span class='ocrx_word' id='word_1_16' title='bbox 629 1009 716 1046; x_wconf 83' lang='lat' dir='ltr'><em>duas</em></span> <span class='ocrx_word' id='word_1_17' title='bbox 735 1019 907 1060; x_wconf 86' lang='lat' dir='ltr'><em>tamquam</em></span> <span class='ocrx_word' id='word_1_18' title='bbox 929 1009 1164 1060; x_wconf 85' lang='lat' dir='ltr'><em>appendiculas</em></span> <span class='ocrx_word' id='word_1_19' title='bbox 1185 1009 1295 1055; x_wconf 81' lang='lat' dir='ltr'><em>habet,</em></span> <span class='ocrx_word' id='word_1_20' title='bbox 1315 1011 1456 1050; x_wconf 82' lang='lat' dir='ltr'><em>alteram</em></span> <span class='ocrx_word' id='word_1_21' title='bbox 1475 1011 1516 1052; x_wconf 71' lang='lat' dir='ltr'><em>de</em></span> 
     </span>
     <span class='ocr_line' id='line_1_8' title="bbox 140 1062 1515 1117; baseline 0.002 -16"><span class='ocrx_word' id='word_1_22' title='bbox 140 1065 374 1106; x_wconf 79' lang='lat' dir='ltr'><em>Divinatione,</em></span> <span class='ocrx_word' id='word_1_23' title='bbox 395 1063 536 1100; x_wconf 88' lang='lat' dir='ltr'><em>alteram</em></span> <span class='ocrx_word' id='word_1_24' title='bbox 555 1062 595 1099; x_wconf 85' lang='lat' dir='ltr'><em>de</em></span> <span class='ocrx_word' id='word_1_25' title='bbox 616 1064 710 1106; x_wconf 83' lang='lat' dir='ltr'><em>Fato,</em></span> <span class='ocrx_word' id='word_1_26' title='bbox 729 1063 850 1114; x_wconf 85' lang='lat' dir='ltr'><em>quibus</em></span> <span class='ocrx_word' id='word_1_27' title='bbox 878 1062 1015 1109; x_wconf 85' lang='lat' dir='ltr'><em>adjectis</em></span> <span class='ocrx_word' id='word_1_28' title='bbox 1041 1063 1170 1100; x_wconf 83' lang='lat' dir='ltr'><em>demum</em></span> <span class='ocrx_word' id='word_1_29' title='bbox 1191 1065 1288 1114; x_wconf 86' lang='lat' dir='ltr'><em>plene</em></span> <span class='ocrx_word' id='word_1_30' title='bbox 1310 1066 1515 1117; x_wconf 71' lang='lat' dir='ltr'><em>perfecteque</em></span> 
     </span>
     <span class='ocr_line' id='line_1_9' title="bbox 138 1116 1514 1168; baseline 0.001 -13"><span class='ocrx_word' id='word_1_31' title='bbox 138 1118 350 1166; x_wconf 59' lang='lat' dir='ltr'><em>satifactum</em></span> <span class='ocrx_word' id='word_1_32' title='bbox 384 1117 412 1153; x_wconf 88' lang='lat' dir='ltr'><em>ei</em></span> <span class='ocrx_word' id='word_1_33' title='bbox 441 1117 616 1167; x_wconf 82' lang='lat' dir='ltr'><em>quaestioni</em></span> <span class='ocrx_word' id='word_1_34' title='bbox 643 1116 792 1154; x_wconf 81' lang='lat' dir='ltr'><em>videtur.</em></span> <span class='ocrx_word' id='word_1_35' title='bbox 830 1118 894 1166; x_wconf 90' lang='lat' dir='ltr'><em>(L.</em></span> <span class='ocrx_word' id='word_1_36' title='bbox 916 1118 967 1154; x_wconf 90' lang='lat' dir='ltr'><em>Il.</em></span> <span class='ocrx_word' id='word_1_37' title='bbox 995 1130 1023 1155; x_wconf 87' lang='lat' dir='ltr'><em>c.</em></span> <span class='ocrx_word' id='word_1_38' title='bbox 1044 1119 1094 1164; x_wconf 88' lang='lat' dir='ltr'><em>l.)</em></span> <span class='ocrx_word' id='word_1_39' title='bbox 1138 1118 1257 1168; x_wconf 84' lang='lat' dir='ltr'><em>Itaque</em></span> <span class='ocrx_word' id='word_1_40' title='bbox 1291 1118 1401 1156; x_wconf 83' lang='lat' dir='ltr'><em>Cicero</em></span> <span class='ocrx_word' id='word_1_41' title='bbox 1429 1134 1514 1164; x_wconf 83' lang='lat' dir='ltr'><em>eam,</em></span> 
     </span>
     <span class='ocr_line' id='line_1_10' title="bbox 139 1169 1514 1222; baseline 0.002 -15"><span class='ocrx_word' id='word_1_42' title='bbox 139 1185 218 1222; x_wconf 83' lang='lat' dir='ltr'><em>quae</em></span> <span class='ocrx_word' id='word_1_43' title='bbox 235 1180 282 1207; x_wconf 87' lang='lat' dir='ltr'><em>est</em></span> <span class='ocrx_word' id='word_1_44' title='bbox 301 1170 340 1207; x_wconf 85' lang='lat' dir='ltr'><em>de</em></span> <span class='ocrx_word' id='word_1_45' title='bbox 358 1169 575 1214; x_wconf 76' lang='lat' dir='ltr'><em>divinatione,</em></span> <span class='ocrx_word' id='word_1_46' title='bbox 594 1169 719 1207; x_wconf 76' lang='lat' dir='ltr'><em>duobus</em></span> <span class='ocrx_word' id='word_1_47' title='bbox 738 1170 832 1206; x_wconf 87' lang='lat' dir='ltr'><em>libris</em></span> <span class='ocrx_word' id='word_1_48' title='bbox 844 1170 939 1220; x_wconf 86' lang='lat' dir='ltr'><em>plene</em></span> <span class='ocrx_word' id='word_1_49' title='bbox 957 1180 1174 1220; x_wconf 77' lang='lat' dir='ltr'><em>accurateque</em></span> <span class='ocrx_word' id='word_1_50' title='bbox 1186 1174 1426 1221; x_wconf 80' lang='lat' dir='ltr'><em>pertractavit.</em></span> <span class='ocrx_word' id='word_1_51' title='bbox 1472 1174 1514 1210; x_wconf 84' lang='lat' dir='ltr'><em>In</em></span> 
     </span>
     <span class='ocr_line' id='line_1_11' title="bbox 132 1223 1517 1275; baseline 0.003 -15"><span class='ocrx_word' id='word_1_52' title='bbox 132 1225 241 1275; x_wconf 85' lang='lat' dir='ltr'><em>primo</em></span> <span class='ocrx_word' id='word_1_53' title='bbox 269 1223 353 1260; x_wconf 86' lang='lat' dir='ltr'><em>libro</em></span> <span class='ocrx_word' id='word_1_54' title='bbox 379 1223 550 1259; x_wconf 79' lang='lat' dir='ltr'><em>inducitur</em></span> <span class='ocrx_word' id='word_1_55' title='bbox 586 1224 629 1273; x_wconf 78' lang='lat' dir='ltr'><em>Q.</em></span> <span class='ocrx_word' id='word_1_56' title='bbox 650 1224 771 1260; x_wconf 77' lang='lat' dir='ltr'><em>Frater</em></span> <span class='ocrx_word' id='word_1_57' title='bbox 796 1236 886 1260; x_wconf 89' lang='lat' dir='ltr'><em>omne</em></span> <span class='ocrx_word' id='word_1_58' title='bbox 917 1223 1134 1261; x_wconf 70' lang='lat' dir='ltr'><em>divinationis</em></span> <span class='ocrx_word' id='word_1_59' title='bbox 1161 1237 1269 1273; x_wconf 76' lang='lat' dir='ltr'><em>genus</em></span> <span class='ocrx_word' id='word_1_60' title='bbox 1299 1225 1472 1273; x_wconf 65' lang='lat' dir='ltr'><em>deffendens</em></span> <span class='ocrx_word' id='word_1_61' title='bbox 1499 1239 1517 1264; x_wconf 81' lang='lat' dir='ltr'><em>e</em></span> 
     </span>
     <span class='ocr_line' id='line_1_12' title="bbox 142 1276 1516 1327; baseline 0.001 -13"><span class='ocrx_word' id='word_1_62' title='bbox 142 1277 324 1315; x_wconf 78' lang='lat' dir='ltr'><em>Stoicorum</em></span> <span class='ocrx_word' id='word_1_63' title='bbox 356 1276 545 1327; x_wconf 77' lang='lat' dir='ltr'><em>disciplina,</em></span> <span class='ocrx_word' id='word_1_64' title='bbox 580 1276 668 1326; x_wconf 84' lang='lat' dir='ltr'><em>quod</em></span> <span class='ocrx_word' id='word_1_65' title='bbox 695 1277 746 1313; x_wconf 86' lang='lat' dir='ltr'><em>illi</em></span> <span class='ocrx_word' id='word_1_66' title='bbox 777 1276 983 1313; x_wconf 83' lang='lat' dir='ltr'><em>&lt;videbantur</em></span> <span class='ocrx_word' id='word_1_67' title='bbox 1014 1278 1199 1314; x_wconf 79' lang='lat' dir='ltr'><em>acutissime</em></span> <span class='ocrx_word' id='word_1_68' title='bbox 1229 1280 1406 1315; x_wconf 79' lang='lat' dir='ltr'><em>sententias</em></span> <span class='ocrx_word' id='word_1_69' title='bbox 1434 1294 1516 1316; x_wconf 87' lang='lat' dir='ltr'><em>suas</em></span> 
     </span>
     <span class='ocr_line' id='line_1_13' title="bbox 133 1330 1517 1381; baseline 0.002 -14"><span class='ocrx_word' id='word_1_70' title='bbox 133 1330 451 1381; x_wconf 74' lang='lat' dir='ltr'><em>prudentissimeque</em></span> <span class='ocrx_word' id='word_1_71' title='bbox 470 1330 653 1379; x_wconf 71' lang='lat' dir='ltr'><em>defendere.</em></span> <span class='ocrx_word' id='word_1_72' title='bbox 673 1331 722 1367; x_wconf 88' lang='lat' dir='ltr'><em>II.</em></span> <span class='ocrx_word' id='word_1_73' title='bbox 743 1335 805 1375; x_wconf 83' lang='lat'><em>72.</em></span> <span class='ocrx_word' id='word_1_74' title='bbox 862 1331 942 1367; x_wconf 85' lang='lat' dir='ltr'><em>Duo</em></span> <span class='ocrx_word' id='word_1_75' title='bbox 969 1344 1045 1379; x_wconf 77' lang='lat' dir='ltr'><em>ergo</em></span> <span class='ocrx_word' id='word_1_76' title='bbox 1059 1331 1155 1379; x_wconf 83' lang='lat' dir='ltr'><em>facit</em></span> <span class='ocrx_word' id='word_1_77' title='bbox 1173 1330 1354 1368; x_wconf 78' lang='lat' dir='ltr'><em>divinandi</em></span> <span class='ocrx_word' id='word_1_78' title='bbox 1376 1345 1517 1381; x_wconf 77' lang='lat' dir='ltr'><em>genera,</em></span> 
     </span>
     <span class='ocr_line' id='line_1_14' title="bbox 140 1382 1518 1433; baseline 0.002 -13"><span class='ocrx_word' id='word_1_79' title='bbox 140 1398 244 1420; x_wconf 87' lang='lat' dir='ltr'><em>unum</em></span> <span class='ocrx_word' id='word_1_80' title='bbox 273 1382 499 1429; x_wconf 74' lang='lat' dir='ltr'><em>artificiosum,</em></span> <span class='ocrx_word' id='word_1_81' title='bbox 527 1384 671 1420; x_wconf 79' lang='lat' dir='ltr'><em>alterurn</em></span> <span class='ocrx_word' id='word_1_82' title='bbox 699 1383 881 1420; x_wconf 87' lang='lat' dir='ltr'><em>naturale:</em></span> <span class='ocrx_word' id='word_1_83' title='bbox 911 1383 1125 1428; x_wconf 76' lang='lat' dir='ltr'><em>artificiosum</em></span> <span class='ocrx_word' id='word_1_84' title='bbox 1150 1385 1277 1433; x_wconf 86' lang='lat' dir='ltr'><em>partim</em></span> <span class='ocrx_word' id='word_1_85' title='bbox 1303 1395 1450 1422; x_wconf 81' lang='lat' dir='ltr'><em>constare</em></span> <span class='ocrx_word' id='word_1_86' title='bbox 1476 1400 1518 1423; x_wconf 75' lang='lat' dir='ltr'><em>ex</em></span> 
     </span>
     <span class='ocr_line' id='line_1_15' title="bbox 139 1436 1518 1489; baseline 0.003 -16"><span class='ocrx_word' id='word_1_87' title='bbox 139 1438 335 1484; x_wconf 79' lang='lat' dir='ltr'><em>conjectura,</em></span> <span class='ocrx_word' id='word_1_88' title='bbox 362 1437 491 1486; x_wconf 85' lang='lat' dir='ltr'><em>partim</em></span> <span class='ocrx_word' id='word_1_89' title='bbox 520 1449 561 1472; x_wconf 79' lang='lat' dir='ltr'><em>ex</em></span> <span class='ocrx_word' id='word_1_90' title='bbox 593 1437 820 1473; x_wconf 80' lang='lat' dir='ltr'><em>obser-vatione</em></span> <span class='ocrx_word' id='word_1_91' title='bbox 851 1436 1013 1474; x_wconf 85' lang='lat' dir='ltr'><em>diuturna</em></span> <span class='ocrx_word' id='word_1_92' title='bbox 1028 1453 1040 1473; x_wconf 87' lang='lat'><em>:</em></span> <span class='ocrx_word' id='word_1_93' title='bbox 1074 1437 1242 1482; x_wconf 85' lang='lat' dir='ltr'><em>naturale,</em></span> <span class='ocrx_word' id='word_1_94' title='bbox 1271 1439 1360 1489; x_wconf 86' lang='lat' dir='ltr'><em>quod</em></span> <span class='ocrx_word' id='word_1_95' title='bbox 1383 1441 1518 1477; x_wconf 86' lang='lat' dir='ltr'><em>animus</em></span> 
     </span>
     <span class='ocr_line' id='line_1_16' title="bbox 139 1489 1516 1540; baseline 0.002 -13"><span class='ocrx_word' id='word_1_96' title='bbox 139 1491 295 1540; x_wconf 85' lang='lat' dir='ltr'><em>arripiat,</em></span> <span class='ocrx_word' id='word_1_97' title='bbox 315 1499 377 1526; x_wconf 85' lang='lat' dir='ltr'><em>aut</em></span> <span class='ocrx_word' id='word_1_98' title='bbox 395 1490 538 1539; x_wconf 83' lang='lat' dir='ltr'><em>excipiat</em></span> <span class='ocrx_word' id='word_1_99' title='bbox 556 1492 756 1527; x_wconf 70' lang='lat' dir='ltr'><em>extrinsecus</em></span> <span class='ocrx_word' id='word_1_100' title='bbox 775 1503 816 1525; x_wconf 77' lang='lat' dir='ltr'><em>ex</em></span> <span class='ocrx_word' id='word_1_101' title='bbox 834 1489 1028 1534; x_wconf 80' lang='lat' dir='ltr'><em>divinitate,</em></span> <span class='ocrx_word' id='word_1_102' title='bbox 1049 1490 1133 1527; x_wconf 85' lang='lat' dir='ltr'><em>unde</em></span> <span class='ocrx_word' id='word_1_103' title='bbox 1157 1505 1261 1528; x_wconf 87' lang='lat' dir='ltr'><em>omnes</em></span> <span class='ocrx_word' id='word_1_104' title='bbox 1285 1490 1421 1529; x_wconf 80' lang='lat' dir='ltr'><em>haustos</em></span> <span class='ocrx_word' id='word_1_105' title='bbox 1439 1494 1516 1530; x_wconf 86' lang='lat' dir='ltr'><em>ani-</em></span> 
     </span>
     <span class='ocr_line' id='line_1_17' title="bbox 140 1541 1516 1596; baseline 0.001 -16"><span class='ocrx_word' id='word_1_106' title='bbox 140 1557 208 1580; x_wconf 89' lang='lat' dir='ltr'><em>mos</em></span> <span class='ocrx_word' id='word_1_107' title='bbox 235 1543 420 1592; x_wconf 69' lang='lat' dir='ltr'><em>libatosque</em></span> <span class='ocrx_word' id='word_1_108' title='bbox 447 1543 639 1580; x_wconf 83' lang='lat' dir='ltr'><em>babeamus.</em></span> <span class='ocrx_word' id='word_1_109' title='bbox 695 1541 895 1588; x_wconf 68' lang='lat' dir='ltr'><em>Artificiosa,&gt;</em></span> <span class='ocrx_word' id='word_1_110' title='bbox 921 1544 1139 1580; x_wconf 80' lang='lat' dir='ltr'><em>divinationis</em></span> <span class='ocrx_word' id='word_1_111' title='bbox 1166 1543 1238 1581; x_wconf 79' lang='lat' dir='ltr'><em>baec</em></span> <span class='ocrx_word' id='word_1_112' title='bbox 1261 1558 1385 1594; x_wconf 80' lang='lat' dir='ltr'><em>genera</em></span> <span class='ocrx_word' id='word_1_113' title='bbox 1407 1548 1516 1596; x_wconf 83' lang='lat' dir='ltr'><em>ponit,</em></span> 
     </span>
     <span class='ocr_line' id='line_1_18' title="bbox 140 1596 1519 1649; baseline 0.001 -15"><span class='ocrx_word' id='word_1_114' title='bbox 140 1596 347 1646; x_wconf 72' lang='lat' dir='ltr'><em>extispicum,</em></span> <span class='ocrx_word' id='word_1_115' title='bbox 365 1609 550 1646; x_wconf 82' lang='lat' dir='ltr'><em>eorumque,</em></span> <span class='ocrx_word' id='word_1_116' title='bbox 570 1597 627 1647; x_wconf 90' lang='lat' dir='ltr'><em>qui</em></span> <span class='ocrx_word' id='word_1_117' title='bbox 654 1610 670 1632; x_wconf 89' lang='lat' dir='ltr'><em>e</em></span> <span class='ocrx_word' id='word_1_118' title='bbox 683 1596 891 1645; x_wconf 79' lang='lat' dir='ltr'><em>fulguribus</em></span> <span class='ocrx_word' id='word_1_119' title='bbox 918 1598 1067 1646; x_wconf 85' lang='lat' dir='ltr'><em>omnique</em></span> <span class='ocrx_word' id='word_1_120' title='bbox 1085 1604 1280 1634; x_wconf 82' lang='lat' dir='ltr'><em>ostentorum</em></span> <span class='ocrx_word' id='word_1_121' title='bbox 1294 1612 1413 1647; x_wconf 79' lang='lat' dir='ltr'><em>genere</em></span> <span class='ocrx_word' id='word_1_122' title='bbox 1423 1611 1519 1649; x_wconf 75' lang='lat' dir='ltr'><em>prce-</em></span> 
     </span>
     <span class='ocr_line' id='line_1_19' title="bbox 140 1649 1519 1702; baseline 0.002 -16"><span class='ocrx_word' id='word_1_123' title='bbox 140 1649 267 1690; x_wconf 83' lang='lat' dir='ltr'><em>dicant,</em></span> <span class='ocrx_word' id='word_1_124' title='bbox 288 1655 358 1685; x_wconf 87' lang='lat' dir='ltr'><em>tum</em></span> <span class='ocrx_word' id='word_1_125' title='bbox 378 1663 548 1698; x_wconf 76' lang='lat' dir='ltr'><em>augurum</em></span> <span class='ocrx_word' id='word_1_126' title='bbox 568 1662 752 1699; x_wconf 85' lang='lat' dir='ltr'><em>eorumque,</em></span> <span class='ocrx_word' id='word_1_127' title='bbox 773 1650 830 1699; x_wconf 88' lang='lat' dir='ltr'><em>qui</em></span> <span class='ocrx_word' id='word_1_128' title='bbox 848 1650 952 1699; x_wconf 76' lang='lat' dir='ltr'><em>signis</em></span> <span class='ocrx_word' id='word_1_129' title='bbox 970 1657 1000 1686; x_wconf 73' lang='lat' dir='ltr'><em>et</em></span> <span class='ocrx_word' id='word_1_130' title='bbox 1020 1650 1179 1686; x_wconf 86' lang='lat' dir='ltr'><em>ominibus</em></span> <span class='ocrx_word' id='word_1_131' title='bbox 1195 1660 1351 1696; x_wconf 90' lang='lat' dir='ltr'><em>utantur,</em></span> <span class='ocrx_word' id='word_1_132' title='bbox 1366 1666 1519 1702; x_wconf 84' lang='lat' dir='ltr'><em>omneque</em></span> 
     </span>
     <span class='ocr_line' id='line_1_20' title="bbox 135 1701 1519 1753; baseline 0.003 -14"><span class='ocrx_word' id='word_1_133' title='bbox 135 1716 243 1753; x_wconf 84' lang='lat' dir='ltr'><em>genus</em></span> <span class='ocrx_word' id='word_1_134' title='bbox 263 1703 479 1750; x_wconf 86' lang='lat' dir='ltr'><em>conjecturale</em></span> <span class='ocrx_word' id='word_1_135' title='bbox 496 1703 531 1738; x_wconf 87' lang='lat' dir='ltr'><em>in</em></span> <span class='ocrx_word' id='word_1_136' title='bbox 549 1701 606 1738; x_wconf 86' lang='lat' dir='ltr'><em>boc</em></span> <span class='ocrx_word' id='word_1_137' title='bbox 619 1703 699 1751; x_wconf 85' lang='lat' dir='ltr'><em>fere</em></span> <span class='ocrx_word' id='word_1_138' title='bbox 721 1715 842 1751; x_wconf 79' lang='lat' dir='ltr'><em>genere</em></span> <span class='ocrx_word' id='word_1_139' title='bbox 861 1704 965 1752; x_wconf 84' lang='lat' dir='ltr'><em>ponit.</em></span> <span class='ocrx_word' id='word_1_140' title='bbox 1022 1703 1117 1739; x_wconf 85' lang='lat' dir='ltr'><em>Illud</em></span> <span class='ocrx_word' id='word_1_141' title='bbox 1132 1713 1244 1739; x_wconf 80' lang='lat' dir='ltr'><em>autem</em></span> <span class='ocrx_word' id='word_1_142' title='bbox 1272 1706 1431 1742; x_wconf 74' lang='lat' dir='ltr'><em>naturale</em></span> <span class='ocrx_word' id='word_1_143' title='bbox 1456 1715 1519 1743; x_wconf 79' lang='lat' dir='ltr'><em>aut</em></span> 
     </span>
     <span class='ocr_line' id='line_1_21' title="bbox 141 1755 1520 1809; baseline 0.003 -17"><span class='ocrx_word' id='word_1_144' title='bbox 141 1756 355 1792; x_wconf 81' lang='lat' dir='ltr'><em>concitatione</em></span> <span class='ocrx_word' id='word_1_145' title='bbox 373 1757 488 1792; x_wconf 83' lang='lat' dir='ltr'><em>mentis</em></span> <span class='ocrx_word' id='word_1_146' title='bbox 505 1755 571 1800; x_wconf 84' lang='lat' dir='ltr'><em>edi,</em></span> <span class='ocrx_word' id='word_1_147' title='bbox 591 1765 621 1792; x_wconf 90' lang='lat' dir='ltr'><em>et</em></span> <span class='ocrx_word' id='word_1_148' title='bbox 640 1757 737 1806; x_wconf 77' lang='lat' dir='ltr'><em>quasi</em></span> <span class='ocrx_word' id='word_1_149' title='bbox 752 1755 863 1803; x_wconf 85' lang='lat' dir='ltr'><em>fundi</em></span> <span class='ocrx_word' id='word_1_150' title='bbox 881 1755 1030 1800; x_wconf 75' lang='lat' dir='ltr'><em>videtur,</em></span> <span class='ocrx_word' id='word_1_151' title='bbox 1051 1770 1125 1792; x_wconf 81' lang='lat' dir='ltr'><em>cum</em></span> <span class='ocrx_word' id='word_1_152' title='bbox 1144 1757 1284 1793; x_wconf 79' lang='lat' dir='ltr'><em>homines</em></span> <span class='ocrx_word' id='word_1_153' title='bbox 1299 1759 1520 1809; x_wconf 67' lang='lat' dir='ltr'><em>pcrfurorcm</em></span> 
     </span>
     <span class='ocr_line' id='line_1_22' title="bbox 141 1809 1519 1862; baseline 0.003 -16"><span class='ocrx_word' id='word_1_154' title='bbox 141 1809 391 1853; x_wconf 78' lang='lat' dir='ltr'><em>vaticinantur,</em></span> <span class='ocrx_word' id='word_1_155' title='bbox 411 1818 472 1845; x_wconf 86' lang='lat' dir='ltr'><em>aut</em></span> <span class='ocrx_word' id='word_1_156' title='bbox 490 1809 599 1845; x_wconf 88' lang='lat' dir='ltr'><em>animo</em></span> <span class='ocrx_word' id='word_1_157' title='bbox 610 1820 672 1858; x_wconf 85' lang='lat' dir='ltr'><em>per</em></span> <span class='ocrx_word' id='word_1_158' title='bbox 689 1822 835 1845; x_wconf 86' lang='lat' dir='ltr'><em>somnum</em></span> <span class='ocrx_word' id='word_1_159' title='bbox 854 1809 1001 1846; x_wconf 72' lang='lat' dir='ltr'><em>sensibus</em></span> <span class='ocrx_word' id='word_1_160' title='bbox 1019 1819 1050 1846; x_wconf 87' lang='lat' dir='ltr'><em>et</em></span> <span class='ocrx_word' id='word_1_161' title='bbox 1068 1811 1156 1846; x_wconf 89' lang='lat' dir='ltr'><em>curis</em></span> <span class='ocrx_word' id='word_1_162' title='bbox 1176 1824 1286 1847; x_wconf 72' lang='lat' dir='ltr'><em>vacuo</em></span> <span class='ocrx_word' id='word_1_163' title='bbox 1310 1812 1519 1862; x_wconf 79' lang='lat' dir='ltr'><em>providetur.</em></span> 
     </span>
     <span class='ocr_line' id='line_1_23' title="bbox 142 1861 1519 1916; baseline 0.002 -17"><span class='ocrx_word' id='word_1_164' title='bbox 142 1862 185 1899; x_wconf 89' lang='lat' dir='ltr'><em>In</em></span> <span class='ocrx_word' id='word_1_165' title='bbox 203 1862 345 1911; x_wconf 82' lang='lat' dir='ltr'><em>singulis</em></span> <span class='ocrx_word' id='word_1_166' title='bbox 372 1871 482 1898; x_wconf 80' lang='lat' dir='ltr'><em>autem</em></span> <span class='ocrx_word' id='word_1_167' title='bbox 505 1861 681 1911; x_wconf 76' lang='lat' dir='ltr'><em>generibus</em></span> <span class='ocrx_word' id='word_1_168' title='bbox 706 1875 767 1897; x_wconf 87' lang='lat' dir='ltr'><em>non</em></span> <span class='ocrx_word' id='word_1_169' title='bbox 793 1871 863 1898; x_wconf 83' lang='lat' dir='ltr'><em>tani</em></span> <span class='ocrx_word' id='word_1_170' title='bbox 891 1862 1073 1899; x_wconf 87' lang='lat' dir='ltr'><em>rationibus</em></span> <span class='ocrx_word' id='word_1_171' title='bbox 1092 1877 1193 1913; x_wconf 87' lang='lat' dir='ltr'><em>quam</em></span> <span class='ocrx_word' id='word_1_172' title='bbox 1213 1877 1340 1913; x_wconf 82' lang='lat' dir='ltr'><em>magna</em></span> <span class='ocrx_word' id='word_1_173' title='bbox 1359 1867 1519 1916; x_wconf 74' lang='lat' dir='ltr'><em>exemplo-</em></span> 
     </span>
     <span class='ocr_line' id='line_1_24' title="bbox 142 1915 1523 1967; baseline 0.003 -15"><span class='ocrx_word' id='word_1_174' title='bbox 142 1928 218 1952; x_wconf 88' lang='lat' dir='ltr'><em>rum</em></span> <span class='ocrx_word' id='word_1_175' title='bbox 236 1915 328 1964; x_wconf 56' lang='lat' dir='ltr'><em>copia</em></span> <span class='ocrx_word' id='word_1_176' title='bbox 354 1915 475 1956; x_wconf 89' lang='lat' dir='ltr'><em>utitur,</em></span> <span class='ocrx_word' id='word_1_177' title='bbox 494 1928 568 1950; x_wconf 88' lang='lat' dir='ltr'><em>cum</em></span> <span class='ocrx_word' id='word_1_178' title='bbox 596 1922 815 1958; x_wconf 80' lang='lat' dir='ltr'><em>externorum,</em></span> <span class='ocrx_word' id='word_1_179' title='bbox 835 1925 906 1951; x_wconf 90' lang='lat' dir='ltr'><em>tum</em></span> <span class='ocrx_word' id='word_1_180' title='bbox 927 1916 1147 1953; x_wconf 82' lang='lat' dir='ltr'><em>Romanorum</em></span> <span class='ocrx_word' id='word_1_181' title='bbox 1165 1932 1172 1953; x_wconf 79' lang='lat' dir='ltr'>t</span> <span class='ocrx_word' id='word_1_182' title='bbox 1204 1917 1325 1967; x_wconf 87' lang='lat' dir='ltr'><em>quibus</em></span> <span class='ocrx_word' id='word_1_183' title='bbox 1353 1918 1411 1955; x_wconf 78' lang='lat' dir='ltr'><em>hoc</em></span> <span class='ocrx_word' id='word_1_184' title='bbox 1436 1918 1523 1967; x_wconf 74' lang='lat' dir='ltr'><em>effici</em></span> 
     </span>
     <span class='ocr_line' id='line_1_25' title="bbox 136 1968 1519 2023; baseline 0.003 -19"><span class='ocrx_word' id='word_1_185' title='bbox 136 1975 253 2019; x_wconf 85' lang='lat' dir='ltr'><em>putat,</em></span> <span class='ocrx_word' id='word_1_186' title='bbox 272 1977 323 2012; x_wconf 89' lang='lat' dir='ltr'><em>ut,</em></span> <span class='ocrx_word' id='word_1_187' title='bbox 343 1981 546 2018; x_wconf 80' lang='lat' dir='ltr'><em>quamquam</em></span> <span class='ocrx_word' id='word_1_188' title='bbox 574 1981 683 2004; x_wconf 87' lang='lat' dir='ltr'><em>eorum</em></span> <span class='ocrx_word' id='word_1_189' title='bbox 711 1981 823 2004; x_wconf 77' lang='lat' dir='ltr'><em>causae</em></span> <span class='ocrx_word' id='word_1_190' title='bbox 851 1968 969 2017; x_wconf 76' lang='lat' dir='ltr'><em>affirri</em></span> <span class='ocrx_word' id='word_1_191' title='bbox 1000 1969 1104 2006; x_wconf 78' lang='lat' dir='ltr'><em>nullae</em></span> <span class='ocrx_word' id='word_1_192' title='bbox 1124 1980 1274 2020; x_wconf 87' lang='lat' dir='ltr'><em>possunt,</em></span> <span class='ocrx_word' id='word_1_193' title='bbox 1295 1981 1418 2015; x_wconf 86' lang='lat' dir='ltr'><em>tamen,</em></span> <span class='ocrx_word' id='word_1_194' title='bbox 1437 1987 1519 2023; x_wconf 86' lang='lat' dir='ltr'><em>quo-</em></span> 
     </span>
     <span class='ocr_line' id='line_1_26' title="bbox 143 2021 1522 2075; baseline 0.004 -19"><span class='ocrx_word' id='word_1_195' title='bbox 143 2022 236 2057; x_wconf 87' lang='lat' dir='ltr'><em>niam</em></span> <span class='ocrx_word' id='word_1_196' title='bbox 263 2021 457 2066; x_wconf 82' lang='lat' dir='ltr'><em>acciderint,</em></span> <span class='ocrx_word' id='word_1_197' title='bbox 485 2021 525 2057; x_wconf 85' lang='lat' dir='ltr'><em>de</em></span> <span class='ocrx_word' id='word_1_198' title='bbox 553 2021 654 2071; x_wconf 88' lang='lat' dir='ltr'><em>ipsius</em></span> <span class='ocrx_word' id='word_1_199' title='bbox 683 2022 730 2058; x_wconf 87' lang='lat' dir='ltr'><em>rei</em></span> <span class='ocrx_word' id='word_1_200' title='bbox 755 2021 899 2058; x_wconf 81' lang='lat' dir='ltr'><em>veritate</em></span> <span class='ocrx_word' id='word_1_201' title='bbox 925 2021 1077 2059; x_wconf 86' lang='lat' dir='ltr'><em>dubitari</em></span> <span class='ocrx_word' id='word_1_202' title='bbox 1104 2036 1166 2059; x_wconf 89' lang='lat' dir='ltr'><em>non</em></span> <span class='ocrx_word' id='word_1_203' title='bbox 1189 2025 1306 2074; x_wconf 84' lang='lat' dir='ltr'><em>possit.</em></span> <span class='ocrx_word' id='word_1_204' title='bbox 1368 2025 1468 2075; x_wconf 78' lang='lat' dir='ltr'><em>Quod</em></span> <span class='ocrx_word' id='word_1_205' title='bbox 1492 2026 1522 2062; x_wconf 84' lang='lat' dir='ltr'><em>si</em></span> 
     </span>
     <span class='ocr_line' id='line_1_27' title="bbox 143 2073 1520 2125; baseline 0.004 -15"><span class='ocrx_word' id='word_1_206' title='bbox 143 2073 302 2125; x_wconf 82' lang='lat' dir='ltr'><em>quaedam</em></span> <span class='ocrx_word' id='word_1_207' title='bbox 312 2074 416 2122; x_wconf 87' lang='lat' dir='ltr'><em>falsa</em></span> <span class='ocrx_word' id='word_1_208' title='bbox 436 2074 513 2116; x_wconf 85' lang='lat' dir='ltr'><em>sint,</em></span> <span class='ocrx_word' id='word_1_209' title='bbox 533 2073 689 2124; x_wconf 80' lang='lat' dir='ltr'><em>quaedam</em></span> <span class='ocrx_word' id='word_1_210' title='bbox 715 2088 777 2111; x_wconf 84' lang='lat' dir='ltr'><em>non</em></span> <span class='ocrx_word' id='word_1_211' title='bbox 803 2075 866 2118; x_wconf 89' lang='lat' dir='ltr'><em>ita,</em></span> <span class='ocrx_word' id='word_1_212' title='bbox 886 2076 937 2111; x_wconf 84' lang='lat' dir='ltr'><em>uti</em></span> <span class='ocrx_word' id='word_1_213' title='bbox 961 2076 1128 2125; x_wconf 82' lang='lat' dir='ltr'><em>praedicta</em></span> <span class='ocrx_word' id='word_1_214' title='bbox 1154 2078 1233 2120; x_wconf 83' lang='lat' dir='ltr'><em>sint,</em></span> <span class='ocrx_word' id='word_1_215' title='bbox 1252 2078 1434 2124; x_wconf 80' lang='lat' dir='ltr'><em>eveniant3</em></span> <span class='ocrx_word' id='word_1_216' title='bbox 1465 2089 1520 2116; x_wconf 87' lang='lat' dir='ltr'><em>ta-</em></span> 
     </span>
     <span class='ocr_line' id='line_1_28' title="bbox 143 2128 1524 2179; baseline 0.004 -16"><span class='ocrx_word' id='word_1_217' title='bbox 143 2140 216 2164; x_wconf 85' lang='lat' dir='ltr'><em>men</em></span> <span class='ocrx_word' id='word_1_218' title='bbox 234 2141 297 2164; x_wconf 86' lang='lat' dir='ltr'><em>non</em></span> <span class='ocrx_word' id='word_1_219' title='bbox 315 2140 382 2164; x_wconf 88' lang='lat' dir='ltr'><em>esse</em></span> <span class='ocrx_word' id='word_1_220' title='bbox 394 2136 566 2178; x_wconf 83' lang='lat' dir='ltr'><em>propterea</em></span> <span class='ocrx_word' id='word_1_221' title='bbox 584 2128 821 2164; x_wconf 76' lang='lat' dir='ltr'><em>divinationem</em></span> <span class='ocrx_word' id='word_1_222' title='bbox 841 2128 1016 2165; x_wconf 84' lang='lat' dir='ltr'><em>tollendam</em></span> <span class='ocrx_word' id='word_1_223' title='bbox 1031 2146 1044 2165; x_wconf 89' lang='lat'><em>.·</em></span> <span class='ocrx_word' id='word_1_224' title='bbox 1074 2129 1164 2179; x_wconf 86' lang='lat' dir='ltr'><em>quod</em></span> <span class='ocrx_word' id='word_1_225' title='bbox 1175 2131 1465 2179; x_wconf 84' lang='lat' dir='ltr'><em>quemadmodum,</em></span> <span class='ocrx_word' id='word_1_226' title='bbox 1484 2140 1524 2169; x_wconf 76' lang='lat' dir='ltr'><em>ut</em></span> 
     </span>
     <span class='ocr_line' id='line_1_29' title="bbox 148 2180 1523 2233; baseline 0.004 -16"><span class='ocrx_word' id='word_1_227' title='bbox 148 2180 330 2231; x_wconf 83' lang='lat' dir='ltr'><em>Cratippus</em></span> <span class='ocrx_word' id='word_1_228' title='bbox 357 2180 580 2224; x_wconf 84' lang='lat' dir='ltr'><em>concludebat,</em></span> <span class='ocrx_word' id='word_1_229' title='bbox 609 2181 693 2217; x_wconf 87' lang='lat' dir='ltr'><em>oculi</em></span> <span class='ocrx_word' id='word_1_230' title='bbox 715 2182 843 2231; x_wconf 81' lang='lat' dir='ltr'><em>possint</em></span> <span class='ocrx_word' id='word_1_231' title='bbox 869 2182 1050 2232; x_wconf 83' lang='lat' dir='ltr'><em>aliquando</em></span> <span class='ocrx_word' id='word_1_232' title='bbox 1079 2196 1141 2220; x_wconf 85' lang='lat' dir='ltr'><em>non</em></span> <span class='ocrx_word' id='word_1_233' title='bbox 1157 2184 1270 2233; x_wconf 79' lang='lat' dir='ltr'><em>fungi</em></span> <span class='ocrx_word' id='word_1_234' title='bbox 1293 2198 1352 2220; x_wconf 81' lang='lat' dir='ltr'><em>suo</em></span> <span class='ocrx_word' id='word_1_235' title='bbox 1380 2197 1523 2228; x_wconf 83' lang='lat' dir='ltr'><em>munere,</em></span> 
     </span>
     <span class='ocr_line' id='line_1_30' title="bbox 143 2234 1525 2286; baseline 0.004 -16"><span class='ocrx_word' id='word_1_236' title='bbox 143 2247 246 2284; x_wconf 88' lang='lat' dir='ltr'><em>neque</em></span> <span class='ocrx_word' id='word_1_237' title='bbox 264 2243 375 2270; x_wconf 85' lang='lat' dir='ltr'><em>tamen</em></span> <span class='ocrx_word' id='word_1_238' title='bbox 395 2243 570 2284; x_wconf 81' lang='lat' dir='ltr'><em>propterea</em></span> <span class='ocrx_word' id='word_1_239' title='bbox 589 2247 652 2270; x_wconf 87' lang='lat' dir='ltr'><em>non</em></span> <span class='ocrx_word' id='word_1_240' title='bbox 669 2234 712 2270; x_wconf 83' lang='lat' dir='ltr'><em>sit</em></span> <span class='ocrx_word' id='word_1_241' title='bbox 731 2248 806 2271; x_wconf 88' lang='lat' dir='ltr'><em>usus</em></span> <span class='ocrx_word' id='word_1_242' title='bbox 825 2235 990 2271; x_wconf 85' lang='lat' dir='ltr'><em>oculorum</em></span> <span class='ocrx_word' id='word_1_243' title='bbox 1008 2251 1017 2277; x_wconf 82' lang='lat'>3</span> <span class='ocrx_word' id='word_1_244' title='bbox 1046 2236 1106 2271; x_wconf 87' lang='lat' dir='ltr'><em>sed</em></span> <span class='ocrx_word' id='word_1_245' title='bbox 1129 2238 1186 2286; x_wconf 87' lang='lat' dir='ltr'><em>qui</em></span> <span class='ocrx_word' id='word_1_246' title='bbox 1204 2237 1264 2272; x_wconf 68' lang='lat' dir='ltr'><em>‘vel</em></span> <span class='ocrx_word' id='word_1_247' title='bbox 1279 2238 1380 2274; x_wconf 89' lang='lat' dir='ltr'><em>semel</em></span> <span class='ocrx_word' id='word_1_248' title='bbox 1402 2239 1453 2274; x_wconf 87' lang='lat' dir='ltr'><em>ita</em></span> <span class='ocrx_word' id='word_1_249' title='bbox 1480 2239 1525 2276; x_wconf 87' lang='lat' dir='ltr'><em>sit</em></span> 
     </span>
     <span class='ocr_line' id='line_1_31' title="bbox 144 2287 1523 2330; baseline 0.004 -8"><span class='ocrx_word' id='word_1_250' title='bbox 144 2300 224 2323; x_wconf 85' lang='lat' dir='ltr'><em>usus</em></span> <span class='ocrx_word' id='word_1_251' title='bbox 241 2287 356 2330; x_wconf 87' lang='lat' dir='ltr'><em>oculis,</em></span> <span class='ocrx_word' id='word_1_252' title='bbox 378 2296 416 2322; x_wconf 81' lang='lat' dir='ltr'><em>ut</em></span> <span class='ocrx_word' id='word_1_253' title='bbox 434 2300 519 2323; x_wconf 78' lang='lat' dir='ltr'><em>vera</em></span> <span class='ocrx_word' id='word_1_254' title='bbox 546 2297 698 2330; x_wconf 78' lang='lat' dir='ltr'><em>cerneret,</em></span> <span class='ocrx_word' id='word_1_255' title='bbox 718 2288 745 2323; x_wconf 85' lang='lat' dir='ltr'><em>is</em></span> <span class='ocrx_word' id='word_1_256' title='bbox 766 2287 900 2324; x_wconf 82' lang='lat' dir='ltr'><em>haberet</em></span> <span class='ocrx_word' id='word_1_257' title='bbox 928 2302 1056 2324; x_wconf 68' lang='lat' dir='ltr'><em>sensum</em></span> <span class='ocrx_word' id='word_1_258' title='bbox 1085 2289 1250 2326; x_wconf 82' lang='lat' dir='ltr'><em>oculorum</em></span> <span class='ocrx_word' id='word_1_259' title='bbox 1277 2303 1362 2327; x_wconf 81' lang='lat' dir='ltr'><em>vera</em></span> <span class='ocrx_word' id='word_1_260' title='bbox 1390 2304 1523 2328; x_wconf 87' lang='lat' dir='ltr'><em>cernen-</em></span> 
     </span>
     <span class='ocr_line' id='line_1_32' title="bbox 145 2339 1525 2394; baseline 0.004 -18"><span class='ocrx_word' id='word_1_261' title='bbox 145 2340 230 2377; x_wconf 80' lang='lat' dir='ltr'><em>tium</em></span> <span class='ocrx_word' id='word_1_262' title='bbox 246 2355 258 2376; x_wconf 91' lang='lat'><em>:</em></span> <span class='ocrx_word' id='word_1_263' title='bbox 286 2341 334 2376; x_wconf 90' lang='lat' dir='ltr'><em>sic</em></span> <span class='ocrx_word' id='word_1_264' title='bbox 353 2339 401 2376; x_wconf 85' lang='lat' dir='ltr'><em>ad</em></span> <span class='ocrx_word' id='word_1_265' title='bbox 416 2339 677 2385; x_wconf 74' lang='lat' dir='ltr'><em>corfirmandum</em></span> <span class='ocrx_word' id='word_1_266' title='bbox 696 2340 935 2377; x_wconf 81' lang='lat' dir='ltr'><em>divinationem</em></span> <span class='ocrx_word' id='word_1_267' title='bbox 955 2342 1038 2378; x_wconf 82' lang='lat' dir='ltr'><em>satis</em></span> <span class='ocrx_word' id='word_1_268' title='bbox 1055 2342 1112 2385; x_wconf 87' lang='lat' dir='ltr'><em>sit,</em></span> <span class='ocrx_word' id='word_1_269' title='bbox 1131 2343 1230 2379; x_wconf 88' lang='lat' dir='ltr'><em>semel</em></span> <span class='ocrx_word' id='word_1_270' title='bbox 1245 2343 1378 2394; x_wconf 83' lang='lat' dir='ltr'><em>aliquid</em></span> <span class='ocrx_word' id='word_1_271' title='bbox 1393 2357 1458 2381; x_wconf 88' lang='lat' dir='ltr'><em>esse</em></span> <span class='ocrx_word' id='word_1_272' title='bbox 1475 2345 1525 2381; x_wconf 87' lang='lat' dir='ltr'><em>ita</em></span> 
     </span>
     <span class='ocr_line' id='line_1_33' title="bbox 146 2392 1527 2439; baseline 0.004 -9"><span class='ocrx_word' id='word_1_273' title='bbox 146 2392 353 2435; x_wconf 83' lang='lat' dir='ltr'><em>divinatum,</em></span> <span class='ocrx_word' id='word_1_274' title='bbox 379 2402 417 2429; x_wconf 86' lang='lat' dir='ltr'><em>ut</em></span> <span class='ocrx_word' id='word_1_275' title='bbox 443 2392 481 2429; x_wconf 81' lang='lat' dir='ltr'><em>ia&#39;</em></span> <span class='ocrx_word' id='word_1_276' title='bbox 507 2407 569 2429; x_wconf 89' lang='lat' dir='ltr'><em>non</em></span> <span class='ocrx_word' id='word_1_277' title='bbox 587 2393 735 2439; x_wconf 87' lang='lat' dir='ltr'><em>fortuito</em></span> <span class='ocrx_word' id='word_1_278' title='bbox 761 2394 911 2431; x_wconf 83' lang='lat' dir='ltr'><em>cecidisse</em></span> <span class='ocrx_word' id='word_1_279' title='bbox 936 2394 1107 2432; x_wconf 78' lang='lat' dir='ltr'><em>videatur.</em></span> <span class='ocrx_word' id='word_1_280' title='bbox 1135 2409 1165 2432; x_wconf 88' lang='lat' dir='ltr'><em>c.</em></span> <span class='ocrx_word' id='word_1_281' title='bbox 1186 2402 1251 2433; x_wconf 83' lang='lat'><em>22.</em></span> <span class='ocrx_word' id='word_1_282' title='bbox 1307 2398 1390 2433; x_wconf 87' lang='lat' dir='ltr'><em>Esse</em></span> <span class='ocrx_word' id='word_1_283' title='bbox 1415 2407 1527 2435; x_wconf 84' lang='lat' dir='ltr'><em>autem</em></span> 
     </span>
     <span class='ocr_line' id='line_1_34' title="bbox 147 2444 1528 2501; baseline 0.004 -20"><span class='ocrx_word' id='word_1_284' title='bbox 147 2444 400 2489; x_wconf 78' lang='lat' dir='ltr'><em>divinationem,</em></span> <span class='ocrx_word' id='word_1_285' title='bbox 415 2456 542 2496; x_wconf 82' lang='lat' dir='ltr'><em>praeter</em></span> <span class='ocrx_word' id='word_1_286' title='bbox 559 2447 721 2497; x_wconf 82' lang='lat' dir='ltr'><em>exempla,</em></span> <span class='ocrx_word' id='word_1_287' title='bbox 740 2446 914 2493; x_wconf 84' lang='lat' dir='ltr'><em>confirmat</em></span> <span class='ocrx_word' id='word_1_288' title='bbox 932 2457 1002 2484; x_wconf 91' lang='lat' dir='ltr'><em>tum</em></span> <span class='ocrx_word' id='word_1_289' title='bbox 1021 2461 1175 2485; x_wconf 87' lang='lat' dir='ltr'><em>consensu</em></span> <span class='ocrx_word' id='word_1_290' title='bbox 1189 2450 1341 2498; x_wconf 80' lang='lat' dir='ltr'><em>gentium</em></span> <span class='ocrx_word' id='word_1_291' title='bbox 1367 2459 1398 2487; x_wconf 89' lang='lat' dir='ltr'><em>et</em></span> <span class='ocrx_word' id='word_1_292' title='bbox 1420 2461 1528 2501; x_wconf 82' lang='lat' dir='ltr'><em>popu·</em></span> 
     </span>
     <span class='ocr_line' id='line_1_35' title="bbox 147 2497 1526 2553; baseline 0.005 -20"><span class='ocrx_word' id='word_1_293' title='bbox 147 2497 267 2542; x_wconf 87' lang='lat' dir='ltr'><em>lorum,</em></span> <span class='ocrx_word' id='word_1_294' title='bbox 287 2512 458 2550; x_wconf 80' lang='lat' dir='ltr'><em>rerumque</em></span> <span class='ocrx_word' id='word_1_295' title='bbox 480 2499 693 2550; x_wconf 76' lang='lat' dir='ltr'><em>publicarunt</em></span> <span class='ocrx_word' id='word_1_296' title='bbox 711 2501 867 2544; x_wconf 88' lang='lat' dir='ltr'><em>omnium,</em></span> <span class='ocrx_word' id='word_1_297' title='bbox 889 2500 1153 2551; x_wconf 81' lang='lat' dir='ltr'><em>philosophorum</em></span> <span class='ocrx_word' id='word_1_298' title='bbox 1174 2503 1273 2539; x_wconf 86' lang='lat' dir='ltr'><em>etiam</em></span> <span class='ocrx_word' id='word_1_299' title='bbox 1292 2512 1324 2539; x_wconf 85' lang='lat' dir='ltr'><em>et</em></span> <span class='ocrx_word' id='word_1_300' title='bbox 1338 2505 1526 2553; x_wconf 69' lang='lat' dir='ltr'><em>poetarum,</em></span> 
     </span>
     <span class='ocr_line' id='line_1_36' title="bbox 149 2551 1528 2604; baseline 0.004 -17"><span class='ocrx_word' id='word_1_301' title='bbox 149 2564 179 2587; x_wconf 88' lang='lat' dir='ltr'><em>c.</em></span> <span class='ocrx_word' id='word_1_302' title='bbox 199 2551 236 2587; x_wconf 89' lang='grc'><em>6.</em></span> <span class='ocrx_word' id='word_1_303' title='bbox 256 2556 320 2588; x_wconf 82' lang='lat'><em>40.</em></span> <span class='ocrx_word' id='word_1_304' title='bbox 340 2557 403 2588; x_wconf 89' lang='lat'><em>41.</em></span> <span class='ocrx_word' id='word_1_305' title='bbox 432 2562 503 2588; x_wconf 88' lang='lat' dir='ltr'><em>tum</em></span> <span class='ocrx_word' id='word_1_306' title='bbox 531 2553 656 2589; x_wconf 83' lang='lat' dir='ltr'><em>ratione</em></span> <span class='ocrx_word' id='word_1_307' title='bbox 674 2552 737 2589; x_wconf 85' lang='lat' dir='ltr'><em>bac</em></span> <span class='ocrx_word' id='word_1_308' title='bbox 752 2569 763 2588; x_wconf 90' lang='lat'><em>.·</em></span> <span class='ocrx_word' id='word_1_309' title='bbox 796 2553 836 2590; x_wconf 91' lang='lat' dir='ltr'><em>Si</em></span> <span class='ocrx_word' id='word_1_310' title='bbox 854 2561 932 2590; x_wconf 87' lang='lat' dir='ltr'><em>sunt</em></span> <span class='ocrx_word' id='word_1_311' title='bbox 954 2555 1028 2595; x_wconf 84' lang='lat' dir='ltr'><em>Dii,</em></span> <span class='ocrx_word' id='word_1_312' title='bbox 1049 2567 1151 2604; x_wconf 88' lang='lat' dir='ltr'><em>neque</em></span> <span class='ocrx_word' id='word_1_313' title='bbox 1175 2564 1252 2593; x_wconf 86' lang='lat' dir='ltr'><em>ante</em></span> <span class='ocrx_word' id='word_1_314' title='bbox 1278 2555 1453 2594; x_wconf 83' lang='lat' dir='ltr'><em>declarant</em></span> <span class='ocrx_word' id='word_1_315' title='bbox 1472 2557 1528 2593; x_wconf 86' lang='lat' dir='ltr'><em>bo-</em></span> 
     </span>
     <span class='ocr_line' id='line_1_37' title="bbox 150 2602 1530 2660; baseline 0.004 -20"><span class='ocrx_word' id='word_1_316' title='bbox 150 2602 308 2647; x_wconf 85' lang='lat' dir='ltr'><em>minibus,</em></span> <span class='ocrx_word' id='word_1_317' title='bbox 328 2617 407 2653; x_wconf 82' lang='lat' dir='ltr'><em>quae</em></span> <span class='ocrx_word' id='word_1_318' title='bbox 420 2606 551 2653; x_wconf 85' lang='lat' dir='ltr'><em>futura</em></span> <span class='ocrx_word' id='word_1_319' title='bbox 570 2615 646 2642; x_wconf 90' lang='lat' dir='ltr'><em>sunt</em></span> <span class='ocrx_word' id='word_1_320' title='bbox 661 2622 674 2643; x_wconf 90' lang='lat'><em>:</em></span> <span class='ocrx_word' id='word_1_321' title='bbox 703 2615 764 2642; x_wconf 87' lang='lat' dir='ltr'><em>aut</em></span> <span class='ocrx_word' id='word_1_322' title='bbox 783 2620 845 2642; x_wconf 87' lang='lat' dir='ltr'><em>non</em></span> <span class='ocrx_word' id='word_1_323' title='bbox 864 2607 1011 2656; x_wconf 58' lang='lat' dir='ltr'><em>diligunt</em></span> <span class='ocrx_word' id='word_1_324' title='bbox 1030 2606 1171 2644; x_wconf 85' lang='lat' dir='ltr'><em>homines</em></span> <span class='ocrx_word' id='word_1_325' title='bbox 1188 2625 1197 2654; x_wconf 85' lang='lat'><em>3</em></span> <span class='ocrx_word' id='word_1_326' title='bbox 1229 2617 1302 2653; x_wconf 86' lang='lat' dir='ltr'><em>aut,</em></span> <span class='ocrx_word' id='word_1_327' title='bbox 1321 2609 1404 2660; x_wconf 85' lang='lat' dir='ltr'><em>quid</em></span> <span class='ocrx_word' id='word_1_328' title='bbox 1429 2623 1530 2647; x_wconf 82' lang='lat' dir='ltr'><em>even·</em></span> 
     </span>
     <span class='ocr_line' id='line_1_38' title="bbox 151 2656 1536 2712; baseline 0.004 -20"><span class='ocrx_word' id='word_1_329' title='bbox 151 2666 265 2693; x_wconf 82' lang='lat' dir='ltr'><em>turum</em></span> <span class='ocrx_word' id='word_1_330' title='bbox 292 2656 349 2700; x_wconf 91' lang='lat' dir='ltr'><em>sit,</em></span> <span class='ocrx_word' id='word_1_331' title='bbox 368 2657 524 2704; x_wconf 81' lang='lat' dir='ltr'><em>ignorant</em></span> <span class='ocrx_word' id='word_1_332' title='bbox 542 2674 552 2702; x_wconf 92' lang='lat'>;</span> <span class='ocrx_word' id='word_1_333' title='bbox 579 2665 643 2695; x_wconf 77' lang='lat' dir='ltr'><em>aut</em></span> <span class='ocrx_word' id='word_1_334' title='bbox 658 2660 863 2702; x_wconf 82' lang='lat' dir='ltr'><em>existimant,</em></span> <span class='ocrx_word' id='word_1_335' title='bbox 885 2660 935 2696; x_wconf 90' lang='lat' dir='ltr'><em>nil</em></span> <span class='ocrx_word' id='word_1_336' title='bbox 960 2661 1110 2698; x_wconf 79' lang='lat' dir='ltr'><em>interesse</em></span> <span class='ocrx_word' id='word_1_337' title='bbox 1136 2660 1315 2705; x_wconf 86' lang='lat' dir='ltr'><em>bominum,</em></span> <span class='ocrx_word' id='word_1_338' title='bbox 1335 2664 1431 2707; x_wconf 89' lang='lat' dir='ltr'><em>scire,</em></span> <span class='ocrx_word' id='word_1_339' title='bbox 1451 2660 1536 2712; x_wconf 83' lang='lat' dir='ltr'><em>quid</em></span> 
     </span>
     <span class='ocr_line' id='line_1_39' title="bbox 140 2709 1532 2765; baseline 0.005 -21"><span class='ocrx_word' id='word_1_340' title='bbox 140 2709 307 2759; x_wconf 86' lang='lat' dir='ltr'><em>futurum</em></span> <span class='ocrx_word' id='word_1_341' title='bbox 335 2709 378 2745; x_wconf 85' lang='lat' dir='ltr'><em>sit</em></span> <span class='ocrx_word' id='word_1_342' title='bbox 397 2725 407 2754; x_wconf 81' lang='lat'><em>3</em></span> <span class='ocrx_word' id='word_1_343' title='bbox 437 2719 498 2746; x_wconf 84' lang='lat' dir='ltr'><em>aut</em></span> <span class='ocrx_word' id='word_1_344' title='bbox 523 2724 586 2748; x_wconf 89' lang='lat' dir='ltr'><em>non</em></span> <span class='ocrx_word' id='word_1_345' title='bbox 609 2719 740 2748; x_wconf 84' lang='lat' dir='ltr'><em>censent</em></span> <span class='ocrx_word' id='word_1_346' title='bbox 769 2726 841 2749; x_wconf 82' lang='lat' dir='ltr'><em>suae</em></span> <span class='ocrx_word' id='word_1_347' title='bbox 872 2714 1070 2760; x_wconf 88' lang='lat' dir='ltr'><em>majestatis,</em></span> <span class='ocrx_word' id='word_1_348' title='bbox 1076 2715 1211 2763; x_wconf 85' lang='lat' dir='ltr'><em>futura</em></span> <span class='ocrx_word' id='word_1_349' title='bbox 1231 2715 1417 2752; x_wconf 83' lang='lat' dir='ltr'><em>bominibus</em></span> <span class='ocrx_word' id='word_1_350' title='bbox 1438 2726 1532 2765; x_wconf 81' lang='lat' dir='ltr'><em>prae·</em></span> 
     </span>
     <span class='ocr_line' id='line_1_40' title="bbox 118 2761 1533 2817; baseline 0.006 -20"><span class='ocrx_word' id='word_1_351' title='bbox 118 2783 121 2786; x_wconf 87' lang='lat'><em>-</em></span> <span class='ocrx_word' id='word_1_352' title='bbox 152 2761 343 2811; x_wconf 72' lang='lat' dir='ltr'><em>significare</em></span> <span class='ocrx_word' id='word_1_353' title='bbox 361 2778 370 2805; x_wconf 92' lang='lat'>;</span> <span class='ocrx_word' id='word_1_354' title='bbox 397 2771 460 2798; x_wconf 87' lang='lat' dir='ltr'><em>aut</em></span> <span class='ocrx_word' id='word_1_355' title='bbox 478 2775 518 2799; x_wconf 88' lang='lat' dir='ltr'><em>ea</em></span> <span class='ocrx_word' id='word_1_356' title='bbox 537 2777 576 2800; x_wconf 89' lang='lat' dir='ltr'><em>ne</em></span> <span class='ocrx_word' id='word_1_357' title='bbox 592 2764 784 2814; x_wconf 81' lang='lat' dir='ltr'><em>significare</em></span> <span class='ocrx_word' id='word_1_358' title='bbox 800 2766 930 2816; x_wconf 85' lang='lat' dir='ltr'><em>quidem</em></span> <span class='ocrx_word' id='word_1_359' title='bbox 953 2777 1105 2817; x_wconf 83' lang='lat' dir='ltr'><em>possunt.</em></span> <span class='ocrx_word' id='word_1_360' title='bbox 1159 2771 1210 2805; x_wconf 86' lang='lat' dir='ltr'><em>At</em></span> <span class='ocrx_word' id='word_1_361' title='bbox 1229 2781 1330 2817; x_wconf 87' lang='lat' dir='ltr'><em>neque</em></span> <span class='ocrx_word' id='word_1_362' title='bbox 1353 2767 1402 2806; x_wconf 53' lang='grc' dir='ltr'><em>ἐς</em></span> <span class='ocrx_word' id='word_1_363' title='bbox 1402 2782 1430 2805; x_wconf 93' lang='lat' dir='ltr'><em>c.</em></span> <span class='ocrx_word' id='word_1_364' title='bbox 1455 2766 1533 2805; x_wconf 55' lang='lat' dir='ltr'><em>&amp;a</em></span> 
     </span>
     <span class='ocr_line' id='line_1_41' title="bbox 151 2816 1535 2870; baseline 0.003 -17"><span class='ocrx_word' id='word_1_365' title='bbox 151 2828 182 2859; x_wconf 68' lang='lat' dir='ltr'><em>,u-</em></span> <span class='ocrx_word' id='word_1_366' title='bbox 203 2820 268 2854; x_wconf 85' lang='lat'><em>38.</em></span> <span class='ocrx_word' id='word_1_367' title='bbox 321 2816 432 2854; x_wconf 81' lang='lat' dir='ltr'><em>Ducit</em></span> <span class='ocrx_word' id='word_1_368' title='bbox 450 2824 560 2854; x_wconf 74' lang='lat' dir='ltr'><em>autem</em></span> <span class='ocrx_word' id='word_1_369' title='bbox 578 2816 820 2869; x_wconf 78' lang='lat' dir='ltr'><em>divinationem</em></span> <span class='ocrx_word' id='word_1_370' title='bbox 838 2832 962 2856; x_wconf 86' lang='lat' dir='ltr'><em>omnem</em></span> <span class='ocrx_word' id='word_1_371' title='bbox 979 2833 1002 2857; x_wconf 87' lang='lat' dir='ltr'><em>a</em></span> <span class='ocrx_word' id='word_1_372' title='bbox 1018 2820 1126 2859; x_wconf 81' lang='lat' dir='ltr'><em>tribus</em></span> <span class='ocrx_word' id='word_1_373' title='bbox 1145 2821 1256 2865; x_wconf 82' lang='lat' dir='ltr'><em>rebus,</em></span> <span class='ocrx_word' id='word_1_374' title='bbox 1271 2834 1292 2857; x_wconf 86' lang='lat' dir='ltr'><em>a</em></span> <span class='ocrx_word' id='word_1_375' title='bbox 1299 2821 1399 2870; x_wconf 87' lang='lat' dir='ltr'><em>fato,</em></span> <span class='ocrx_word' id='word_1_376' title='bbox 1417 2833 1439 2856; x_wconf 88' lang='lat' dir='ltr'><em>a</em></span> <span class='ocrx_word' id='word_1_377' title='bbox 1462 2821 1535 2857; x_wconf 80' lang='lat' dir='ltr'><em>Deo</em></span> 
     </span>
     <span class='ocr_line' id='line_1_42' title="bbox 811 2869 919 2913; baseline 0.037 -4"><span class='ocrx_word' id='word_1_378' title='bbox 811 2883 836 2910; x_wconf 86' lang='lat'><em>1..</em></span> <span class='ocrx_word' id='word_1_379' title='bbox 857 2869 872 2910; x_wconf 88' lang='lat' dir='ltr'>l</span> <span class='ocrx_word' id='word_1_380' title='bbox 895 2883 919 2913; x_wconf 80' lang='lat'><em>2</em></span> 
     </span>
    </p>
   </div>
   <div class='ocr_carea' id='block_1_7' title="bbox 1524 271 1620 304">
    <p class='ocr_par' dir='ltr' id='par_1_7' title="bbox 1524 271 1620 304">
     <span class='ocr_line' id='line_1_43' title="bbox 1524 271 1620 304; baseline 0.021 -9"><span class='ocrx_word' id='word_1_381' title='bbox 1524 273 1555 304; x_wconf 84' lang='lat' dir='ltr'><em>p.</em></span> <span class='ocrx_word' id='word_1_382' title='bbox 1569 271 1620 297; x_wconf 79' lang='lat' dir='ltr'><em>eo.</em></span> 
     </span>
    </p>
   </div>
  </div>
 </body>
</html>
