1778 3095
196 120 274 154 332
542 114 797 154 TUSCUL.
827 114 1270 153 QUAESTIONUM

152 236 179 283 l
197 226 356 298 CUM
377 256 520 299 multis
540 257 645 299 locis
660 266 899 299 nostrorum
923 257 1145 300 hominum
1158 256 1342 313 ingenia,
1359 255 1630 313 virtutesque,

161 311 340 365 1Brute,
361 314 477 355 soleo
498 314 653 364 mirari,
684 324 776 355 tum
807 314 988 355 maxime
1018 315 1082 356 his
1116 314 1159 355 in
1192 313 1355 363 studiis,
1383 322 1503 369 lquae
1535 328 1627 356 sero

190 370 423 412 admodum
446 371 644 427 expetita,
664 370 706 411 in
728 371 835 411 lianc
855 371 1063 412 civitatem
1081 385 1103 411 e
1125 371 1291 411 Graecia
1312 370 1628 412 transtulerunt.

191 441 287 469 nam
309 443 407 470 cum
427 443 452 468 a
476 427 613 483 primo
634 427 748 469 urbis
779 438 891 476 ortu,
919 427 1046 483 regiis
1072 427 1288 478 institutis,
1317 428 1469 483 partim
1499 428 1628 468 etiam

188 482 372 539 legibus,
389 484 588 539 auspicia,
607 483 884 533 caeremoniae,
903 484 1089 534 comitia,
1112 485 1442 538 provocationes,
1460 493 1628 539 patrum

189 541 430 591 consilium,
460 540 649 596 equitum
681 539 956 595 peditumque
988 540 1227 595 descriptio,
1258 552 1347 582 tota
1377 556 1440 581 res
1472 540 1626 581 milita-

189 596 257 647 ris,
289 597 485 639 divinitus
510 606 653 637 2esset
681 597 932 646 constituta3
963 606 1053 638 tum
1083 598 1322 651 progressio
1351 596 1625 646 admirabilis,

189 652 528 709 incredibilisque
569 668 714 694 cursus
754 652 805 692 ad
841 667 1012 693 omnem
1049 653 1338 694 excellentiam
1375 655 1509 694 factus
1549 662 1628 703 est,

188 708 409 752 dominatu
447 710 565 765 regio
598 708 813 764 republica
848 709 1036 750 liberata.
1069 723 1144 749 nec
1174 723 1270 749 vero
1301 710 1368 751 hic
1399 710 1518 751 locus
1547 718 1625 760 est,

185 778 235 807 ut
256 767 308 807 de
328 767 517 808 moribus
538 766 825 820 institutisque
856 765 1082 821 majorum,
1116 773 1157 805 et
1188 765 1409 819 disciplina
1436 781 1484 807 ac
1516 777 1624 808 tem-

185 824 402 877 peratione
434 822 616 864 civitatis
648 823 887 879 loquamur.
919 823 1009 863 aliis
1039 821 1130 862 haec
1162 821 1265 862 locis
1292 822 1389 863 satis
1428 833 1623 864 accurate

186 880 353 920 anobis
373 879 485 920 dicta
507 889 619 928 sunt,
640 879 903 934 maximeque
935 879 973 920 in
1006 879 1055 919 iis
1087 893 1157 919 sex
1189 877 1320 926 libris,
1351 894 1458 933 quos
1487 880 1539 920 de
1559 894 1624 920 re-

149 936 357 990 2publica
395 936 651 991 scripsimusr
714 937 809 976 Hoc
857 946 999 977 autem
1050 934 1149 976 Ioco
1200 934 1482 976 consideranti
1520 935 1624 978 mihi

185 992 326 1033 studia
358 993 577 1043 doctrinae,
608 992 742 1033 multa
774 1007 870 1034 sanc
907 1003 1148 1042 occurrunt,
1182 1006 1256 1032 cur
1286 1006 1336 1031 ea
1365 1006 1536 1048 quoque
1556 1007 1623 1033 ar·

184 1049 337 1090 cessita
355 1049 537 1098 aliunde,
559 1064 695 1106 neque
717 1049 854 1090 solum
884 1049 1081 1103 expetita,
1114 1048 1187 1089 sed
1218 1047 1344 1088 etiam
1367 1057 1623 1099 conservata,

184 1114 228 1146 et
257 1106 371 1147 culta
398 1106 625 1148 videantur.
660 1115 752 1146 erat
783 1106 893 1146 enim
924 1106 1006 1146 illis
1036 1119 1155 1160 paene
1184 1104 1227 1144 in
1257 1114 1487 1160 conspectu
1515 1119 1623 1161 prae-

185 1163 312 1203 stanti
346 1163 550 1218 sapientia
577 1172 619 1203 et
650 1162 869 1203 nobilitate
902 1162 1179 1218 PythagoraS,
1211 1161 1283 1215 qui
1313 1161 1394 1202 fuit
1424 1162 1467 1202 in
1502 1161 1623 1203 Italia

140 1220 445 1275 b-temporibus
463 1219 628 1269 iisdem,
649 1219 802 1274 quibus
823 1220 872 1259 L.
895 1219 1051 1259 Brutus
1082 1217 1259 1272 patriam
1287 1217 1492 1268 liberavit,
1514 1232 1622 1273 prae-

181 1275 320 1317 clarus
354 1287 504 1318 auctor
537 1275 900 1316 nobilitatis-tuae.
962 1275 1216 1330 Pythagorae
1251 1283 1394 1315 autem
1433 1273 1626 1316 doctrina

181 1346 281 1372 cum
323 1333 451 1388 longe
483 1332 653 1388 lateque
691 1333 854 1382 flueret,
893 1331 1199 1387 permanavisse
1235 1329 1341 1370 mihi
1378 1330 1542 1372 videtur
1580 1331 1622 1373 in

180 1387 289 1430 hanc
323 1389 560 1430 civitatem:
594 1389 721 1445 idque
752 1403 850 1429 curn
884 1387 1129 1444 conjectura
1162 1386 1383 1444 probabile
1416 1396 1495 1436 est,
1528 1395 1620 1429 tum

180 1445 434 1500 quibusdam
455 1446 583 1487 etiam
601 1445 789 1501 vestigiis
806 1444 1028 1488 indicatur.
1053 1444 1146 1500 quis
1164 1444 1277 1484 enim
1293 1453 1370 1493 est,
1392 1444 1466 1500 qui
1486 1452 1622 1500 putet,

178 1516 278 1542 cum
314 1503 482 1545 floreret
505 1510 522 1534 3
544 1503 604 1557 [in
638 1503 779 1556 Italia]
820 1501 987 1543 Graecia
1022 1500 1323 1556 potentissimis
1355 1511 1398 1541 et
1429 1501 1621 1543 maximis

178 1559 370 1610 urbibus,
392 1574 455 1610 ea,
507 1575 572 1601 uae
603 1574 759 1615 magna
787 1559 901 1600 dicta
929 1568 1007 1609 est,
1037 1557 1078 1598 in
1110 1557 1260 1614 hisque
1289 1558 1472 1612 primum
1491 1557 1622 1613 ipsius

180 1615 451 1672 Pythagorae,
477 1575 635 1657 c‹ileinde
668 1626 818 1671 postea
854 1614 1221 1671 Pythagoreorum
1258 1622 1423 1655 tantum
1464 1628 1621 1656 nornen

177 1683 304 1724 esset,
326 1682 567 1715 nostrorum
589 1672 811 1714 hominum
831 1671 884 1712 ad
905 1686 1053 1714 eorum
1075 1670 1342 1712 doctissimas
1361 1685 1483 1711 voces
1499 1685 1621 1712 aures

139 1728 340 1770 Sclausas
367 1730 522 1771 fuisse?
557 1729 802 1772 Quinetiam
831 1729 1026 1779 arbitror,
1059 1735 1232 1783 propter
1254 1726 1618 1783 Pythagoreorum

175 1785 516 1837 admirationem,
538 1787 728 1828 Numam
751 1799 922 1842 quoque
952 1799 1111 1840 regem,
1133 1783 1452 1839 Pythagoreum
1475 1798 1500 1824 a
1519 1798 1619 1840 pos-

175 1842 402 1885 terioribus
441 1844 744 1885 existimatum.
785 1857 883 1884 nam
921 1856 1019 1883 cum
1060 1840 1314 1897 Pythagorae
1353 1839 1618 1896 disciplinam

174 1907 218 1940 et
238 1899 430 1941 instituta
450 1908 771 1956 cognoscerent,
793 1898 988 1954 regisque
1004 1897 1095 1955 ejus
1113 1896 1371 1953 aequitatem,
1392 1905 1435 1939 et
1453 1897 1618 1953 sapien-

172 1955 277 1997 tiam
300 1971 324 1997 a
343 1957 576 2013 majoribus
605 1957 690 1998 suis
720 1957 995 2011 accepissent,
1026 1963 1169 1995 aetates
1200 1963 1343 1995 autem
1366 1961 1408 1995 et
1425 1962 1620 2010 tempora

173 2012 420 2068 ignorarent
440 2023 612 2070 propter
632 2022 898 2063 vetustatem,
919 2027 1034 2062 eum,
1056 2010 1128 2069 qui
1156 2010 1361 2066 sapientia
1380 2010 1618 2062 excelleret,

126 2064 430 2127 2>Pythagorae
456 2070 693 2112 auditorem
720 2070 850 2111 fuisse
882 2068 1166 2110 crediderunt.
1224 2069 1281 2108 Et
1300 2066 1353 2108 de
1373 2067 1619 2124 conjectura

173 2126 347 2183 quidem
377 2127 595 2169 hactenus
654 2127 850 2182 Vestigia
879 2135 1020 2167 autem
1055 2123 1435 2181 Pythagoreorum,
1465 2139 1617 2180 quam-

171 2198 297 2239 quam
320 2185 455 2226 multa
474 2184 620 2240 colligi
640 2192 834 2239 possunt,
863 2183 1007 2238 paucis
1039 2191 1181 2223 tamen
1208 2189 1392 2232 utemur,
1413 2180 1615 2237 quoniam

171 2255 256 2282 non
276 2240 319 2282 id
341 2241 484 2296 agitur
514 2241 598 2281 hoc
629 2249 837 2296 tempore.
869 2254 965 2280 nam
994 2253 1092 2279 cum
1123 2237 1381 2279 carminibus
1410 2236 1525 2278 soliti
1553 2237 1614 2281 illi

169 2310 261 2338 esse
302 2297 496 2338 dicantur
534 2306 577 2338 et
614 2306 825 2353 praecepta
863 2296 1060 2352 quaedam
1103 2294 1311 2336 occultius
1352 2293 1531 2345 tradere,
1572 2305 1617 2336 et

169 2363 332 2395 mentes
354 2369 449 2395 suas
469 2369 493 2395 a
513 2354 823 2410 cogitationum
854 2352 1102 2403 intentione,
1127 2358 1268 2401 cantu,
1298 2349 1534 2406 fidibusque
1560 2351 1615 2393 ad

168 2410 519 2467 tranquillitatem
548 2410 784 2461 traducere,
813 2410 1084 2466 gravissimus
1112 2416 1261 2449 auctor
1289 2406 1332 2448 in
1363 2406 1614 2462 Originibus

168 2467 276 2509 dixit
297 2467 424 2518 Cato,
455 2482 620 2508 morem
646 2467 760 2523 apud
785 2467 968 2522 majores
999 2466 1111 2506 hunc
1142 2463 1361 2520 epularum
1393 2463 1535 2514 fuisse,
1566 2474 1616 2508 ut

213 2570 226 2594 1
254 2573 319 2605 φα·
341 2574 400 2592 sero
423 2574 452 2592 a.
477 2562 605 2601 expetita
628 2561 658 2590 in
681 2561 709 2591 h.
734 2572 759 2591 c.
777 2573 791 2590 e
811 2561 868 2591 Gr.
914 2561 1062 2591 Davisius
1079 2567 1168 2589 essent
1183 2559 1290 2590 edidit.

168 2604 392 2645 transtulerunt]
408 2605 482 2635 Quo
492 2607 625 2644 pertinet
634 2604 871 2633 transtulerunt?
957 2611 974 2635 3
1001 2604 1030 2632 in
1049 2602 1153 2641 Italia]
1179 2603 1242 2633 Hic
1257 2603 1398 2643 primum
1414 2612 1465 2633 me
1481 2602 1613 2633 offendit

166 2658 209 2678 an
240 2649 278 2678 ad
306 2648 433 2688 ingenia,
467 2655 503 2678 ut
533 2658 569 2678 ea
607 2647 804 2678 transtulisse
834 2657 870 2676 ea
914 2656 1087 2677 concursus
1124 2647 1263 2676 duorum
1297 2645 1515 2681 ὁμοιοπλεύτων
1543 2654 1612 2675 ver-

167 2692 272 2722 studia
302 2692 441 2722 Romam
471 2692 627 2721 dicantur.
658 2691 776 2721 durum
807 2691 869 2719 hoc
913 2691 1051 2720 borum:
1076 2690 1189 2720 deinde
1205 2689 1413 2719 redundantia
1438 2688 1537 2726 hujus
1553 2697 1612 2718 no-

168 2735 272 2766 fuerit.
316 2735 504 2765 Ciceronem
520 2740 597 2774 puto
613 2734 771 2772 scripsisse
788 2740 868 2762 tran·
915 2734 1021 2763 minis.
1038 2742 1114 2763 narn
1138 2732 1216 2762 illud
1238 2732 1369 2762 Graeciae
1387 2732 1544 2767 additum,
1562 2742 1608 2767 ea,

168 2777 288 2808 sinunt.
909 2787 975 2817 quae
991 2787 1097 2815 magna
1120 2775 1199 2804 dicta
1222 2781 1274 2812 est,
1298 2775 1371 2805 satis
1396 2774 1555 2804 Graeciam
1574 2774 1607 2805 ln

211 2828 228 2850 9
253 2827 322 2850 esset
333 2819 505 2860 constituta]
531 2819 617 2849 Quia
637 2819 698 2848 hoc
715 2825 760 2848 est
777 2828 864 2848 com·
909 2826 1050 2849 extrema
1068 2818 1157 2849 ltalia
1173 2819 1337 2858 distinguit
1352 2818 1392 2847 ab
1408 2817 1514 2847 altera.
1546 2817 1606 2856 lgi-

167 2873 268 2894 mune
283 2863 426 2904 pluribus
439 2862 688 2903 praecedentibus
699 2872 762 2892 non
782 2861 865 2892 male
909 2868 960 2893 tur
976 2861 1054 2893 illud
1071 2861 1100 2891 in
1115 2860 1208 2892 ltalia
1223 2861 1300 2891 forte
1317 2867 1362 2892 est
1375 2870 1392 2891 a
1408 2860 1590 2901 glossatore.
