1778 3095
183 87 261 121 312
536 83 790 122 TUSCUL.
821 84 1268 124 QUAESTIONUM

142 198 173 227 b,
186 188 380 231 ardorem
412 189 561 243 libido,
582 193 793 235 levitatem
824 195 970 236 laetitia
1000 196 1200 251 gestiens,
1220 193 1503 235 humilitatem
1532 208 1622 236 me-

186 253 253 286 tus
275 262 285 287 :
317 246 391 288 sed
421 249 632 304 aegritudo
653 252 814 307 majora
835 252 1044 307 quaedam,
1068 253 1222 303 tabem,
1244 251 1492 301 cruciatum,
1515 250 1619 292 affii-

185 303 430 355 mationem,
453 306 712 349 foeditatem:
744 308 913 360 lacerat,
934 320 1049 350 exest
1068 309 1272 359 animum,
1293 308 1499 364 planeque
1519 322 1623 349 con-

185 357 285 401 ficit.
316 360 425 402 hanc
458 362 537 404 nisi
571 366 762 407 exuimus
798 365 871 416 sic,
904 375 953 407 ut
984 367 1248 422 abjiciamus,
1282 365 1448 406 miseria
1478 379 1620 406 carere

184 430 268 457 non
287 431 528 473 possumus.

121 479 171 511 28
241 474 387 529 Atque
418 475 500 517 hoc
529 477 699 532 quidem
727 479 996 533 perspicuum
1016 487 1094 529 est,
1117 488 1207 520 tum
1229 478 1523 535 aegritudinem
1547 491 1620 518 ex-

182 529 343 580 sistere,
364 546 462 573 cum
484 534 584 589 quid
606 534 664 575 ita
684 534 816 574 visum
839 535 905 584 sit,
930 545 977 575 ut
997 550 1200 590 magnum
1222 535 1436 592 quoddam
1458 534 1617 575 malum

181 585 343 638 adesse,
363 596 406 629 et
426 604 578 644 urgere
599 590 798 631 videatur.
860 591 1043 645 Epicuro
1072 601 1214 633 autem
1246 593 1399 648 placet,
1419 591 1617 646 opinione

181 643 296 693 mali,
332 646 625 700 aegritudinem
657 661 746 687 esse
777 656 938 696 natura,
972 655 1018 688 ut
1051 649 1307 704 quicumque
1337 650 1551 690 intueatur
1575 647 1618 688 in

179 698 353 755 aliquod
387 703 524 758 majus
560 703 734 753 malum,
771 704 805 744 si
840 704 882 744 id
918 704 997 744 sibi
1033 705 1231 746 accidisse
1263 706 1475 760 opinetur,
1510 714 1546 737 ⁵5
1565 704 1619 745 sit

179 757 383 798 continuo
413 759 455 798 in
487 759 749 814 aegritudine.
813 760 1036 817 Cyrenaici
1058 776 1141 802 non
1163 762 1279 802 omni
1302 762 1414 803 malo
1446 762 1619 817 negritu-

179 811 319 853 dinem
341 813 448 855 effici
467 825 650 866 censent,
687 817 758 857 sed
790 817 1002 872 insperato
1022 828 1064 858 et
1086 833 1161 858 nec
1192 819 1364 873 opinato
1395 818 1522 859 malo.
1552 826 1618 858 est

178 867 221 908 id
242 869 411 924 quidem
434 886 518 913 non
539 872 751 915 mediocre
781 874 834 915 ad
866 875 1159 929 aegritudinem
1187 875 1443 930 augendam.
1474 874 1618 915 viden-

175 933 247 1022 ἕω·
266 927 376 967 enim
408 928 550 970 omnia
580 930 795 985 repentina
824 931 1029 985 graviora.
1060 947 1110 972 ex
1140 932 1221 973 hoc
1242 941 1284 972 et
1303 931 1376 973 illa
1399 931 1497 987 jure
1524 930 1617 971 lau-

206 991 341 1024 antur.

278 1073 353 1122 Ego
373 1088 445 1111 cum
459 1077 575 1125 genui,
595 1084 664 1113 tum
685 1079 881 1114 moriturum
900 1079 1000 1119 sci-vi,
1019 1089 1048 1114 et
1068 1079 1096 1114 ei
1116 1079 1162 1115 rei
1177 1079 1310 1115 sustuli.

283 1128 453 1165 Prceterca
474 1129 522 1165 ad
542 1131 676 1176 Trojam
694 1145 767 1167 cum
789 1132 860 1167 misi
880 1131 919 1167 oh
939 1131 1177 1180 dffeudundum
1202 1133 1385 1173 Graeciam,

282 1181 436 1219 Sciebam
457 1196 506 1219 me
525 1185 559 1220 in
580 1184 785 1232 mortfflrum
808 1184 945 1228 bellum,
967 1199 1029 1221 non
1049 1185 1082 1221 in
1099 1185 1212 1236 epulas
1233 1186 1372 1222 mittere.

95 1261 282 1307 14Haee
317 1266 447 1321 igitur
477 1267 787 1322 praemeditatio
820 1268 1060 1309 futurorum
1090 1268 1315 1319 malorum,
1337 1268 1440 1310 lenit
1468 1282 1614 1309 eorum

111 1335 162 1378 29
174 1323 413 1373 adventum,
433 1339 526 1378 quae
548 1325 755 1365 venientia
774 1324 903 1380 longe
920 1335 1017 1366 ante
1038 1325 1201 1366 videris.
1235 1327 1374 1382 itaque
1394 1325 1504 1381 apud
1528 1327 1615 1366 Eu-

171 1379 351 1435 ripidem
373 1395 398 1420 a
417 1380 583 1422 Theseo
615 1381 729 1422 dicta
758 1381 998 1423 laudantur.
1028 1383 1127 1423 licet
1155 1383 1283 1436 enim,
1305 1391 1354 1425 ut
1380 1397 1493 1438 saepe
1512 1382 1615 1424 faci-

170 1451 281 1488 mus,
303 1436 343 1477 in
364 1437 565 1478 Latinum
586 1437 656 1479 illa
677 1448 937 1480 convertere.

277 1529 371 1566 Nam
391 1530 449 1580 qui
468 1529 541 1566 haec
558 1529 679 1567 audita
697 1544 719 1567 a
738 1529 829 1567 docto
845 1530 1060 1567 meminissem
1080 1531 1168 1575 viro,

276 1583 428 1621 Futuras
448 1597 570 1620 mecum
590 1584 837 1621 commentabar
857 1584 1004 1620 miserias
1024 1600 1034 1619 .-

275 1637 351 1673 Aut
370 1647 503 1673 mortem
523 1637 690 1680 acerbam,
711 1648 771 1674 aut
790 1638 899 1674 exsilii
918 1637 1225 1686 maeslamfugam,

275 1692 350 1727 Aut
367 1703 490 1741 semper
508 1691 658 1742 aliquam
680 1692 792 1728 molem
813 1691 1002 1728 meditabar
1022 1691 1104 1728 mali
1120 1708 1132 1727 .-

280 1744 338 1787 Ut,
357 1745 456 1794 siqua
472 1745 606 1781 invecta
627 1745 748 1781 dir-itas
763 1747 958 1793 casuforct,

276 1797 331 1834 Ne
350 1812 399 1835 me
411 1799 616 1849 imparatum
637 1813 718 1836 cura
734 1799 896 1836 laceraret
915 1810 1039 1850 repens.

103 1888 157 1920 30
168 1883 299 1925 Quod
319 1891 460 1924 autem
483 1884 674 1925 Theseus
695 1900 719 1925 a
740 1883 868 1925 docto
890 1899 933 1924 se
954 1884 1121 1925 audisse
1141 1883 1257 1934 dicit,
1279 1883 1322 1924 id
1344 1890 1382 1916 ⁵6
1399 1883 1452 1925 de
1474 1884 1613 1939 seipso

167 1939 355 1995 loquitur
384 1940 620 1996 Euripides.
653 1941 788 1981 fuerat
820 1941 930 1982 enim
963 1941 1131 1982 auditor
1151 1942 1452 1996 Anaxagorae:
1483 1956 1612 1997 quem

166 1996 322 2048 ferunt,
362 1997 550 2039 nuntiata
590 2007 726 2039 morte
760 1998 845 2048 filii,
879 1998 1048 2049 dixisse,
1084 1999 1275 2039 Sciebam
1309 2013 1377 2038 me
1413 1999 1612 2053 genuisse

37 2055 404 2095 P.197·1nortalem.
436 2071 531 2110 quae
555 2070 632 2096 vox
653 2055 852 2105 declarat,
874 2055 923 2096 iis
946 2070 1036 2096 esse
1057 2055 1148 2096 haec
1169 2055 1333 2105 acerba,
1352 2056 1505 2110 quibus
1527 2069 1612 2095 non

126 2109 321 2152 a’fuerint
350 2112 552 2166 cogitata.
583 2126 687 2167 ergo
717 2111 760 2152 id
794 2112 964 2168 quidem
999 2127 1083 2153 non
1114 2112 1306 2163 dubium,
1328 2112 1427 2167 quin
1455 2111 1612 2161 omnia,

167 2175 203 2204 57
221 2183 315 2223 quae
337 2169 448 2209 mala.
469 2177 683 2223 putentur,
706 2169 789 2210 sint
814 2169 1040 2224 improvisa
1061 2169 1267 2225 graviora.
1299 2169 1440 2223 itaque
1461 2182 1611 2223 quam,-

164 2239 293 2280 quam
327 2240 412 2266 non
444 2225 535 2267 haec
571 2241 654 2266 una
683 2241 747 2267 res
776 2226 903 2267 efficit
931 2226 1159 2266 maximam
1190 2225 1513 2280 aegritudinem:
1547 2233 1612 2264 ta-

161 2296 276 2333 men,
299 2283 500 2339 quoniam
523 2283 707 2323 multum
734 2291 877 2338 potest
907 2283 1089 2338 provisio
1121 2282 1264 2331 animi,
1287 2290 1329 2322 et
1360 2280 1611 2336 praeparatio

161 2338 214 2378 ad
235 2339 512 2380 minuendum
536 2339 744 2389 dolorem,
773 2340 856 2380 sint
887 2354 1053 2395 semper
1081 2339 1223 2379 omnia
1243 2338 1406 2379 homini
1427 2338 1612 2378 humana

162 2395 378 2437 meditata.
410 2405 453 2437 et
483 2397 682 2437 nimirum
705 2396 796 2437 haec
818 2404 882 2437 est
902 2396 972 2437 illa
998 2405 1201 2451 praestans
1223 2404 1264 2435 et
1284 2394 1422 2435 divina
1444 2395 1610 2449 sapien-

160 2451 232 2502 tia,
257 2461 294 2484 ⁵8
306 2462 348 2493 et
368 2463 601 2509 praeceptas
620 2453 788 2509 penitus
810 2461 853 2494 et
871 2460 1146 2509 pertractatas
1167 2452 1373 2492 humanas
1394 2466 1458 2492 res
1480 2451 1611 2492 habe-

204 2604 240 2627 55
260 2597 297 2625 sit
314 2608 338 2627 c.
355 2596 385 2625 in
407 2595 628 2636 aegrz'tudivzem]
658 2596 775 2626 Melius
799 2604 863 2626 erat
907 2597 1013 2635 itaque
1029 2596 1112 2626 male
1128 2595 1162 2625 de
1178 2607 1205 2625 se
1221 2595 1280 2634 ipse
1295 2597 1429 2627 correxit
1453 2596 1612 2626 Davisius.

159 2639 189 2668 in
205 2640 392 2677 aegritzm'ine,
414 2647 523 2678 estque
548 2641 578 2669 in
604 2639 667 2669 Ms.
685 2641 749 2670 Gu.
774 2646 810 2669 ut
833 2646 863 2668 et
953 2645 988 2674 57
1008 2651 1074 2681 quae
1091 2638 1169 2668 mala
1183 2640 1334 2678 putentur]
1356 2641 1406 2670 Sic
1424 2640 1487 2669 Ms.
1505 2639 1613 2670 Guelf.

158 2683 254 2713 edidit
270 2683 429 2713 Davisius.
475 2683 535 2713 Sed
557 2690 587 2713 et
603 2683 802 2713 accusativus
819 2683 863 2712 sic
907 2682 1014 2721 Vulgo
1032 2682 1115 2712 male
1124 2689 1283 2721 putantur.

157 2727 282 2756 dicitur.
950 2733 987 2757 58
1006 2732 1033 2755 e!
1050 2731 1202 2765 perceptas
1221 2725 1323 2754 hahere
1347 2732 1374 2754 e!
1393 2722 1609 2764 pertractatas]

203 2775 242 2800 56
269 2769 303 2798 de
325 2781 353 2798 se
377 2768 434 2808 ipso
462 2768 590 2809 loquitur
616 2767 786 2808 Euripides]
817 2768 862 2798 U'.
904 2768 962 2798 Pro
984 2775 1135 2808 perceptas
1159 2768 1241 2798 bene
1260 2774 1424 2807 praeceptas
1445 2768 1610 2798 Davisius.

156 2821 269 2852 suopte
293 2813 421 2852 ingenio
443 2813 632 2851 excogitata,
656 2822 722 2843 non
745 2811 861 2844 alieno.
905 2822 983 2843 nam
999 2813 1130 2844 refertur
1144 2812 1207 2842 hoc
1230 2812 1269 2842 ad
1286 2811 1483 2852 provisionem
1504 2810 1609 2848 animi,
