<?xml version="1.0" encoding="UTF-8"?>
<!DOCTYPE html PUBLIC "-//W3C//DTD XHTML 1.0 Transitional//EN"
    "http://www.w3.org/TR/xhtml1/DTD/xhtml1-transitional.dtd">
<html xmlns="http://www.w3.org/1999/xhtml" xml:lang="en" lang="en">
 <head>
  <title>
</title>
<meta http-equiv="Content-Type" content="text/html;charset=utf-8" />
  <meta name='ocr-system' content='tesseract 3.04.00' />
  <meta name='ocr-capabilities' content='ocr_page ocr_carea ocr_par ocr_line ocrx_word'/>
</head>
<body>
  <div class='ocr_page' id='page_1' title='image "./p1operaomnia04ciceuoft_0425.png"; bbox 0 0 1778 3095; ppageno 0'>
   <div class='ocr_carea' id='block_1_1' title="bbox 592 163 1522 211">
    <p class='ocr_par' dir='ltr' id='par_1_1' title="bbox 592 163 1522 211">
     <span class='ocr_line' id='line_1_1' title="bbox 592 163 1522 211; baseline 0.001 -9"><span class='ocrx_word' id='word_1_1' title='bbox 592 163 769 203; x_wconf 83' lang='lat' dir='ltr'>LIBER</span> <span class='ocrx_word' id='word_1_2' title='bbox 798 164 1040 201; x_wconf 80' lang='lat' dir='ltr'><strong>PRIMUS.</strong></span> <span class='ocrx_word' id='word_1_3' title='bbox 1445 169 1522 211; x_wconf 87' lang='lat'><strong>417</strong></span> 
     </span>
    </p>
   </div>
   <div class='ocr_carea' id='block_1_2' title="bbox 86 265 1523 776">
    <p class='ocr_par' dir='ltr' id='par_1_2' title="bbox 86 265 1523 776">
     <span class='ocr_line' id='line_1_2' title="bbox 86 265 1523 322; baseline 0.001 -14"><span class='ocrx_word' id='word_1_4' title='bbox 86 277 287 312; x_wconf 73' lang='lat' dir='ltr'><strong>:naturam</strong></span> <span class='ocrx_word' id='word_1_5' title='bbox 328 270 615 318; x_wconf 86' lang='lat' dir='ltr'><strong>sustulerunt?</strong></span> <span class='ocrx_word' id='word_1_6' title='bbox 648 282 742 308; x_wconf 87' lang='lat' dir='ltr'><strong>nam</strong></span> <span class='ocrx_word' id='word_1_7' title='bbox 781 266 1005 308; x_wconf 87' lang='lat' dir='ltr'><strong>Abderites</strong></span> <span class='ocrx_word' id='word_1_8' title='bbox 1045 265 1216 322; x_wconf 90' lang='lat' dir='ltr'><strong>quidem</strong></span> <span class='ocrx_word' id='word_1_9' title='bbox 1257 266 1523 322; x_wconf 83' lang='lat' dir='ltr'>Protagoras,</span> 
     </span>
     <span class='ocr_line' id='line_1_3' title="bbox 92 322 1522 382; baseline -0.001 -15"><span class='ocrx_word' id='word_1_10' title='bbox 92 327 215 382; x_wconf 91' lang='lat' dir='ltr'><strong>cujus</strong></span> <span class='ocrx_word' id='word_1_11' title='bbox 236 343 260 368; x_wconf 90' lang='lat' dir='ltr'><strong>a</strong></span> <span class='ocrx_word' id='word_1_12' title='bbox 281 338 323 369; x_wconf 90' lang='lat' dir='ltr'><strong>te</strong></span> <span class='ocrx_word' id='word_1_13' title='bbox 343 326 472 367; x_wconf 90' lang='lat' dir='ltr'><strong>modo</strong></span> <span class='ocrx_word' id='word_1_14' title='bbox 491 324 650 365; x_wconf 86' lang='lat' dir='ltr'><strong>mentio</strong></span> <span class='ocrx_word' id='word_1_15' title='bbox 680 325 790 365; x_wconf 85' lang='lat' dir='ltr'><strong>facta</strong></span> <span class='ocrx_word' id='word_1_16' title='bbox 821 334 898 373; x_wconf 78' lang='lat' dir='ltr'><strong>est,</strong></span> <span class='ocrx_word' id='word_1_17' title='bbox 927 323 1133 377; x_wconf 86' lang='lat' dir='ltr'><strong>sophistes</strong></span> <span class='ocrx_word' id='word_1_18' title='bbox 1160 322 1421 377; x_wconf 87' lang='lat' dir='ltr'><strong>temporibus</strong></span> <span class='ocrx_word' id='word_1_19' title='bbox 1442 325 1522 366; x_wconf 88' lang='lat' dir='ltr'><strong>illis</strong></span> 
     </span>
     <span class='ocr_line' id='line_1_4' title="bbox 87 379 1521 436; baseline -0.002 -12"><span class='ocrx_word' id='word_1_20' title='bbox 87 383 157 424; x_wconf 43' lang='lat' dir='ltr'><strong>&gt;vel</strong></span> <span class='ocrx_word' id='word_1_21' title='bbox 196 384 415 433; x_wconf 78' lang='lat' dir='ltr'><strong>maximus,</strong></span> <span class='ocrx_word' id='word_1_22' title='bbox 453 396 551 423; x_wconf 89' lang='lat' dir='ltr'><strong>cum</strong></span> <span class='ocrx_word' id='word_1_23' title='bbox 593 389 631 415; x_wconf 79' lang='lat'><strong>92</strong></span> <span class='ocrx_word' id='word_1_24' title='bbox 646 381 688 421; x_wconf 90' lang='lat' dir='ltr'><strong>in</strong></span> <span class='ocrx_word' id='word_1_25' title='bbox 729 380 935 436; x_wconf 82' lang='lat' dir='ltr'><strong>principio</strong></span> <span class='ocrx_word' id='word_1_26' title='bbox 974 379 1070 419; x_wconf 89' lang='lat' dir='ltr'><strong>libri</strong></span> <span class='ocrx_word' id='word_1_27' title='bbox 1105 379 1169 420; x_wconf 82' lang='lat' dir='ltr'><strong>sui</strong></span> <span class='ocrx_word' id='word_1_28' title='bbox 1200 379 1258 419; x_wconf 91' lang='lat' dir='ltr'><strong>sic</strong></span> <span class='ocrx_word' id='word_1_29' title='bbox 1301 380 1521 433; x_wconf 83' lang='lat' dir='ltr'><strong>posuisset,</strong></span> 
     </span>
     <span class='ocr_line' id='line_1_5' title="bbox 92 434 1522 494; baseline -0.003 -13"><span class='ocrx_word' id='word_1_30' title='bbox 92 439 160 480; x_wconf 85' lang='lat' dir='ltr'><strong>De</strong></span> <span class='ocrx_word' id='word_1_31' title='bbox 192 440 297 481; x_wconf 76' lang='lat' dir='ltr'><strong>divis</strong></span> <span class='ocrx_word' id='word_1_32' title='bbox 329 453 455 494; x_wconf 78' lang='lat' dir='ltr'><strong>neque</strong></span> <span class='ocrx_word' id='word_1_33' title='bbox 488 445 535 478; x_wconf 81' lang='lat' dir='ltr'><strong>ut</strong></span> <span class='ocrx_word' id='word_1_34' title='bbox 573 437 671 488; x_wconf 76' lang='lat' dir='ltr'><strong>sint,</strong></span> <span class='ocrx_word' id='word_1_35' title='bbox 712 451 840 492; x_wconf 77' lang='lat' dir='ltr'><strong>neque</strong></span> <span class='ocrx_word' id='word_1_36' title='bbox 877 443 923 476; x_wconf 79' lang='lat' dir='ltr'><strong>ut</strong></span> <span class='ocrx_word' id='word_1_37' title='bbox 963 449 1043 475; x_wconf 73' lang='lat' dir='ltr'><strong>non</strong></span> <span class='ocrx_word' id='word_1_38' title='bbox 1081 435 1178 485; x_wconf 77' lang='lat' dir='ltr'><strong>sint,</strong></span> <span class='ocrx_word' id='word_1_39' title='bbox 1217 434 1338 475; x_wconf 73' lang='lat' dir='ltr'><strong>habeo</strong></span> <span class='ocrx_word' id='word_1_40' title='bbox 1379 434 1522 487; x_wconf 78' lang='lat' dir='ltr'><strong>dicere,</strong></span> 
     </span>
     <span class='ocr_line' id='line_1_6' title="bbox 92 490 1523 549; baseline -0.004 -12"><span class='ocrx_word' id='word_1_41' title='bbox 92 495 414 537; x_wconf 85' lang='lat' dir='ltr'><strong>Atheniensium</strong></span> <span class='ocrx_word' id='word_1_42' title='bbox 428 493 552 549; x_wconf 90' lang='lat' dir='ltr'><strong>jussu</strong></span> <span class='ocrx_word' id='word_1_43' title='bbox 572 494 690 544; x_wconf 79' lang='lat' dir='ltr'><strong>urbe,</strong></span> <span class='ocrx_word' id='word_1_44' title='bbox 710 502 836 548; x_wconf 87' lang='lat' dir='ltr'><strong>atque</strong></span> <span class='ocrx_word' id='word_1_45' title='bbox 856 507 960 547; x_wconf 83' lang='lat' dir='ltr'><strong>agro</strong></span> <span class='ocrx_word' id='word_1_46' title='bbox 981 501 1045 532; x_wconf 88' lang='lat' dir='ltr'><strong>est</strong></span> <span class='ocrx_word' id='word_1_47' title='bbox 1066 490 1384 541; x_wconf 81' lang='lat' dir='ltr'><strong>exterminatus,</strong></span> <span class='ocrx_word' id='word_1_48' title='bbox 1404 490 1523 532; x_wconf 86' lang='lat' dir='ltr'><strong>libri-</strong></span> 
     </span>
     <span class='ocr_line' id='line_1_7' title="bbox 91 547 1521 608; baseline -0.003 -15"><span class='ocrx_word' id='word_1_49' title='bbox 91 566 175 607; x_wconf 89' lang='lat' dir='ltr'><strong>que</strong></span> <span class='ocrx_word' id='word_1_50' title='bbox 195 553 284 608; x_wconf 88' lang='lat' dir='ltr'><strong>ejus</strong></span> <span class='ocrx_word' id='word_1_51' title='bbox 300 552 340 592; x_wconf 90' lang='lat' dir='ltr'><strong>in</strong></span> <span class='ocrx_word' id='word_1_52' title='bbox 364 551 566 592; x_wconf 83' lang='lat' dir='ltr'><strong>concione</strong></span> <span class='ocrx_word' id='word_1_53' title='bbox 593 550 818 591; x_wconf 82' lang='lat' dir='ltr'><strong>combusti.</strong></span> <span class='ocrx_word' id='word_1_54' title='bbox 877 551 941 589; x_wconf 80' lang='lat' dir='ltr'><strong>Ex</strong></span> <span class='ocrx_word' id='word_1_55' title='bbox 970 563 1056 603; x_wconf 90' lang='lat' dir='ltr'><strong>quo</strong></span> <span class='ocrx_word' id='word_1_56' title='bbox 1087 547 1281 603; x_wconf 87' lang='lat' dir='ltr'><strong>equidem</strong></span> <span class='ocrx_word' id='word_1_57' title='bbox 1312 548 1521 599; x_wconf 85' lang='lat' dir='ltr'><strong>existimo,</strong></span> 
     </span>
     <span class='ocr_line' id='line_1_8' title="bbox 91 604 1522 660; baseline -0.003 -11"><span class='ocrx_word' id='word_1_58' title='bbox 91 608 291 649; x_wconf 87' lang='lat' dir='ltr'><strong>tardiores</strong></span> <span class='ocrx_word' id='word_1_59' title='bbox 311 608 364 648; x_wconf 87' lang='lat' dir='ltr'><strong>ad</strong></span> <span class='ocrx_word' id='word_1_60' title='bbox 385 607 492 648; x_wconf 88' lang='lat' dir='ltr'><strong>hanc</strong></span> <span class='ocrx_word' id='word_1_61' title='bbox 514 606 764 648; x_wconf 83' lang='lat' dir='ltr'><strong>sententiam</strong></span> <span class='ocrx_word' id='word_1_62' title='bbox 786 605 1062 660; x_wconf 87' lang='lat' dir='ltr'><strong>profitendam</strong></span> <span class='ocrx_word' id='word_1_63' title='bbox 1083 604 1240 645; x_wconf 85' lang='lat' dir='ltr'><strong>multos</strong></span> <span class='ocrx_word' id='word_1_64' title='bbox 1262 618 1352 644; x_wconf 90' lang='lat' dir='ltr'><strong>esse</strong></span> <span class='ocrx_word' id='word_1_65' title='bbox 1373 604 1522 655; x_wconf 86' lang='lat' dir='ltr'><strong>factos,</strong></span> 
     </span>
     <span class='ocr_line' id='line_1_9' title="bbox 92 661 1521 719; baseline -0.002 -14"><span class='ocrx_word' id='word_1_66' title='bbox 92 665 246 719; x_wconf 87' lang='lat' dir='ltr'><strong>quippe</strong></span> <span class='ocrx_word' id='word_1_67' title='bbox 265 679 360 705; x_wconf 88' lang='lat' dir='ltr'><strong>cum</strong></span> <span class='ocrx_word' id='word_1_68' title='bbox 382 678 550 719; x_wconf 86' lang='lat' dir='ltr'><strong>poenam</strong></span> <span class='ocrx_word' id='word_1_69' title='bbox 581 678 633 704; x_wconf 90' lang='lat' dir='ltr'><strong>ne</strong></span> <span class='ocrx_word' id='word_1_70' title='bbox 663 662 870 704; x_wconf 81' lang='lat' dir='ltr'><strong>dubitatio</strong></span> <span class='ocrx_word' id='word_1_71' title='bbox 901 661 1068 717; x_wconf 91' lang='lat' dir='ltr'><strong>quidem</strong></span> <span class='ocrx_word' id='word_1_72' title='bbox 1099 661 1283 715; x_wconf 85' lang='lat' dir='ltr'><strong>effugere</strong></span> <span class='ocrx_word' id='word_1_73' title='bbox 1303 661 1521 715; x_wconf 84' lang='lat' dir='ltr'><strong>potuisset.</strong></span> 
     </span>
     <span class='ocr_line' id='line_1_10' title="bbox 92 717 1420 776; baseline -0.004 -14"><span class='ocrx_word' id='word_1_74' title='bbox 92 720 211 762; x_wconf 79' lang='lat' dir='ltr'><strong>Quid</strong></span> <span class='ocrx_word' id='word_1_75' title='bbox 230 720 283 761; x_wconf 91' lang='lat' dir='ltr'><strong>de</strong></span> <span class='ocrx_word' id='word_1_76' title='bbox 305 720 532 776; x_wconf 81' lang='lat' dir='ltr'><strong>sacrilegiS,</strong></span> <span class='ocrx_word' id='word_1_77' title='bbox 552 719 654 776; x_wconf 89' lang='lat' dir='ltr'><strong>quid</strong></span> <span class='ocrx_word' id='word_1_78' title='bbox 672 719 725 760; x_wconf 91' lang='lat' dir='ltr'><strong>de</strong></span> <span class='ocrx_word' id='word_1_79' title='bbox 744 719 899 775; x_wconf 82' lang='lat' dir='ltr'><strong>impiis,</strong></span> <span class='ocrx_word' id='word_1_80' title='bbox 918 718 1004 774; x_wconf 86' lang='lat' dir='ltr'><strong>perj</strong></span> <span class='ocrx_word' id='word_1_81' title='bbox 1013 719 1178 774; x_wconf 85' lang='lat' dir='ltr'><strong>urisque</strong></span> <span class='ocrx_word' id='word_1_82' title='bbox 1200 717 1388 758; x_wconf 85' lang='lat' dir='ltr'><strong>dicemus</strong></span> <span class='ocrx_word' id='word_1_83' title='bbox 1407 719 1420 758; x_wconf 85' lang='lat'>?</span> 
     </span>
    </p>
   </div>
   <div class='ocr_carea' id='block_1_3' title="bbox 197 809 1046 913">
    <p class='ocr_par' dir='ltr' id='par_1_3' title="bbox 197 809 1046 913">
     <span class='ocr_line' id='line_1_11' title="bbox 297 809 888 859; baseline -0.003 -13"><span class='ocrx_word' id='word_1_84' title='bbox 297 809 506 846; x_wconf 79' lang='lat' dir='ltr'><em>—Tubulus</em></span> <span class='ocrx_word' id='word_1_85' title='bbox 523 810 550 846; x_wconf 84' lang='lat' dir='ltr'><strong>si</strong></span> <span class='ocrx_word' id='word_1_86' title='bbox 572 810 698 846; x_wconf 83' lang='lat' dir='ltr'><strong>Lucius</strong></span> <span class='ocrx_word' id='word_1_87' title='bbox 717 822 888 859; x_wconf 79' lang='lat' dir='ltr'><strong>umquam,</strong></span> 
     </span>
     <span class='ocr_line' id='line_1_12' title="bbox 197 860 1046 913; baseline -0.002 -14"><span class='ocrx_word' id='word_1_88' title='bbox 197 861 237 899; x_wconf 84' lang='lat' dir='ltr'><strong>Si</strong></span> <span class='ocrx_word' id='word_1_89' title='bbox 257 863 388 912; x_wconf 77' lang='lat' dir='ltr'><strong>Lupus,</strong></span> <span class='ocrx_word' id='word_1_90' title='bbox 410 873 472 899; x_wconf 83' lang='lat' dir='ltr'><strong>aut</strong></span> <span class='ocrx_word' id='word_1_91' title='bbox 496 862 618 907; x_wconf 81' lang='lat' dir='ltr'><strong>Carbo,</strong></span> <span class='ocrx_word' id='word_1_92' title='bbox 639 872 700 899; x_wconf 83' lang='lat' dir='ltr'><strong>aut</strong></span> <span class='ocrx_word' id='word_1_93' title='bbox 721 863 870 913; x_wconf 75' lang='lat' dir='ltr'><strong>Neptuni</strong></span> <span class='ocrx_word' id='word_1_94' title='bbox 874 860 1046 907; x_wconf 86' lang='lat' dir='ltr'><strong>filius,—</strong></span> 
     </span>
    </p>
   </div>
   <div class='ocr_carea' id='block_1_4' title="bbox 81 934 1602 2290">
    <p class='ocr_par' dir='ltr' id='par_1_4' title="bbox 86 934 1586 1218">
     <span class='ocr_line' id='line_1_13' title="bbox 90 934 1586 992; baseline 0.002 -15"><span class='ocrx_word' id='word_1_95' title='bbox 90 943 137 977; x_wconf 90' lang='lat' dir='ltr'><strong>ut</strong></span> <span class='ocrx_word' id='word_1_96' title='bbox 166 936 225 977; x_wconf 90' lang='lat' dir='ltr'><strong>ait</strong></span> <span class='ocrx_word' id='word_1_97' title='bbox 255 936 456 987; x_wconf 87' lang='lat' dir='ltr'><strong>Lucilius,</strong></span> <span class='ocrx_word' id='word_1_98' title='bbox 487 945 677 992; x_wconf 83' lang='lat' dir='ltr'><strong>putasset</strong></span> <span class='ocrx_word' id='word_1_99' title='bbox 704 949 792 976; x_wconf 88' lang='lat' dir='ltr'><strong>esse</strong></span> <span class='ocrx_word' id='word_1_100' title='bbox 827 934 941 985; x_wconf 80' lang='lat' dir='ltr'><strong>deos,</strong></span> <span class='ocrx_word' id='word_1_101' title='bbox 978 944 1065 975; x_wconf 86' lang='lat' dir='ltr'><strong>tam</strong></span> <span class='ocrx_word' id='word_1_102' title='bbox 1101 935 1310 992; x_wconf 86' lang='lat' dir='ltr'><strong>perjurus,</strong></span> <span class='ocrx_word' id='word_1_103' title='bbox 1340 944 1413 977; x_wconf 86' lang='lat' dir='ltr'><strong>aut</strong></span> <span class='ocrx_word' id='word_1_104' title='bbox 1434 946 1520 978; x_wconf 88' lang='lat' dir='ltr'><strong>tam</strong></span> <span class='ocrx_word' id='word_1_105' title='bbox 1535 943 1586 981; x_wconf 79' lang='lat'><strong>64</strong></span> 
     </span>
     <span class='ocr_line' id='line_1_14' title="bbox 88 992 1522 1048; baseline 0.001 -15"><span class='ocrx_word' id='word_1_106' title='bbox 88 992 279 1048; x_wconf 89' lang='lat' dir='ltr'><strong>impurus</strong></span> <span class='ocrx_word' id='word_1_107' title='bbox 314 993 488 1034; x_wconf 74' lang='lat' dir='ltr'><strong>fuisset?</strong></span> <span class='ocrx_word' id='word_1_108' title='bbox 522 994 623 1034; x_wconf 92' lang='lat' dir='ltr'><strong>Non</strong></span> <span class='ocrx_word' id='word_1_109' title='bbox 657 1002 720 1033; x_wconf 92' lang='lat' dir='ltr'><strong>est</strong></span> <span class='ocrx_word' id='word_1_110' title='bbox 756 992 886 1047; x_wconf 89' lang='lat' dir='ltr'><strong>igitur</strong></span> <span class='ocrx_word' id='word_1_111' title='bbox 920 1001 1007 1032; x_wconf 86' lang='lat' dir='ltr'><strong>tam</strong></span> <span class='ocrx_word' id='word_1_112' title='bbox 1045 992 1261 1047; x_wconf 78' lang='lat' dir='ltr'><strong>explorata</strong></span> <span class='ocrx_word' id='word_1_113' title='bbox 1301 993 1380 1033; x_wconf 84' lang='lat' dir='ltr'><strong>ista</strong></span> <span class='ocrx_word' id='word_1_114' title='bbox 1414 994 1522 1035; x_wconf 87' lang='lat' dir='ltr'><strong>ratio</strong></span> 
     </span>
     <span class='ocr_line' id='line_1_15' title="bbox 89 1048 1524 1106; baseline 0.001 -16"><span class='ocrx_word' id='word_1_115' title='bbox 89 1049 144 1090; x_wconf 84' lang='lat' dir='ltr'><strong>ad</strong></span> <span class='ocrx_word' id='word_1_116' title='bbox 164 1050 221 1100; x_wconf 88' lang='lat' dir='ltr'><strong>id,</strong></span> <span class='ocrx_word' id='word_1_117' title='bbox 243 1048 357 1105; x_wconf 91' lang='lat' dir='ltr'><strong>quod</strong></span> <span class='ocrx_word' id='word_1_118' title='bbox 378 1049 514 1100; x_wconf 81' lang='lat' dir='ltr'><strong>vultis,</strong></span> <span class='ocrx_word' id='word_1_119' title='bbox 546 1048 898 1098; x_wconf 87' lang='lat' dir='ltr'><strong>confirmandum,</strong></span> <span class='ocrx_word' id='word_1_120' title='bbox 928 1062 1055 1103; x_wconf 88' lang='lat' dir='ltr'><strong>quam</strong></span> <span class='ocrx_word' id='word_1_121' title='bbox 1085 1048 1261 1089; x_wconf 83' lang='lat' dir='ltr'><strong>videtur.</strong></span> <span class='ocrx_word' id='word_1_122' title='bbox 1323 1049 1406 1090; x_wconf 90' lang='lat' dir='ltr'><strong>Sed</strong></span> <span class='ocrx_word' id='word_1_123' title='bbox 1425 1051 1524 1106; x_wconf 84' lang='lat' dir='ltr'><strong>quia</strong></span> 
     </span>
     <span class='ocr_line' id='line_1_16' title="bbox 87 1104 1523 1162; baseline 0.001 -16"><span class='ocrx_word' id='word_1_124' title='bbox 87 1119 315 1146; x_wconf 87' lang='lat' dir='ltr'><strong>commune</strong></span> <span class='ocrx_word' id='word_1_125' title='bbox 330 1116 393 1147; x_wconf 88' lang='lat' dir='ltr'><strong>est</strong></span> <span class='ocrx_word' id='word_1_126' title='bbox 410 1106 490 1147; x_wconf 91' lang='lat' dir='ltr'><strong>hoc</strong></span> <span class='ocrx_word' id='word_1_127' title='bbox 505 1113 801 1162; x_wconf 85' lang='lat' dir='ltr'><strong>argumentum</strong></span> <span class='ocrx_word' id='word_1_128' title='bbox 820 1104 997 1145; x_wconf 89' lang='lat' dir='ltr'><strong>aliorum</strong></span> <span class='ocrx_word' id='word_1_129' title='bbox 1014 1104 1138 1145; x_wconf 87' lang='lat' dir='ltr'><strong>etiam</strong></span> <span class='ocrx_word' id='word_1_130' title='bbox 1154 1104 1523 1161; x_wconf 87' lang='lat' dir='ltr'><strong>philosophorum,</strong></span> 
     </span>
     <span class='ocr_line' id='line_1_17' title="bbox 86 1161 1351 1218; baseline 0 -16"><span class='ocrx_word' id='word_1_131' title='bbox 86 1163 282 1203; x_wconf 86' lang='lat' dir='ltr'><strong>omittam</strong></span> <span class='ocrx_word' id='word_1_132' title='bbox 303 1161 384 1203; x_wconf 92' lang='lat' dir='ltr'><strong>hoc</strong></span> <span class='ocrx_word' id='word_1_133' title='bbox 406 1172 596 1218; x_wconf 87' lang='lat' dir='ltr'><strong>ternpore</strong></span> <span class='ocrx_word' id='word_1_134' title='bbox 615 1179 624 1203; x_wconf 76' lang='lat' dir='ltr'><strong><em>z</em></strong></span> <span class='ocrx_word' id='word_1_135' title='bbox 657 1162 709 1203; x_wconf 85' lang='lat' dir='ltr'><strong>ad</strong></span> <span class='ocrx_word' id='word_1_136' title='bbox 731 1170 865 1202; x_wconf 83' lang='lat' dir='ltr'><strong>vestra</strong></span> <span class='ocrx_word' id='word_1_137' title='bbox 881 1161 1048 1216; x_wconf 86' lang='lat' dir='ltr'><strong>propria</strong></span> <span class='ocrx_word' id='word_1_138' title='bbox 1068 1161 1203 1202; x_wconf 86' lang='lat' dir='ltr'><strong>venire</strong></span> <span class='ocrx_word' id='word_1_139' title='bbox 1224 1161 1351 1202; x_wconf 88' lang='lat' dir='ltr'><strong>malo.</strong></span> 
     </span>
    </p>

    <p class='ocr_par' dir='ltr' id='par_1_5' title="bbox 86 1217 1583 1444">
     <span class='ocr_line' id='line_1_18' title="bbox 146 1217 1583 1273; baseline 0.001 -14"><span class='ocrx_word' id='word_1_140' title='bbox 146 1217 348 1260; x_wconf 91' lang='lat' dir='ltr'><strong>Concedo</strong></span> <span class='ocrx_word' id='word_1_141' title='bbox 380 1234 470 1260; x_wconf 90' lang='lat' dir='ltr'><strong>esse</strong></span> <span class='ocrx_word' id='word_1_142' title='bbox 501 1219 617 1270; x_wconf 85' lang='lat' dir='ltr'><strong>deos,</strong></span> <span class='ocrx_word' id='word_1_143' title='bbox 645 1218 751 1259; x_wconf 90' lang='lat' dir='ltr'><strong>doce</strong></span> <span class='ocrx_word' id='word_1_144' title='bbox 784 1233 854 1259; x_wconf 91' lang='lat' dir='ltr'><strong>me</strong></span> <span class='ocrx_word' id='word_1_145' title='bbox 877 1218 1020 1273; x_wconf 87' lang='lat' dir='ltr'><strong>igitur,</strong></span> <span class='ocrx_word' id='word_1_146' title='bbox 1051 1217 1162 1258; x_wconf 90' lang='lat' dir='ltr'><strong>unde</strong></span> <span class='ocrx_word' id='word_1_147' title='bbox 1197 1218 1292 1269; x_wconf 83' lang='lat' dir='ltr'><strong>sint,</strong></span> <span class='ocrx_word' id='word_1_148' title='bbox 1322 1219 1396 1259; x_wconf 91' lang='lat' dir='ltr'><strong>ubi</strong></span> <span class='ocrx_word' id='word_1_149' title='bbox 1425 1219 1520 1271; x_wconf 79' lang='lat' dir='ltr'><strong>sint,</strong></span> <span class='ocrx_word' id='word_1_150' title='bbox 1533 1232 1583 1272; x_wconf 84' lang='lat'><strong>65</strong></span> 
     </span>
     <span class='ocr_line' id='line_1_19' title="bbox 86 1275 1520 1331; baseline 0.001 -15"><span class='ocrx_word' id='word_1_151' title='bbox 86 1275 231 1330; x_wconf 85' lang='lat' dir='ltr'><strong>quales</strong></span> <span class='ocrx_word' id='word_1_152' title='bbox 251 1276 333 1316; x_wconf 88' lang='lat' dir='ltr'><strong>sint</strong></span> <span class='ocrx_word' id='word_1_153' title='bbox 353 1290 543 1331; x_wconf 88' lang='lat' dir='ltr'><strong>corpore,</strong></span> <span class='ocrx_word' id='word_1_154' title='bbox 565 1275 720 1326; x_wconf 87' lang='lat' dir='ltr'><strong>animo,</strong></span> <span class='ocrx_word' id='word_1_155' title='bbox 740 1275 836 1316; x_wconf 86' lang='lat' dir='ltr'><strong>vita.</strong></span> <span class='ocrx_word' id='word_1_156' title='bbox 895 1276 1004 1314; x_wconf 82' lang='lat' dir='ltr'><strong>Haee</strong></span> <span class='ocrx_word' id='word_1_157' title='bbox 1035 1275 1145 1314; x_wconf 85' lang='lat' dir='ltr'><strong>enim</strong></span> <span class='ocrx_word' id='word_1_158' title='bbox 1177 1275 1282 1315; x_wconf 90' lang='lat' dir='ltr'><strong>scire</strong></span> <span class='ocrx_word' id='word_1_159' title='bbox 1311 1275 1520 1318; x_wconf 89' lang='lat' dir='ltr'><strong>desidero.</strong></span> 
     </span>
     <span class='ocr_line' id='line_1_20' title="bbox 88 1331 1522 1385; baseline 0.001 -14"><span class='ocrx_word' id='word_1_160' title='bbox 88 1332 288 1372; x_wconf 89' lang='lat' dir='ltr'><strong>Abuteris</strong></span> <span class='ocrx_word' id='word_1_161' title='bbox 328 1331 380 1373; x_wconf 87' lang='lat' dir='ltr'><strong>ad</strong></span> <span class='ocrx_word' id='word_1_162' title='bbox 421 1332 562 1373; x_wconf 89' lang='lat' dir='ltr'><strong>omnia</strong></span> <span class='ocrx_word' id='word_1_163' title='bbox 599 1339 636 1366; x_wconf 76' lang='lat'><strong>93</strong></span> <span class='ocrx_word' id='word_1_164' title='bbox 651 1341 889 1372; x_wconf 87' lang='lat' dir='ltr'><strong>atomorum</strong></span> <span class='ocrx_word' id='word_1_165' title='bbox 932 1344 1063 1385; x_wconf 84' lang='lat' dir='ltr'><strong>regno</strong></span> <span class='ocrx_word' id='word_1_166' title='bbox 1102 1340 1144 1371; x_wconf 91' lang='lat' dir='ltr'><strong>et</strong></span> <span class='ocrx_word' id='word_1_167' title='bbox 1186 1331 1366 1372; x_wconf 89' lang='lat' dir='ltr'><strong>licentia.</strong></span> <span class='ocrx_word' id='word_1_168' title='bbox 1407 1332 1522 1384; x_wconf 89' lang='lat' dir='ltr'><strong>hinc,</strong></span> 
     </span>
     <span class='ocr_line' id='line_1_21' title="bbox 86 1386 1520 1444; baseline 0.001 -16"><span class='ocrx_word' id='word_1_169' title='bbox 86 1387 372 1443; x_wconf 88' lang='lat' dir='ltr'><strong>quodcunque</strong></span> <span class='ocrx_word' id='word_1_170' title='bbox 392 1388 434 1429; x_wconf 91' lang='lat' dir='ltr'><strong>in</strong></span> <span class='ocrx_word' id='word_1_171' title='bbox 457 1388 595 1429; x_wconf 90' lang='lat' dir='ltr'><strong>solum</strong></span> <span class='ocrx_word' id='word_1_172' title='bbox 617 1388 742 1439; x_wconf 83' lang='lat' dir='ltr'><strong>venit,</strong></span> <span class='ocrx_word' id='word_1_173' title='bbox 763 1396 810 1428; x_wconf 90' lang='lat' dir='ltr'><strong>ut</strong></span> <span class='ocrx_word' id='word_1_174' title='bbox 837 1387 1002 1437; x_wconf 89' lang='lat' dir='ltr'><strong>dicitur,</strong></span> <span class='ocrx_word' id='word_1_175' title='bbox 1030 1386 1207 1442; x_wconf 85' lang='lat' dir='ltr'><strong>effingis,</strong></span> <span class='ocrx_word' id='word_1_176' title='bbox 1229 1397 1356 1444; x_wconf 89' lang='lat' dir='ltr'><strong>atque</strong></span> <span class='ocrx_word' id='word_1_177' title='bbox 1377 1389 1520 1430; x_wconf 90' lang='lat' dir='ltr'><strong>efficis.</strong></span> 
     </span>
    </p>

    <p class='ocr_par' dir='ltr' id='par_1_6' title="bbox 81 1443 1602 2290">
     <span class='ocr_line' id='line_1_22' title="bbox 88 1443 1564 1500; baseline 0 -14"><span class='ocrx_word' id='word_1_178' title='bbox 88 1452 127 1477; x_wconf 77' lang='lat'><strong>94</strong></span> <span class='ocrx_word' id='word_1_179' title='bbox 139 1459 233 1500; x_wconf 88' lang='lat' dir='ltr'><strong>quae</strong></span> <span class='ocrx_word' id='word_1_180' title='bbox 254 1446 437 1500; x_wconf 89' lang='lat' dir='ltr'><strong>primum</strong></span> <span class='ocrx_word' id='word_1_181' title='bbox 468 1445 594 1485; x_wconf 86' lang='lat' dir='ltr'><strong>nullae</strong></span> <span class='ocrx_word' id='word_1_182' title='bbox 625 1455 736 1486; x_wconf 86' lang='lat' dir='ltr'><strong>sunt.</strong></span> <span class='ocrx_word' id='word_1_183' title='bbox 767 1443 871 1485; x_wconf 87' lang='lat' dir='ltr'><strong>nihil</strong></span> <span class='ocrx_word' id='word_1_184' title='bbox 900 1452 963 1484; x_wconf 90' lang='lat' dir='ltr'><strong>est</strong></span> <span class='ocrx_word' id='word_1_185' title='bbox 991 1444 1117 1492; x_wconf 85' lang='lat' dir='ltr'><strong>enim,</strong></span> <span class='ocrx_word' id='word_1_186' title='bbox 1148 1444 1264 1499; x_wconf 89' lang='lat' dir='ltr'><strong>quod</strong></span> <span class='ocrx_word' id='word_1_187' title='bbox 1289 1456 1407 1486; x_wconf 88' lang='lat' dir='ltr'><strong>vacet</strong></span> <span class='ocrx_word' id='word_1_188' title='bbox 1426 1460 1519 1486; x_wconf 81' lang='lat' dir='ltr'><strong>cor·</strong></span> <span class='ocrx_word' id='word_1_189' title='bbox 1533 1455 1564 1486; x_wconf 90' lang='lat' dir='ltr'><strong>b.</strong></span> 
     </span>
     <span class='ocr_line' id='line_1_23' title="bbox 85 1499 1517 1556; baseline 0.001 -15"><span class='ocrx_word' id='word_1_190' title='bbox 85 1515 217 1555; x_wconf 88' lang='lat' dir='ltr'><strong>pore:</strong></span> <span class='ocrx_word' id='word_1_191' title='bbox 250 1501 495 1556; x_wconf 86' lang='lat' dir='ltr'><strong>corporibus</strong></span> <span class='ocrx_word' id='word_1_192' title='bbox 516 1512 657 1542; x_wconf 78' lang='lat' dir='ltr'><strong>autem</strong></span> <span class='ocrx_word' id='word_1_193' title='bbox 684 1501 820 1541; x_wconf 88' lang='lat' dir='ltr'><strong>omnis</strong></span> <span class='ocrx_word' id='word_1_194' title='bbox 850 1499 1066 1542; x_wconf 89' lang='lat' dir='ltr'><strong>obsidetur</strong></span> <span class='ocrx_word' id='word_1_195' title='bbox 1094 1500 1242 1541; x_wconf 88' lang='lat' dir='ltr'><strong>locus:</strong></span> <span class='ocrx_word' id='word_1_196' title='bbox 1274 1501 1333 1542; x_wconf 84' lang='lat' dir='ltr'><strong>ita</strong></span> <span class='ocrx_word' id='word_1_197' title='bbox 1354 1502 1517 1543; x_wconf 88' lang='lat' dir='ltr'><strong>nullum</strong></span> 
     </span>
     <span class='ocr_line' id='line_1_24' title="bbox 85 1552 1602 1615; baseline 0.001 -18"><span class='ocrx_word' id='word_1_198' title='bbox 85 1557 221 1607; x_wconf 87' lang='lat' dir='ltr'><strong>inane,</strong></span> <span class='ocrx_word' id='word_1_199' title='bbox 244 1557 348 1597; x_wconf 90' lang='lat' dir='ltr'><strong>nihil</strong></span> <span class='ocrx_word' id='word_1_200' title='bbox 379 1571 468 1597; x_wconf 90' lang='lat' dir='ltr'><strong>esse</strong></span> <span class='ocrx_word' id='word_1_201' title='bbox 499 1557 758 1598; x_wconf 85' lang='lat' dir='ltr'><strong>individuum</strong></span> <span class='ocrx_word' id='word_1_202' title='bbox 787 1566 942 1613; x_wconf 89' lang='lat' dir='ltr'><strong>potest.</strong></span> <span class='ocrx_word' id='word_1_203' title='bbox 1003 1558 1110 1598; x_wconf 86' lang='lat' dir='ltr'><strong>Haec</strong></span> <span class='ocrx_word' id='word_1_204' title='bbox 1133 1571 1215 1612; x_wconf 90' lang='lat' dir='ltr'><strong>ego</strong></span> <span class='ocrx_word' id='word_1_205' title='bbox 1238 1572 1348 1598; x_wconf 89' lang='lat' dir='ltr'><strong>nunc</strong></span> <span class='ocrx_word' id='word_1_206' title='bbox 1369 1557 1516 1615; x_wconf 89' lang='lat' dir='ltr'><strong>physi-</strong></span> <span class='ocrx_word' id='word_1_207' title='bbox 1532 1552 1602 1600; x_wconf 74' lang='lat'><strong>24</strong></span> 
     </span>
     <span class='ocr_line' id='line_1_25' title="bbox 85 1613 1586 1664; baseline 0.003 -11"><span class='ocrx_word' id='word_1_208' title='bbox 85 1627 233 1654; x_wconf 88' lang='lat' dir='ltr'><strong>corum</strong></span> <span class='ocrx_word' id='word_1_209' title='bbox 255 1613 426 1653; x_wconf 83' lang='lat' dir='ltr'><strong>oracula</strong></span> <span class='ocrx_word' id='word_1_210' title='bbox 446 1613 590 1654; x_wconf 84' lang='lat' dir='ltr'><strong>fundo.</strong></span> <span class='ocrx_word' id='word_1_211' title='bbox 610 1628 719 1664; x_wconf 82' lang='lat' dir='ltr'><strong>vera,</strong></span> <span class='ocrx_word' id='word_1_212' title='bbox 740 1628 791 1654; x_wconf 88' lang='lat' dir='ltr'><strong>an</strong></span> <span class='ocrx_word' id='word_1_213' title='bbox 818 1613 936 1663; x_wconf 83' lang='lat' dir='ltr'><strong>falsa,</strong></span> <span class='ocrx_word' id='word_1_214' title='bbox 965 1613 1106 1653; x_wconf 92' lang='lat' dir='ltr'><strong>nescio</strong></span> <span class='ocrx_word' id='word_1_215' title='bbox 1126 1630 1134 1654; x_wconf 92' lang='lat'>:</span> <span class='ocrx_word' id='word_1_216' title='bbox 1168 1613 1251 1653; x_wconf 91' lang='lat' dir='ltr'><strong>Sed</strong></span> <span class='ocrx_word' id='word_1_217' title='bbox 1272 1615 1356 1655; x_wconf 77' lang='lat' dir='ltr'><strong>veri</strong></span> <span class='ocrx_word' id='word_1_218' title='bbox 1376 1623 1519 1656; x_wconf 87' lang='lat' dir='ltr'><strong>tamen</strong></span> <span class='ocrx_word' id='word_1_219' title='bbox 1534 1621 1586 1657; x_wconf 83' lang='lat'><strong>66</strong></span> 
     </span>
     <span class='ocr_line' id='line_1_26' title="bbox 84 1669 1520 1725; baseline 0.002 -15"><span class='ocrx_word' id='word_1_220' title='bbox 84 1669 298 1720; x_wconf 87' lang='lat' dir='ltr'><strong>similiora,</strong></span> <span class='ocrx_word' id='word_1_221' title='bbox 325 1684 452 1725; x_wconf 87' lang='lat' dir='ltr'><strong>quam</strong></span> <span class='ocrx_word' id='word_1_222' title='bbox 481 1681 630 1710; x_wconf 88' lang='lat' dir='ltr'><strong>vestra.</strong></span> <span class='ocrx_word' id='word_1_223' title='bbox 662 1679 699 1704; x_wconf 81' lang='lat'><strong>9⁵</strong></span> <span class='ocrx_word' id='word_1_224' title='bbox 714 1671 793 1710; x_wconf 86' lang='lat' dir='ltr'><strong>ista</strong></span> <span class='ocrx_word' id='word_1_225' title='bbox 822 1670 935 1710; x_wconf 90' lang='lat' dir='ltr'><strong>enim</strong></span> <span class='ocrx_word' id='word_1_226' title='bbox 964 1669 1125 1724; x_wconf 80' lang='lat' dir='ltr'><strong>flagitia</strong></span> <span class='ocrx_word' id='word_1_227' title='bbox 1153 1670 1405 1722; x_wconf 87' lang='lat' dir='ltr'><strong>Democriti,</strong></span> <span class='ocrx_word' id='word_1_228' title='bbox 1436 1672 1520 1713; x_wconf 84' lang='lat' dir='ltr'><strong>sive</strong></span> 
     </span>
     <span class='ocr_line' id='line_1_27' title="bbox 83 1725 1521 1781; baseline 0.001 -14"><span class='ocrx_word' id='word_1_229' title='bbox 83 1726 211 1767; x_wconf 86' lang='lat' dir='ltr'><strong>etiam</strong></span> <span class='ocrx_word' id='word_1_230' title='bbox 249 1736 346 1767; x_wconf 89' lang='lat' dir='ltr'><strong>ante</strong></span> <span class='ocrx_word' id='word_1_231' title='bbox 381 1726 602 1781; x_wconf 85' lang='lat' dir='ltr'><strong>Leucippi,</strong></span> <span class='ocrx_word' id='word_1_232' title='bbox 633 1740 722 1767; x_wconf 86' lang='lat' dir='ltr'><strong>esse</strong></span> <span class='ocrx_word' id='word_1_233' title='bbox 753 1725 1003 1781; x_wconf 88' lang='lat' dir='ltr'><strong>corpuscula</strong></span> <span class='ocrx_word' id='word_1_234' title='bbox 1038 1726 1231 1781; x_wconf 74' lang='lat' dir='ltr'><strong>quaedam</strong></span> <span class='ocrx_word' id='word_1_235' title='bbox 1272 1726 1404 1778; x_wconf 81' lang='lat' dir='ltr'><strong>laevia,</strong></span> <span class='ocrx_word' id='word_1_236' title='bbox 1440 1728 1521 1769; x_wconf 86' lang='lat' dir='ltr'><strong>alia</strong></span> 
     </span>
     <span class='ocr_line' id='line_1_28' title="bbox 83 1783 1518 1840; baseline 0.001 -17"><span class='ocrx_word' id='word_1_237' title='bbox 83 1797 245 1838; x_wconf 85' lang='lat' dir='ltr'><strong>aspera,</strong></span> <span class='ocrx_word' id='word_1_238' title='bbox 273 1783 455 1824; x_wconf 89' lang='lat' dir='ltr'><strong>rotunda</strong></span> <span class='ocrx_word' id='word_1_239' title='bbox 484 1783 578 1834; x_wconf 84' lang='lat' dir='ltr'><strong>alia,</strong></span> <span class='ocrx_word' id='word_1_240' title='bbox 608 1783 759 1838; x_wconf 87' lang='lat' dir='ltr'><strong>partim</strong></span> <span class='ocrx_word' id='word_1_241' title='bbox 791 1793 933 1823; x_wconf 89' lang='lat' dir='ltr'><strong>autem</strong></span> <span class='ocrx_word' id='word_1_242' title='bbox 963 1783 1176 1838; x_wconf 83' lang='lat' dir='ltr'><strong>angulata,</strong></span> <span class='ocrx_word' id='word_1_243' title='bbox 1206 1793 1376 1825; x_wconf 86' lang='lat' dir='ltr'><strong>curvata</strong></span> <span class='ocrx_word' id='word_1_244' title='bbox 1403 1799 1518 1840; x_wconf 89' lang='lat' dir='ltr'><strong>quae-</strong></span> 
     </span>
     <span class='ocr_line' id='line_1_29' title="bbox 85 1838 1520 1897; baseline 0.002 -18"><span class='ocrx_word' id='word_1_245' title='bbox 85 1838 198 1888; x_wconf 85' lang='lat' dir='ltr'><strong>darn,</strong></span> <span class='ocrx_word' id='word_1_246' title='bbox 229 1848 273 1880; x_wconf 88' lang='lat' dir='ltr'><strong>et</strong></span> <span class='ocrx_word' id='word_1_247' title='bbox 303 1839 418 1894; x_wconf 88' lang='lat' dir='ltr'><strong>quasi</strong></span> <span class='ocrx_word' id='word_1_248' title='bbox 451 1839 615 1880; x_wconf 86' lang='lat' dir='ltr'><strong>adunca</strong></span> <span class='ocrx_word' id='word_1_249' title='bbox 632 1855 644 1890; x_wconf 81' lang='lat'>3</span> <span class='ocrx_word' id='word_1_250' title='bbox 675 1854 725 1880; x_wconf 81' lang='lat' dir='ltr'><strong>ex</strong></span> <span class='ocrx_word' id='word_1_251' title='bbox 756 1839 820 1879; x_wconf 86' lang='lat' dir='ltr'><strong>his</strong></span> <span class='ocrx_word' id='word_1_252' title='bbox 852 1839 1047 1880; x_wconf 86' lang='lat' dir='ltr'><strong>effectum</strong></span> <span class='ocrx_word' id='word_1_253' title='bbox 1086 1853 1176 1880; x_wconf 88' lang='lat' dir='ltr'><strong>esse</strong></span> <span class='ocrx_word' id='word_1_254' title='bbox 1209 1839 1361 1881; x_wconf 82' lang='lat' dir='ltr'><strong>caelum</strong></span> <span class='ocrx_word' id='word_1_255' title='bbox 1393 1851 1520 1897; x_wconf 87' lang='lat' dir='ltr'><strong>atque</strong></span> 
     </span>
     <span class='ocr_line' id='line_1_30' title="bbox 82 1895 1518 1952; baseline 0.003 -17"><span class='ocrx_word' id='word_1_256' title='bbox 82 1904 252 1944; x_wconf 84' lang='lat' dir='ltr'><strong>terram,</strong></span> <span class='ocrx_word' id='word_1_257' title='bbox 274 1896 388 1936; x_wconf 87' lang='lat' dir='ltr'><strong>nulla</strong></span> <span class='ocrx_word' id='word_1_258' title='bbox 408 1906 590 1950; x_wconf 85' lang='lat' dir='ltr'><strong>cogente</strong></span> <span class='ocrx_word' id='word_1_259' title='bbox 611 1905 770 1944; x_wconf 83' lang='lat' dir='ltr'><strong>natura,</strong></span> <span class='ocrx_word' id='word_1_260' title='bbox 791 1895 864 1936; x_wconf 88' lang='lat' dir='ltr'><strong>sed</strong></span> <span class='ocrx_word' id='word_1_261' title='bbox 885 1910 1095 1937; x_wconf 87' lang='lat' dir='ltr'><strong>concursu</strong></span> <span class='ocrx_word' id='word_1_262' title='bbox 1120 1896 1305 1952; x_wconf 87' lang='lat' dir='ltr'><strong>quodam</strong></span> <span class='ocrx_word' id='word_1_263' title='bbox 1327 1898 1518 1939; x_wconf 89' lang='lat' dir='ltr'><strong>fortuito.</strong></span> 
     </span>
     <span class='ocr_line' id='line_1_31' title="bbox 84 1951 1520 2010; baseline 0.003 -18"><span class='ocrx_word' id='word_1_264' title='bbox 84 1951 210 1993; x_wconf 90' lang='lat' dir='ltr'><strong>Hanc</strong></span> <span class='ocrx_word' id='word_1_265' title='bbox 231 1962 278 1992; x_wconf 92' lang='lat' dir='ltr'><strong>tu</strong></span> <span class='ocrx_word' id='word_1_266' title='bbox 299 1952 555 2006; x_wconf 90' lang='lat' dir='ltr'><strong>opinionem,</strong></span> <span class='ocrx_word' id='word_1_267' title='bbox 584 1951 635 1992; x_wconf 91' lang='lat' dir='ltr'><strong>C.</strong></span> <span class='ocrx_word' id='word_1_268' title='bbox 656 1952 807 2002; x_wconf 88' lang='lat' dir='ltr'><strong>Vellei,</strong></span> <span class='ocrx_word' id='word_1_269' title='bbox 837 1967 970 2007; x_wconf 90' lang='lat' dir='ltr'><strong>usque</strong></span> <span class='ocrx_word' id='word_1_270' title='bbox 1001 1951 1053 1993; x_wconf 90' lang='lat' dir='ltr'><strong>ad</strong></span> <span class='ocrx_word' id='word_1_271' title='bbox 1082 1952 1191 1993; x_wconf 89' lang='lat' dir='ltr'><strong>hanc</strong></span> <span class='ocrx_word' id='word_1_272' title='bbox 1223 1963 1392 1994; x_wconf 87' lang='lat' dir='ltr'><strong>aetatem</strong></span> <span class='ocrx_word' id='word_1_273' title='bbox 1422 1968 1520 2010; x_wconf 91' lang='lat' dir='ltr'><strong>per-</strong></span> 
     </span>
     <span class='ocr_line' id='line_1_32' title="bbox 81 2007 1522 2065; baseline 0.003 -17"><span class='ocrx_word' id='word_1_274' title='bbox 81 2007 255 2058; x_wconf 86' lang='lat' dir='ltr'><strong>duxisti,</strong></span> <span class='ocrx_word' id='word_1_275' title='bbox 276 2009 475 2063; x_wconf 90' lang='lat' dir='ltr'><strong>priusque</strong></span> <span class='ocrx_word' id='word_1_276' title='bbox 505 2018 547 2048; x_wconf 90' lang='lat' dir='ltr'><strong>te</strong></span> <span class='ocrx_word' id='word_1_277' title='bbox 577 2009 670 2064; x_wconf 88' lang='lat' dir='ltr'><strong>quis</strong></span> <span class='ocrx_word' id='word_1_278' title='bbox 701 2008 752 2049; x_wconf 90' lang='lat' dir='ltr'><strong>de</strong></span> <span class='ocrx_word' id='word_1_279' title='bbox 784 2008 899 2049; x_wconf 91' lang='lat' dir='ltr'><strong>omni</strong></span> <span class='ocrx_word' id='word_1_280' title='bbox 929 2009 1022 2049; x_wconf 87' lang='lat' dir='ltr'><strong>vitae</strong></span> <span class='ocrx_word' id='word_1_281' title='bbox 1054 2018 1180 2060; x_wconf 84' lang='lat' dir='ltr'><strong>statu,</strong></span> <span class='ocrx_word' id='word_1_282' title='bbox 1212 2024 1339 2065; x_wconf 83' lang='lat' dir='ltr'><strong>quam</strong></span> <span class='ocrx_word' id='word_1_283' title='bbox 1368 2010 1421 2052; x_wconf 87' lang='lat' dir='ltr'><strong>de</strong></span> <span class='ocrx_word' id='word_1_284' title='bbox 1443 2011 1522 2052; x_wconf 86' lang='lat' dir='ltr'><strong>ista</strong></span> 
     </span>
     <span class='ocr_line' id='line_1_33' title="bbox 82 2064 1521 2121; baseline 0.003 -16"><span class='ocrx_word' id='word_1_285' title='bbox 82 2064 335 2105; x_wconf 78' lang='lat' dir='ltr'><strong>auctoritate</strong></span> <span class='ocrx_word' id='word_1_286' title='bbox 355 2064 565 2120; x_wconf 85' lang='lat' dir='ltr'><strong>dejecerit.</strong></span> <span class='ocrx_word' id='word_1_287' title='bbox 596 2074 691 2105; x_wconf 88' lang='lat' dir='ltr'><strong>ante</strong></span> <span class='ocrx_word' id='word_1_288' title='bbox 720 2065 831 2105; x_wconf 90' lang='lat' dir='ltr'><strong>enim</strong></span> <span class='ocrx_word' id='word_1_289' title='bbox 854 2064 1068 2121; x_wconf 88' lang='lat' dir='ltr'><strong>judicasti,</strong></span> <span class='ocrx_word' id='word_1_290' title='bbox 1091 2066 1346 2121; x_wconf 84' lang='lat' dir='ltr'><strong>Epicureum</strong></span> <span class='ocrx_word' id='word_1_291' title='bbox 1368 2077 1408 2108; x_wconf 87' lang='lat' dir='ltr'><strong>te</strong></span> <span class='ocrx_word' id='word_1_292' title='bbox 1430 2082 1521 2109; x_wconf 90' lang='lat' dir='ltr'><strong>esse</strong></span> 
     </span>
     <span class='ocr_line' id='line_1_34' title="bbox 82 2120 1520 2176; baseline 0.003 -15"><span class='ocrx_word' id='word_1_293' title='bbox 82 2130 293 2176; x_wconf 85' lang='lat' dir='ltr'><strong>oportere,</strong></span> <span class='ocrx_word' id='word_1_294' title='bbox 326 2136 452 2176; x_wconf 89' lang='lat' dir='ltr'><strong>quam</strong></span> <span class='ocrx_word' id='word_1_295' title='bbox 485 2120 566 2161; x_wconf 87' lang='lat' dir='ltr'><strong>ista</strong></span> <span class='ocrx_word' id='word_1_296' title='bbox 596 2121 843 2176; x_wconf 87' lang='lat' dir='ltr'><strong>cognovisti.</strong></span> <span class='ocrx_word' id='word_1_297' title='bbox 903 2123 968 2162; x_wconf 88' lang='lat' dir='ltr'><strong>Ita</strong></span> <span class='ocrx_word' id='word_1_298' title='bbox 997 2136 1166 2163; x_wconf 88' lang='lat' dir='ltr'><strong>necesse</strong></span> <span class='ocrx_word' id='word_1_299' title='bbox 1198 2123 1294 2174; x_wconf 87' lang='lat' dir='ltr'><strong>fuit,</strong></span> <span class='ocrx_word' id='word_1_300' title='bbox 1324 2133 1398 2165; x_wconf 88' lang='lat' dir='ltr'><strong>aut</strong></span> <span class='ocrx_word' id='word_1_301' title='bbox 1427 2124 1520 2166; x_wconf 86' lang='lat' dir='ltr'><strong>haec</strong></span> 
     </span>
     <span class='ocr_line' id='line_1_35' title="bbox 81 2177 1520 2235; baseline 0.003 -17"><span class='ocrx_word' id='word_1_302' title='bbox 81 2177 243 2233; x_wconf 79' lang='lat' dir='ltr'><strong>flagitia</strong></span> <span class='ocrx_word' id='word_1_303' title='bbox 271 2177 493 2232; x_wconf 88' lang='lat' dir='ltr'><strong>concipere</strong></span> <span class='ocrx_word' id='word_1_304' title='bbox 521 2177 677 2229; x_wconf 84' lang='lat' dir='ltr'><strong>animo,</strong></span> <span class='ocrx_word' id='word_1_305' title='bbox 708 2186 783 2218; x_wconf 86' lang='lat' dir='ltr'><strong>aut</strong></span> <span class='ocrx_word' id='word_1_306' title='bbox 811 2188 1016 2233; x_wconf 78' lang='lat' dir='ltr'><strong>susceptae</strong></span> <span class='ocrx_word' id='word_1_307' title='bbox 1044 2178 1325 2235; x_wconf 71' lang='lat' dir='ltr'><strong>philosophiae</strong></span> <span class='ocrx_word' id='word_1_308' title='bbox 1365 2196 1520 2222; x_wconf 90' lang='lat' dir='ltr'><strong>nomen</strong></span> 
     </span>
     <span class='ocr_line' id='line_1_36' title="bbox 81 2233 1580 2290; baseline 0.003 -16"><span class='ocrx_word' id='word_1_309' title='bbox 81 2234 287 2276; x_wconf 87' lang='lat' dir='ltr'><strong>amittere.</strong></span> <span class='ocrx_word' id='word_1_310' title='bbox 346 2233 462 2290; x_wconf 71' lang='lat' dir='ltr'><strong>Quid</strong></span> <span class='ocrx_word' id='word_1_311' title='bbox 498 2234 609 2275; x_wconf 90' lang='lat' dir='ltr'><strong>enim</strong></span> <span class='ocrx_word' id='word_1_312' title='bbox 642 2248 818 2286; x_wconf 83' lang='lat' dir='ltr'><strong>mereas,</strong></span> <span class='ocrx_word' id='word_1_313' title='bbox 850 2244 897 2276; x_wconf 85' lang='lat' dir='ltr'><strong>ut</strong></span> <span class='ocrx_word' id='word_1_314' title='bbox 928 2234 1160 2290; x_wconf 89' lang='lat' dir='ltr'><strong>Epicureus</strong></span> <span class='ocrx_word' id='word_1_315' title='bbox 1197 2250 1286 2277; x_wconf 90' lang='lat' dir='ltr'><strong>esse</strong></span> <span class='ocrx_word' id='word_1_316' title='bbox 1321 2236 1580 2279; x_wconf 84' lang='lat' dir='ltr'><strong>desinas?67</strong></span> 
     </span>
    </p>
   </div>
   <div class='ocr_carea' id='block_1_5' title="bbox 80 2369 780 2924">
    <p class='ocr_par' dir='ltr' id='par_1_7' title="bbox 83 2369 777 2450">
     <span class='ocr_line' id='line_1_37' title="bbox 121 2369 777 2410; baseline 0.002 -10"><span class='ocrx_word' id='word_1_317' title='bbox 121 2379 165 2404; x_wconf 73' lang='lat'><strong>,92</strong></span> <span class='ocrx_word' id='word_1_318' title='bbox 190 2371 219 2400; x_wconf 83' lang='lat' dir='ltr'><strong>in</strong></span> <span class='ocrx_word' id='word_1_319' title='bbox 229 2370 374 2410; x_wconf 84' lang='lat' dir='ltr'><strong>principio</strong></span> <span class='ocrx_word' id='word_1_320' title='bbox 394 2369 477 2409; x_wconf 87' lang='lat' dir='ltr'><strong>libri]</strong></span> <span class='ocrx_word' id='word_1_321' title='bbox 502 2371 649 2401; x_wconf 81' lang='lat' dir='ltr'><strong>Davisius</strong></span> <span class='ocrx_word' id='word_1_322' title='bbox 666 2381 682 2401; x_wconf 89' lang='lat' dir='ltr'><strong>e</strong></span> <span class='ocrx_word' id='word_1_323' title='bbox 699 2371 777 2401; x_wconf 85' lang='lat' dir='ltr'><strong>Mss.</strong></span> 
     </span>
     <span class='ocr_line' id='line_1_38' title="bbox 83 2414 768 2450; baseline 0 -6"><span class='ocrx_word' id='word_1_324' title='bbox 83 2415 200 2444; x_wconf 85' lang='lat' dir='ltr'><strong>addidit</strong></span> <span class='ocrx_word' id='word_1_325' title='bbox 215 2414 270 2450; x_wconf 80' lang='lat' dir='ltr'><strong>sui,</strong></span> <span class='ocrx_word' id='word_1_326' title='bbox 284 2415 377 2444; x_wconf 88' lang='lat' dir='ltr'><strong>bene.</strong></span> <span class='ocrx_word' id='word_1_327' title='bbox 422 2414 472 2443; x_wconf 87' lang='lat' dir='ltr'><strong>Sic</strong></span> <span class='ocrx_word' id='word_1_328' title='bbox 488 2422 519 2444; x_wconf 88' lang='lat' dir='ltr'><strong>et</strong></span> <span class='ocrx_word' id='word_1_329' title='bbox 535 2415 646 2444; x_wconf 84' lang='lat' dir='ltr'><strong>Lamb.</strong></span> <span class='ocrx_word' id='word_1_330' title='bbox 662 2415 768 2444; x_wconf 87' lang='lat' dir='ltr'><strong>edidit.</strong></span> 
     </span>
    </p>

    <p class='ocr_par' dir='ltr' id='par_1_8' title="bbox 80 2456 779 2664">
     <span class='ocr_line' id='line_1_39' title="bbox 128 2456 778 2496; baseline 0 -9"><span class='ocrx_word' id='word_1_331' title='bbox 128 2463 165 2489; x_wconf 80' lang='lat'><strong>93</strong></span> <span class='ocrx_word' id='word_1_332' title='bbox 190 2464 344 2486; x_wconf 80' lang='lat' dir='ltr'><strong>atomorum</strong></span> <span class='ocrx_word' id='word_1_333' title='bbox 361 2468 444 2495; x_wconf 77' lang='lat' dir='ltr'><strong>regno</strong></span> <span class='ocrx_word' id='word_1_334' title='bbox 462 2464 490 2486; x_wconf 80' lang='lat' dir='ltr'><strong>et</strong></span> <span class='ocrx_word' id='word_1_335' title='bbox 511 2456 642 2495; x_wconf 80' lang='lat' dir='ltr'><strong>licentia]</strong></span> <span class='ocrx_word' id='word_1_336' title='bbox 663 2458 778 2496; x_wconf 82' lang='lat' dir='ltr'><strong>Lepide</strong></span> 
     </span>
     <span class='ocr_line' id='line_1_40' title="bbox 80 2500 777 2539; baseline 0.001 -10"><span class='ocrx_word' id='word_1_337' title='bbox 80 2500 207 2538; x_wconf 85' lang='lat' dir='ltr'><strong>jocatur</strong></span> <span class='ocrx_word' id='word_1_338' title='bbox 236 2501 269 2529; x_wconf 89' lang='lat' dir='ltr'><strong>in</strong></span> <span class='ocrx_word' id='word_1_339' title='bbox 298 2500 340 2536; x_wconf 83' lang='lat' dir='ltr'><strong>id,</strong></span> <span class='ocrx_word' id='word_1_340' title='bbox 371 2501 457 2539; x_wconf 87' lang='lat' dir='ltr'><strong>quod</strong></span> <span class='ocrx_word' id='word_1_341' title='bbox 482 2501 579 2530; x_wconf 90' lang='lat' dir='ltr'><strong>atomi</strong></span> <span class='ocrx_word' id='word_1_342' title='bbox 614 2501 646 2530; x_wconf 89' lang='lat' dir='ltr'><strong>in</strong></span> <span class='ocrx_word' id='word_1_343' title='bbox 675 2510 777 2530; x_wconf 86' lang='lat' dir='ltr'><strong>vacuo</strong></span> 
     </span>
     <span class='ocr_line' id='line_1_41' title="bbox 84 2543 779 2578; baseline 0.001 -7"><span class='ocrx_word' id='word_1_344' title='bbox 84 2548 254 2572; x_wconf 85' lang='lat' dir='ltr'><strong>moventur</strong></span> <span class='ocrx_word' id='word_1_345' title='bbox 268 2543 322 2578; x_wconf 85' lang='lat' dir='ltr'><strong>ita,</strong></span> <span class='ocrx_word' id='word_1_346' title='bbox 337 2549 374 2571; x_wconf 87' lang='lat' dir='ltr'><strong>ut</strong></span> <span class='ocrx_word' id='word_1_347' title='bbox 387 2544 456 2572; x_wconf 85' lang='lat' dir='ltr'><strong>sine</strong></span> <span class='ocrx_word' id='word_1_348' title='bbox 473 2552 568 2573; x_wconf 87' lang='lat' dir='ltr'><strong>causa</strong></span> <span class='ocrx_word' id='word_1_349' title='bbox 588 2543 744 2573; x_wconf 87' lang='lat' dir='ltr'><strong>declinare</strong></span> <span class='ocrx_word' id='word_1_350' title='bbox 761 2553 779 2572; x_wconf 91' lang='lat' dir='ltr'><strong>a</strong></span> 
     </span>
     <span class='ocr_line' id='line_1_42' title="bbox 81 2584 779 2626; baseline 0 -10"><span class='ocrx_word' id='word_1_351' title='bbox 81 2593 167 2616; x_wconf 81' lang='lat' dir='ltr'><strong>recta</strong></span> <span class='ocrx_word' id='word_1_352' title='bbox 181 2584 277 2620; x_wconf 88' lang='lat' dir='ltr'><strong>linea,</strong></span> <span class='ocrx_word' id='word_1_353' title='bbox 294 2592 325 2613; x_wconf 92' lang='lat' dir='ltr'><strong>et</strong></span> <span class='ocrx_word' id='word_1_354' title='bbox 338 2594 495 2616; x_wconf 89' lang='lat' dir='ltr'><strong>concursu</strong></span> <span class='ocrx_word' id='word_1_355' title='bbox 516 2587 643 2616; x_wconf 79' lang='lat' dir='ltr'><strong>fortuito</strong></span> <span class='ocrx_word' id='word_1_356' title='bbox 663 2586 779 2626; x_wconf 86' lang='lat' dir='ltr'><strong>quidli-</strong></span> 
     </span>
     <span class='ocr_line' id='line_1_43' title="bbox 84 2628 459 2664; baseline -0.003 -5"><span class='ocrx_word' id='word_1_357' title='bbox 84 2629 138 2659; x_wconf 90' lang='lat' dir='ltr'><strong>bet</strong></span> <span class='ocrx_word' id='word_1_358' title='bbox 152 2628 289 2664; x_wconf 85' lang='lat' dir='ltr'><strong>efficere,</strong></span> <span class='ocrx_word' id='word_1_359' title='bbox 305 2628 459 2658; x_wconf 79' lang='lat' dir='ltr'><strong>dicantur.</strong></span> 
     </span>
    </p>

    <p class='ocr_par' dir='ltr' id='par_1_9' title="bbox 84 2669 780 2924">
     <span class='ocr_line' id='line_1_44' title="bbox 128 2669 773 2713; baseline 0.003 -14"><span class='ocrx_word' id='word_1_360' title='bbox 128 2678 168 2703; x_wconf 80' lang='lat'><strong>94</strong></span> <span class='ocrx_word' id='word_1_361' title='bbox 190 2680 256 2712; x_wconf 84' lang='lat' dir='ltr'><strong>quae</strong></span> <span class='ocrx_word' id='word_1_362' title='bbox 274 2677 307 2708; x_wconf 87' lang='lat' dir='ltr'><strong>p.</strong></span> <span class='ocrx_word' id='word_1_363' title='bbox 333 2669 422 2699; x_wconf 79' lang='lat' dir='ltr'><strong>nullae</strong></span> <span class='ocrx_word' id='word_1_364' title='bbox 444 2677 518 2701; x_wconf 85' lang='lat' dir='ltr'><strong>sunt.</strong></span> <span class='ocrx_word' id='word_1_365' title='bbox 541 2670 618 2699; x_wconf 77' lang='lat' dir='ltr'><strong>nihil</strong></span> <span class='ocrx_word' id='word_1_366' title='bbox 639 2682 662 2700; x_wconf 80' lang='lat' dir='ltr'><strong>e.</strong></span> <span class='ocrx_word' id='word_1_367' title='bbox 692 2683 715 2700; x_wconf 77' lang='lat' dir='ltr'><strong>e.</strong></span> <span class='ocrx_word' id='word_1_368' title='bbox 744 2684 773 2713; x_wconf 89' lang='lat' dir='ltr'><strong>q.</strong></span> 
     </span>
     <span class='ocr_line' id='line_1_45' title="bbox 84 2711 775 2752; baseline 0 -8"><span class='ocrx_word' id='word_1_369' title='bbox 84 2720 171 2744; x_wconf 78' lang='lat' dir='ltr'><strong>vacet</strong></span> <span class='ocrx_word' id='word_1_370' title='bbox 179 2719 291 2752; x_wconf 80' lang='lat' dir='ltr'><strong>corpore</strong></span> <span class='ocrx_word' id='word_1_371' title='bbox 301 2711 375 2751; x_wconf 85' lang='lat' dir='ltr'><strong>&amp;c.]</strong></span> <span class='ocrx_word' id='word_1_372' title='bbox 391 2712 489 2743; x_wconf 87' lang='lat' dir='ltr'><strong>Hunc</strong></span> <span class='ocrx_word' id='word_1_373' title='bbox 500 2713 610 2744; x_wconf 89' lang='lat' dir='ltr'><strong>locum</strong></span> <span class='ocrx_word' id='word_1_374' title='bbox 620 2714 775 2744; x_wconf 87' lang='lat' dir='ltr'><strong>mutilum</strong></span> 
     </span>
     <span class='ocr_line' id='line_1_46' title="bbox 84 2756 777 2795; baseline 0 -8"><span class='ocrx_word' id='word_1_375' title='bbox 84 2765 150 2787; x_wconf 82' lang='lat' dir='ltr'><strong>esse</strong></span> <span class='ocrx_word' id='word_1_376' title='bbox 179 2761 331 2795; x_wconf 88' lang='lat' dir='ltr'><strong>putarunt</strong></span> <span class='ocrx_word' id='word_1_377' title='bbox 359 2756 502 2793; x_wconf 84' lang='lat' dir='ltr'><strong>quidam,</strong></span> <span class='ocrx_word' id='word_1_378' title='bbox 540 2757 573 2786; x_wconf 87' lang='lat' dir='ltr'><strong>in</strong></span> <span class='ocrx_word' id='word_1_379' title='bbox 603 2758 651 2786; x_wconf 81' lang='lat' dir='ltr'><strong>his</strong></span> <span class='ocrx_word' id='word_1_380' title='bbox 683 2757 777 2787; x_wconf 86' lang='lat' dir='ltr'><strong>Lam-</strong></span> 
     </span>
     <span class='ocr_line' id='line_1_47' title="bbox 84 2798 780 2838; baseline 0 -10"><span class='ocrx_word' id='word_1_381' title='bbox 84 2799 193 2835; x_wconf 82' lang='lat' dir='ltr'><strong>binus,</strong></span> <span class='ocrx_word' id='word_1_382' title='bbox 209 2799 263 2838; x_wconf 88' lang='lat' dir='ltr'><strong>qui</strong></span> <span class='ocrx_word' id='word_1_383' title='bbox 279 2805 310 2828; x_wconf 88' lang='lat' dir='ltr'><strong>et</strong></span> <span class='ocrx_word' id='word_1_384' title='bbox 324 2798 469 2837; x_wconf 85' lang='lat' dir='ltr'><strong>supplere</strong></span> <span class='ocrx_word' id='word_1_385' title='bbox 483 2799 615 2829; x_wconf 86' lang='lat' dir='ltr'><strong>tentavit</strong></span> <span class='ocrx_word' id='word_1_386' title='bbox 629 2801 686 2836; x_wconf 87' lang='lat' dir='ltr'><strong>sic,</strong></span> <span class='ocrx_word' id='word_1_387' title='bbox 704 2799 780 2829; x_wconf 80' lang='lat' dir='ltr'><strong>nihil</strong></span> 
     </span>
     <span class='ocr_line' id='line_1_48' title="bbox 86 2840 774 2876; baseline 0.003 -6"><span class='ocrx_word' id='word_1_388' title='bbox 86 2841 160 2871; x_wconf 77' lang='lat' dir='ltr'><strong>enim</strong></span> <span class='ocrx_word' id='word_1_389' title='bbox 182 2848 223 2870; x_wconf 82' lang='lat' dir='ltr'><strong>est</strong></span> <span class='ocrx_word' id='word_1_390' title='bbox 245 2841 407 2876; x_wconf 82' lang='lat' dir='ltr'><strong>minimum,</strong></span> <span class='ocrx_word' id='word_1_391' title='bbox 429 2840 527 2869; x_wconf 79' lang='lat' dir='ltr'><strong>deinde</strong></span> <span class='ocrx_word' id='word_1_392' title='bbox 549 2852 601 2870; x_wconf 85' lang='lat' dir='ltr'><strong>non</strong></span> <span class='ocrx_word' id='word_1_393' title='bbox 623 2849 664 2871; x_wconf 83' lang='lat' dir='ltr'><strong>est</strong></span> <span class='ocrx_word' id='word_1_394' title='bbox 681 2843 774 2872; x_wconf 83' lang='lat' dir='ltr'><strong>inane.</strong></span> 
     </span>
     <span class='ocr_line' id='line_1_49' title="bbox 84 2883 778 2924; baseline 0.003 -10"><span class='ocrx_word' id='word_1_395' title='bbox 84 2893 144 2914; x_wconf 84' lang='lat' dir='ltr'><strong>nec</strong></span> <span class='ocrx_word' id='word_1_396' title='bbox 160 2885 270 2922; x_wconf 84' lang='lat' dir='ltr'><strong>reperi,</strong></span> <span class='ocrx_word' id='word_1_397' title='bbox 282 2884 336 2923; x_wconf 92' lang='lat' dir='ltr'><strong>qui</strong></span> <span class='ocrx_word' id='word_1_398' title='bbox 346 2893 468 2913; x_wconf 77' lang='lat' dir='ltr'><strong>nexum</strong></span> <span class='ocrx_word' id='word_1_399' title='bbox 480 2883 626 2915; x_wconf 84' lang='lat' dir='ltr'><strong>orationis</strong></span> <span class='ocrx_word' id='word_1_400' title='bbox 642 2884 778 2924; x_wconf 83' lang='lat' dir='ltr'><strong>planum</strong></span> 
     </span>
    </p>
   </div>
   <div class='ocr_carea' id='block_1_6' title="bbox 143 2938 468 2967">
    <p class='ocr_par' dir='ltr' id='par_1_10' title="bbox 143 2938 468 2967">
     <span class='ocr_line' id='line_1_50' title="bbox 143 2938 468 2967; baseline -0.006 0"><span class='ocrx_word' id='word_1_401' title='bbox 143 2938 256 2967; x_wconf 81' lang='lat' dir='ltr'><strong>VOL.</strong></span> <span class='ocrx_word' id='word_1_402' title='bbox 281 2938 348 2967; x_wconf 80' lang='lat' dir='ltr'><strong>IV.</strong></span> <span class='ocrx_word' id='word_1_403' title='bbox 372 2938 412 2967; x_wconf 79' lang='lat' dir='ltr'><strong>P.</strong></span> <span class='ocrx_word' id='word_1_404' title='bbox 437 2938 468 2965; x_wconf 92' lang='lat'><strong>1.</strong></span> 
     </span>
    </p>
   </div>
   <div class='ocr_carea' id='block_1_7' title="bbox 818 2370 1519 2927">
    <p class='ocr_par' dir='ltr' id='par_1_11' title="bbox 820 2370 1519 2672">
     <span class='ocr_line' id='line_1_51' title="bbox 823 2370 1519 2413; baseline 0.007 -13"><span class='ocrx_word' id='word_1_405' title='bbox 823 2371 948 2400; x_wconf 79' lang='lat' dir='ltr'><strong>fecerit:</strong></span> <span class='ocrx_word' id='word_1_406' title='bbox 975 2370 1007 2400; x_wconf 90' lang='lat' dir='ltr'><strong>Si</strong></span> <span class='ocrx_word' id='word_1_407' title='bbox 1033 2381 1142 2400; x_wconf 81' lang='lat' dir='ltr'><strong>vacare</strong></span> <span class='ocrx_word' id='word_1_408' title='bbox 1168 2378 1280 2411; x_wconf 82' lang='lat' dir='ltr'><strong>corpore</strong></span> <span class='ocrx_word' id='word_1_409' title='bbox 1310 2373 1519 2413; x_wconf 82' lang='lat' dir='ltr'><strong>intelligimus</strong></span> 
     </span>
     <span class='ocr_line' id='line_1_52' title="bbox 821 2414 1517 2457; baseline 0.009 -15"><span class='ocrx_word' id='word_1_410' title='bbox 821 2414 1044 2452; x_wconf 82' lang='lat' dir='ltr'><strong>incorporeum</strong></span> <span class='ocrx_word' id='word_1_411' title='bbox 1060 2423 1138 2450; x_wconf 84' lang='lat' dir='ltr'><strong>esse,</strong></span> <span class='ocrx_word' id='word_1_412' title='bbox 1155 2424 1220 2444; x_wconf 92' lang='lat' dir='ltr'><strong>non</strong></span> <span class='ocrx_word' id='word_1_413' title='bbox 1242 2415 1357 2445; x_wconf 88' lang='lat' dir='ltr'><strong>habere</strong></span> <span class='ocrx_word' id='word_1_414' title='bbox 1379 2425 1491 2457; x_wconf 82' lang='lat' dir='ltr'><strong>corpus</strong></span> <span class='ocrx_word' id='word_1_415' title='bbox 1505 2429 1517 2456; x_wconf 69' lang='grc' dir='ltr'><strong>ς</strong></span> 
     </span>
     <span class='ocr_line' id='line_1_53' title="bbox 820 2457 1516 2496; baseline 0.009 -11"><span class='ocrx_word' id='word_1_416' title='bbox 820 2457 930 2486; x_wconf 76' lang='lat' dir='ltr'><strong>omnia</strong></span> <span class='ocrx_word' id='word_1_417' title='bbox 957 2458 1127 2487; x_wconf 83' lang='lat' dir='ltr'><strong>cohaerent.</strong></span> <span class='ocrx_word' id='word_1_418' title='bbox 1157 2458 1231 2496; x_wconf 88' lang='lat' dir='ltr'><strong>quia</strong></span> <span class='ocrx_word' id='word_1_419' title='bbox 1261 2459 1341 2488; x_wconf 90' lang='lat' dir='ltr'><strong>nihil</strong></span> <span class='ocrx_word' id='word_1_420' title='bbox 1373 2467 1419 2489; x_wconf 85' lang='lat' dir='ltr'><strong>est</strong></span> <span class='ocrx_word' id='word_1_421' title='bbox 1447 2461 1516 2491; x_wconf 85' lang='lat' dir='ltr'><strong>sine</strong></span> 
     </span>
     <span class='ocr_line' id='line_1_54' title="bbox 821 2500 1517 2543; baseline 0.007 -14"><span class='ocrx_word' id='word_1_422' title='bbox 821 2509 962 2539; x_wconf 89' lang='lat' dir='ltr'><strong>corpore,</strong></span> <span class='ocrx_word' id='word_1_423' title='bbox 983 2507 1014 2529; x_wconf 86' lang='lat' dir='ltr'><strong>et</strong></span> <span class='ocrx_word' id='word_1_424' title='bbox 1036 2500 1146 2530; x_wconf 79' lang='lat' dir='ltr'><strong>omnia</strong></span> <span class='ocrx_word' id='word_1_425' title='bbox 1168 2500 1262 2539; x_wconf 83' lang='lat' dir='ltr'><strong>plena</strong></span> <span class='ocrx_word' id='word_1_426' title='bbox 1283 2509 1359 2532; x_wconf 84' lang='lat' dir='ltr'><strong>sunt</strong></span> <span class='ocrx_word' id='word_1_427' title='bbox 1381 2504 1517 2543; x_wconf 82' lang='lat' dir='ltr'><strong>corpori-</strong></span> 
     </span>
     <span class='ocr_line' id='line_1_55' title="bbox 821 2543 1517 2586; baseline 0.007 -14"><span class='ocrx_word' id='word_1_428' title='bbox 821 2543 905 2580; x_wconf 78' lang='lat' dir='ltr'><strong>bus3</strong></span> <span class='ocrx_word' id='word_1_429' title='bbox 933 2544 1088 2582; x_wconf 86' lang='lat' dir='ltr'><strong>sequitur,</strong></span> <span class='ocrx_word' id='word_1_430' title='bbox 1111 2543 1241 2574; x_wconf 89' lang='lat' dir='ltr'><strong>nullum</strong></span> <span class='ocrx_word' id='word_1_431' title='bbox 1265 2554 1330 2574; x_wconf 88' lang='lat' dir='ltr'><strong>esse</strong></span> <span class='ocrx_word' id='word_1_432' title='bbox 1349 2545 1460 2586; x_wconf 73' lang='lat' dir='ltr'><strong>inane,</strong></span> <span class='ocrx_word' id='word_1_433' title='bbox 1483 2548 1517 2577; x_wconf 89' lang='lat' dir='ltr'><strong>in</strong></span> 
     </span>
     <span class='ocr_line' id='line_1_56' title="bbox 821 2587 1518 2625; baseline 0.007 -10"><span class='ocrx_word' id='word_1_434' title='bbox 821 2595 885 2625; x_wconf 89' lang='lat' dir='ltr'><strong>quo</strong></span> <span class='ocrx_word' id='word_1_435' title='bbox 907 2595 950 2616; x_wconf 86' lang='lat' dir='ltr'><strong>sc.</strong></span> <span class='ocrx_word' id='word_1_436' title='bbox 974 2587 1072 2616; x_wconf 87' lang='lat' dir='ltr'><strong>atorni</strong></span> <span class='ocrx_word' id='word_1_437' title='bbox 1097 2594 1298 2624; x_wconf 79' lang='lat' dir='ltr'><strong>moveantur,</strong></span> <span class='ocrx_word' id='word_1_438' title='bbox 1322 2597 1381 2618; x_wconf 89' lang='lat' dir='ltr'><strong>nec</strong></span> <span class='ocrx_word' id='word_1_439' title='bbox 1405 2590 1518 2620; x_wconf 77' lang='lat' dir='ltr'><strong>indivi-</strong></span> 
     </span>
     <span class='ocr_line' id='line_1_57' title="bbox 821 2630 1504 2672; baseline 0.007 -14"><span class='ocrx_word' id='word_1_440' title='bbox 821 2630 923 2658; x_wconf 87' lang='lat' dir='ltr'><strong>duum</strong></span> <span class='ocrx_word' id='word_1_441' title='bbox 936 2630 1025 2668; x_wconf 83' lang='lat' dir='ltr'><strong>quid,</strong></span> <span class='ocrx_word' id='word_1_442' title='bbox 1041 2631 1126 2668; x_wconf 88' lang='lat' dir='ltr'><strong>quod</strong></span> <span class='ocrx_word' id='word_1_443' title='bbox 1142 2630 1172 2659; x_wconf 92' lang='lat' dir='ltr'><strong>id</strong></span> <span class='ocrx_word' id='word_1_444' title='bbox 1189 2638 1268 2660; x_wconf 79' lang='lat' dir='ltr'><strong>esset</strong></span> <span class='ocrx_word' id='word_1_445' title='bbox 1280 2631 1349 2660; x_wconf 83' lang='lat' dir='ltr'><strong>sine</strong></span> <span class='ocrx_word' id='word_1_446' title='bbox 1363 2640 1504 2672; x_wconf 85' lang='lat' dir='ltr'><strong>corpore.</strong></span> 
     </span>
    </p>

    <p class='ocr_par' dir='ltr' id='par_1_12' title="bbox 818 2671 1516 2927">
     <span class='ocr_line' id='line_1_58' title="bbox 862 2671 1516 2712; baseline 0.005 -10"><span class='ocrx_word' id='word_1_447' title='bbox 862 2679 899 2704; x_wconf 84' lang='grc'><strong>95</strong></span> <span class='ocrx_word' id='word_1_448' title='bbox 925 2672 981 2701; x_wconf 76' lang='lat' dir='ltr'><strong>ista</strong></span> <span class='ocrx_word' id='word_1_449' title='bbox 1004 2671 1092 2710; x_wconf 82' lang='lat' dir='ltr'><strong>enim]</strong></span> <span class='ocrx_word' id='word_1_450' title='bbox 1119 2672 1277 2703; x_wconf 86' lang='lat' dir='ltr'><strong>Nonnulli</strong></span> <span class='ocrx_word' id='word_1_451' title='bbox 1299 2674 1406 2704; x_wconf 87' lang='lat' dir='ltr'><strong>delent</strong></span> <span class='ocrx_word' id='word_1_452' title='bbox 1429 2676 1516 2712; x_wconf 78' lang='lat' dir='ltr'><strong>enirn,</strong></span> 
     </span>
     <span class='ocr_line' id='line_1_59' title="bbox 819 2715 1516 2755; baseline 0.007 -12"><span class='ocrx_word' id='word_1_453' title='bbox 819 2721 849 2744; x_wconf 88' lang='lat' dir='ltr'><strong>et</strong></span> <span class='ocrx_word' id='word_1_454' title='bbox 865 2715 1067 2753; x_wconf 81' lang='lat' dir='ltr'><strong>conjungunt</strong></span> <span class='ocrx_word' id='word_1_455' title='bbox 1083 2716 1138 2744; x_wconf 84' lang='lat' dir='ltr'><strong>ista</strong></span> <span class='ocrx_word' id='word_1_456' title='bbox 1151 2716 1280 2755; x_wconf 85' lang='lat' dir='ltr'><strong>flagitia</strong></span> <span class='ocrx_word' id='word_1_457' title='bbox 1300 2726 1377 2747; x_wconf 89' lang='lat' dir='ltr'><strong>eum</strong></span> <span class='ocrx_word' id='word_1_458' title='bbox 1393 2727 1493 2748; x_wconf 78' lang='lat' dir='ltr'><strong>vestra</strong></span> <span class='ocrx_word' id='word_1_459' title='bbox 1507 2730 1516 2747; x_wconf 87' lang='lat'>:</span> 
     </span>
     <span class='ocr_line' id='line_1_60' title="bbox 819 2758 1516 2800; baseline 0.007 -14"><span class='ocrx_word' id='word_1_460' title='bbox 819 2758 904 2796; x_wconf 89' lang='lat' dir='ltr'><strong>quod</strong></span> <span class='ocrx_word' id='word_1_461' title='bbox 934 2758 1004 2787; x_wconf 83' lang='lat' dir='ltr'><strong>ferri</strong></span> <span class='ocrx_word' id='word_1_462' title='bbox 1032 2768 1098 2788; x_wconf 89' lang='lat' dir='ltr'><strong>non</strong></span> <span class='ocrx_word' id='word_1_463' title='bbox 1119 2766 1230 2798; x_wconf 87' lang='lat' dir='ltr'><strong>potest.</strong></span> <span class='ocrx_word' id='word_1_464' title='bbox 1275 2759 1342 2799; x_wconf 81' lang='lat' dir='ltr'><strong>Ego</strong></span> <span class='ocrx_word' id='word_1_465' title='bbox 1373 2761 1516 2800; x_wconf 81' lang='lat' dir='ltr'><strong>intelligo</strong></span> 
     </span>
     <span class='ocr_line' id='line_1_61' title="bbox 821 2801 1515 2844; baseline 0.004 -15"><span class='ocrx_word' id='word_1_466' title='bbox 821 2807 895 2830; x_wconf 78' lang='lat' dir='ltr'><strong>sunt.</strong></span> <span class='ocrx_word' id='word_1_467' title='bbox 912 2802 933 2830; x_wconf 89' lang='lat' dir='ltr'><strong>i.</strong></span> <span class='ocrx_word' id='word_1_468' title='bbox 950 2810 977 2829; x_wconf 91' lang='lat' dir='ltr'><strong>e.</strong></span> <span class='ocrx_word' id='word_1_469' title='bbox 994 2801 1101 2840; x_wconf 89' lang='lat' dir='ltr'><strong>opinio</strong></span> <span class='ocrx_word' id='word_1_470' title='bbox 1122 2802 1295 2831; x_wconf 84' lang='lat' dir='ltr'><strong>Democriti</strong></span> <span class='ocrx_word' id='word_1_471' title='bbox 1317 2810 1363 2832; x_wconf 87' lang='lat' dir='ltr'><strong>est</strong></span> <span class='ocrx_word' id='word_1_472' title='bbox 1375 2805 1515 2844; x_wconf 76' lang='lat' dir='ltr'><strong>turpissi-</strong></span> 
     </span>
     <span class='ocr_line' id='line_1_62' title="bbox 820 2844 1512 2883; baseline 0.007 -11"><span class='ocrx_word' id='word_1_473' title='bbox 820 2852 885 2873; x_wconf 83' lang='lat' dir='ltr'><strong>ma.</strong></span> <span class='ocrx_word' id='word_1_474' title='bbox 915 2844 992 2873; x_wconf 88' lang='lat' dir='ltr'><strong>adeo</strong></span> <span class='ocrx_word' id='word_1_475' title='bbox 1017 2844 1099 2874; x_wconf 86' lang='lat' dir='ltr'><strong>nihil</strong></span> <span class='ocrx_word' id='word_1_476' title='bbox 1126 2845 1297 2875; x_wconf 80' lang='lat' dir='ltr'><strong>verisimile</strong></span> <span class='ocrx_word' id='word_1_477' title='bbox 1325 2847 1431 2883; x_wconf 78' lang='lat' dir='ltr'><strong>habet¹</strong></span> <span class='ocrx_word' id='word_1_478' title='bbox 1461 2847 1512 2877; x_wconf 78' lang='lat' dir='ltr'><strong>sed</strong></span> 
     </span>
     <span class='ocr_line' id='line_1_63' title="bbox 818 2887 1196 2927; baseline 0.003 -12"><span class='ocrx_word' id='word_1_479' title='bbox 818 2887 1017 2917; x_wconf 82' lang='lat' dir='ltr'><strong>absurditatis</strong></span> <span class='ocrx_word' id='word_1_480' title='bbox 1032 2887 1125 2927; x_wconf 81' lang='lat' dir='ltr'><strong>plena</strong></span> <span class='ocrx_word' id='word_1_481' title='bbox 1140 2895 1196 2917; x_wconf 80' lang='lat' dir='ltr'><strong>est.</strong></span> 
     </span>
    </p>
   </div>
   <div class='ocr_carea' id='block_1_8' title="bbox 868 2940 941 2966">
    <p class='ocr_par' dir='ltr' id='par_1_13' title="bbox 868 2940 941 2966">
     <span class='ocr_line' id='line_1_64' title="bbox 868 2940 941 2966; baseline 0 0"><span class='ocrx_word' id='word_1_482' title='bbox 868 2940 941 2966; x_wconf 67' lang='grc' dir='ltr'><strong>ΕΘ-</strong></span> 
     </span>
    </p>
   </div>
  </div>
 </body>
</html>
