1778 3095
189 98 268 131 324
531 91 787 130 TUSCUL.
817 91 1261 131 QUAESTIONUM

127 192 176 230 65
191 198 295 241 illud
317 199 596 242 voluntarium
615 202 628 242 ἓ
661 200 780 243 Quid
802 201 872 243 ille
900 202 1176 244 Terentianus
1200 200 1353 241 9ἑαυτόν
1371 198 1634 258 τιμωςέμενος,

190 256 234 298 id
255 265 335 308 est,
357 257 445 313 ipse
465 271 511 299 se
531 258 709 313 puniens
727 259 740 299 ?

303 350 418 386 Dect-‘r
413 350 451 386 vi
471 350 633 400 tantisper
652 363 700 386 mc
721 350 825 385 minus
847 349 994 396 irgjuriae,

303 402 468 445 Chremes,
491 417 557 440 meo
570 404 819 453 gnatofacerc,
838 401 1012 448 dumfiam
1034 402 1142 441 miser.

191 478 276 518 Hic
298 477 502 528 decernit,
524 486 572 518 ut
594 476 722 517 miser
743 477 809 516 sit.
832 491 932 516 num
950 476 1043 532 quis
1059 477 1190 533 igitur
1206 476 1434 534 quidquam
1449 474 1635 517 decernit

189 534 340 575 invitus
358 536 370 574 ?

297 623 397 658 Malo
415 622 549 672 quidem
570 636 618 659 mr.
638 635 729 672 quo-v
710 621 758 657 is
778 620 918 670 dignum
937 620 1099 671 deputem.

190 698 304 740 malo
327 713 369 739 se
389 697 568 753 dignum
590 697 784 752 deputat,
806 695 883 736 nisi
904 695 1030 737 miser
1054 697 1107 738 sit
1127 700 1140 738 ?
1171 698 1283 740 vides
1304 713 1408 754 ergo
1428 698 1636 755 opinionis

190 770 297 805 esse,
324 769 409 796 non
440 763 616 804 naturae,
647 752 825 793 malum.
856 753 973 808 quid,
1005 753 1120 809 quod
1148 768 1214 795 res
1233 754 1333 810 ipsa
1358 756 1505 820 lugere
1535 770 1636 811 pro·

190 812 337 853 hibet?
382 821 431 851 ut
464 810 577 865 apud
610 811 850 851 Homerum
891 810 1148 866 quotidianae
1187 825 1323 862 neces,
1361 811 1636 868 interitusque

192 869 440 918 multorum,
472 867 736 908 sedationem
768 867 970 909 maerendi
998 867 1204 910 afferunt:
1239 877 1278 900 ¹0
1291 868 1405 924 apud
1432 883 1556 924 quem
1579 869 1637 910 ita

192 925 346 966 dicitur

300 1016 458 1065 Namque
478 1015 573 1051 nimis
596 1013 729 1057 multos,
753 1019 785 1041 11
802 1023 904 1064 atque
920 1014 1006 1050 omni
1025 1014 1095 1051 luce
1112 1014 1263 1052 cadentes

304 1069 477 1106 Cernimus
496 1084 505 1110 ;
535 1078 571 1104 ut
593 1081 682 1104 nemo
693 1070 797 1118 possit
818 1082 954 1104 maerore
971 1080 1111 1105 vacare.

304 1123 377 1172 Quo
398 1123 509 1171 magis
527 1132 576 1158 cst
594 1135 729 1171 (equum
749 1122 885 1159 tumulis
904 1121 1066 1158 mandare
1078 1130 1238 1171 peremtos

299 1177 411 1213 Firmo
427 1176 550 1219 animo,
571 1184 602 1212 ct
619 1176 671 1211 lu
670 1182 747 1211 tum
765 1175 920 1224 lacrymis
928 1173 1036 1220 finire
1053 1174 1194 1212 diurnis.

130 1256 182 1294 66
195 1250 341 1314 Ergo
332 1264 374 1290 m
397 1257 607 1304 potestate
628 1259 692 1289 est
722 1248 906 1305 abjicere
940 1247 1149 1299 dolorem,
1180 1263 1279 1289 cum
1309 1247 1425 1300 velis,
1455 1250 1637 1315 tempori

195 1306 456 1348 servientem.
516 1306 586 1345 An
615 1314 679 1345 est
708 1305 845 1346 ullum
873 1314 1041 1360 tempus
1076 1305 1292 1361 (quoniam
1315 1305 1487 1362 quidem
1508 1321 1572 1348 res
1594 1307 1637 1348 in

194 1371 339 1404 nostra
359 1371 569 1417 potestate
588 1364 668 1413 est)
693 1361 762 1403 cui
783 1376 881 1412 non,
900 1361 1107 1417 ponendae
1131 1370 1289 1404 12curae
1312 1371 1356 1404 et
1375 1363 1639 1418 aegritudinis

193 1434 334 1468 causa,
354 1418 608 1460 serviamus?
645 1418 895 1470 Constabat,
925 1433 1011 1469 eos,
1033 1419 1105 1475 qui
1134 1419 1427 1461 concidentem
1457 1418 1639 1461 vulneri-

191 1478 272 1518 bus
314 1475 394 1517 Cn.
437 1475 685 1530 Pompeium
724 1475 938 1527 vidissent,
973 1490 1072 1517 cum
1110 1475 1184 1518 illo
1220 1476 1313 1532 ipso
1349 1476 1638 1528 acerbissimo,

193 1532 516 1598 miserrimoque
543 1531 785 1587 spectaculo
822 1532 901 1573 sibi
928 1533 1139 1584 timerent,
1164 1532 1282 1588 quod
1311 1547 1356 1574 se
1383 1532 1516 1574 classe
1535 1532 1636 1575 hos-

194 1590 303 1632 tium
334 1589 617 1631 circumfusos
647 1588 851 1640 viderent,
885 1589 988 1630 nihil
1025 1600 1118 1631 tum
1149 1589 1265 1631 aliud
1294 1590 1448 1646 egisse,
1480 1589 1559 1631 nisi
1591 1598 1639 1632 ut

195 1647 377 1703 remiges
415 1647 697 1697 hortarentur,
738 1655 780 1687 et
824 1655 873 1687 ut
919 1646 1097 1687 salutem
1137 1646 1468 1702 adipiscerentur
1505 1647 1640 1703 fuga.

67 1723 98 1755 p.
112 1720 185 1745 205
199 1712 235 1736 13
251 1713 527 1769 posteaquam
547 1704 711 1767 Tyrum
733 1703 955 1754 venissent,
985 1711 1076 1744 tum
1107 1702 1312 1754 afflictari,
1332 1703 1640 1767 lamentarique

157 1766 186 1787 ³·
198 1760 391 1825 coepisse.
421 1761 549 1801 timor
578 1759 714 1823 igitur
745 1760 799 1801 ab
835 1759 885 1800 iis
919 1759 1213 1815 aegritudinem
1249 1760 1392 1815 potuit
1421 1760 1639 1816 repellere,

114 1821 185 1869 28
197 1826 304 1858 ratio
334 1831 382 1858 ac
413 1815 617 1872 sapientia
644 1830 741 1857 vera
769 1831 854 1857 non
884 1816 1070 1873 poterit?
1103 1816 1221 1873 Quid
1248 1825 1316 1857 est
1342 1825 1501 1868 autem,
1522 1816 1640 1873 quod

196 1873 293 1930 plus
313 1874 446 1915 valeat
466 1873 518 1914 ad
533 1871 778 1929 ponendum
794 1872 1003 1924 dolorem,
1020 1887 1148 1929 quam
1165 1887 1263 1914 cum
1284 1881 1349 1914 est
1364 1872 1640 1938 intellectum,

198 1930 302 1971 nihil
337 1930 499 1986 profici,
535 1937 577 1970 et
615 1930 771 1971 frustra
809 1944 899 1971 esse
939 1930 1217 1986 susceptum?
1250 1929 1286 1971 si
1319 1929 1450 1986 igitur
1483 1929 1639 1985 deponi

133 1994 183 2039 67
195 1997 353 2052 potest,
373 1987 501 2028 etiam
523 2001 608 2028 non
626 1987 782 2043 suscipi
803 1995 958 2042 potest,
989 1987 1203 2028 voluntate
1233 1986 1379 2042 igitur,
1409 1995 1452 2028 et
1474 1986 1640 2043 judicio

197 2044 354 2100 susclpi
360 2043 668 2108 aegritudinem
690 2043 980 2085 confitendum
995 2053 1075 2085 est.
1107 2043 1259 2109 quue
1262 2043 1470 2085 indicatur
1490 2058 1638 2084 eorum

194 2100 412 2157 patientia,
433 2116 506 2157 qur
527 2115 625 2141 cum
657 2101 793 2142 multa
821 2101 905 2142 sint
933 2114 1044 2156 saepe
1077 2100 1276 2156 perpessi,
1299 2100 1462 2141 facilius
1481 2100 1638 2150 ferunt,

194 2157 403 2214 quidquid
436 2157 616 2199 accidit:
649 2157 986 2222 obduruisseque
1021 2170 1109 2198 sese
1145 2165 1292 2198 contra
1321 2157 1536 2198 fortunam
1571 2170 1638 2198 ar-

195 2214 432 2256 bitrantur:
463 2223 512 2255 ut
531 2213 603 2255 ille
626 2222 663 2245 14
674 2214 786 2270 apud
807 2213 1068 2271 Euripidem,

941 2316 1025 2355 apud
1061 2315 1245 2346 Homerum
1279 2320 1327 2345 est
1365 2313 1518 2352 xlm-um,
1556 2317 1640 2347 unde

941 2360 1076 2389 correxit
1105 2359 1227 2398 primus
1258 2358 1437 2389 Manutius.
1468 2369 1546 2390 mox
1585 2370 1641 2400 pro

240 2318 341 2357 9ipse
364 2329 391 2346 se
410 2317 544 2357 puniens,
576 2317 596 2346 ι’.
629 2328 652 2348 e.
684 2314 769 2344 ἓικυτᾶ
772 2313 894 2355 iau-44]

198 2360 340 2392 Quidam
358 2370 412 2400 pro
436 2360 539 2399 glossa
561 2359 656 2390 deleri
679 2359 850 2389 voluerunt
865 2359 899 2388 id

196 2410 238 2433 est
259 2403 281 2433 ἓ.
308 2415 336 2433 τ.
366 2403 523 2433 Buherius
546 2403 617 2433 vult
643 2403 767 2439 inverti,
800 2401 896 2431 ἑαυτὸν

197 2458 262 2483 σιμ.
289 2446 309 2476 i.
334 2455 360 2475 e.
389 2446 448 2485 ipse
474 2457 501 2475 se
521 2446 654 2485 puniens.
681 2446 794 2485 placet.
819 2454 896 2475 narn

197 2488 278 2519 illud
295 2489 447 2519 Graecum
472 2496 587 2518 notum
610 2496 675 2518 erat
698 2499 714 2518 e
736 2489 895 2519 Terentio.

197 2541 253 2571 pro
264 2532 385 2571 puniens
402 2532 550 2561 Davisius
566 2532 661 2561 edidit
670 2531 810 2570 poeniens,
827 2541 897 2569 pro-

197 2575 293 2605 bante
316 2575 465 2611 Buherio,
482 2576 557 2613 quia
581 2575 613 2604 in
638 2575 716 2604 Mss.
739 2580 786 2603 est
802 2574 898 2612 poeni-

198 2623 269 2647 rens.
293 2623 324 2647 et
340 2618 411 2647 haec
426 2618 528 2647 forma
543 2617 638 2646 etiarn
655 2617 729 2646 alibi
746 2622 792 2647 est
811 2617 896 2655 apud

195 2661 395 2691 Ciceronem.
420 2660 555 2690 Secutus
571 2669 646 2690 sum
663 2660 853 2690 Buherium.

243 2711 281 2735 10
304 2703 384 2742 apud
397 2714 479 2744 quem
497 2703 539 2732 ita
556 2701 600 2742 d.]
620 2703 658 2733 Il.
674 2714 704 2733 er'.
721 2708 794 2733 226.

243 2754 278 2777 11
315 2753 415 2788 atque,
439 2747 513 2775 omni
537 2745 611 2783 luce,
635 2745 765 2775 cadentes
792 2745 895 2775 Cmn‘-

198 2788 275 2831 mus]
294 2789 353 2820 Pro
368 2789 499 2819 cadentes
516 2789 594 2819 Mss.
612 2795 642 2818 et
653 2789 724 2819 edd.
740 2794 813 2818 vett.
832 2789 894 2818 fere

196 2839 335 2869 παππία,
363 2833 538 2863 referebant
563 2840 607 2862 sc.
636 2832 674 2862 ad
699 2831 771 2862 luce.
794 2831 893 2863 male.

939 2412 1050 2431 vacare
1063 2402 1127 2432 Ms.
1145 2401 1209 2431 Gu.
1226 2412 1332 2431 carere.

986 2451 1023 2475 12
1047 2455 1125 2474 curae
1141 2451 1169 2474 er
1176 2442 1374 2484 aegrituffnis]
1388 2442 1502 2475 Addidi
1518 2451 1547 2474 et
1561 2454 1640 2476 cum

941 2488 1071 2517 Davisio
1087 2497 1104 2517 e
1121 2488 1199 2517 Mss.

988 2536 1023 2560 123
1042 2536 1231 2572 posteaquam
1248 2530 1354 2570 Tyrum
1374 2528 1532 2569 venissent]
1550 2530 1641 2561 Wes-

941 2573 1093 2612 selingius
1109 2574 1186 2604 Obs.
1210 2573 1237 2610 1,
1265 2579 1313 2604 13.
1337 2579 1428 2613 putat
1454 2573 1581 2614 Cyprum
1597 2573 1641 2604 le-

940 2617 1095 2655 gendum,
1112 2616 1197 2656 quod
1219 2617 1251 2646 in
1274 2616 1352 2647 Livii
1374 2616 1457 2656 Epit.
1478 2623 1547 2647 112.
1564 2616 1641 2647 Cor>-

940 2659 1024 2689 nelia
1040 2669 1121 2689 uxor
1134 2666 1165 2689 et
1181 2659 1213 2690 S.
1231 2658 1403 2700 Pompeius
1418 2660 1586 2690 traduntur
1600 2669 1640 2691 ex

940 2702 1080 2743 AEgypto
1096 2703 1240 2743 Cyprum
1258 2703 1420 2743 refugisse.

987 2753 1024 2777 14
1062 2745 1142 2785 apud
1178 2745 1367 2787 Euripidem]
1410 2746 1641 2785 Fragmentum

939 2789 1002 2819 hoc
1018 2798 1118 2829 graece
1130 2795 1175 2819 est
1192 2798 1242 2829 ap.
1255 2788 1418 2820 Galerium
1434 2789 1473 2818 de
1488 2789 1640 2828 Dogmat.

938 2831 1037 2872 Hipp.
1053 2839 1084 2863 et
1099 2832 1177 2863 Plat.
1195 2833 1228 2862 L.
1247 2832 1302 2863 IV.
1319 2842 1350 2872 p.
1365 2834 1440 2864 2583.
1456 2832 1507 2862 ed.
1524 2831 1617 2863 Basil-
