1768 3095
605 117 788 156 LIBER
817 119 1060 158 PRIMUS.
1503 126 1549 160 15

117 227 249 269 ideam
269 225 548 283 appellabant,
561 223 653 281 jam
681 240 707 267 a
737 225 909 267 Platone
936 225 996 267 ita
1026 225 1310 268 nominatam:
1342 242 1417 269 nos
1436 239 1550 273 recte

118 284 300 341 speciem
319 296 541 340 possumus
561 281 712 323 dicere.
772 283 925 324 Sensus
955 291 1097 324 autem
1118 297 1280 333 omnes,
1298 283 1486 337 hebeteS,
1506 296 1607 334 et31

117 341 259 383 tardos
278 354 365 381 esse
383 338 706 390 arbitrabantur,
730 353 806 380 nec
827 345 866 371 68
883 339 1098 394 percipere
1119 339 1207 380 ullo
1232 339 1361 381 modo
1381 355 1445 382 res
1464 356 1549 393 eas,

118 412 213 454 quae
232 396 430 452 subjectae
451 395 640 437 sensibus
659 395 895 437 viderentur
910 411 922 446 ;
954 402 994 430 69
1008 411 1103 452 quae
1127 406 1265 437 essent
1285 406 1358 438 aut
1377 397 1436 438 ita
1455 411 1550 453 par-

118 469 194 505 vae,
213 461 260 494 ut
279 452 356 493 sub
377 465 544 493 sensum
574 451 723 493 cadere
753 467 837 493 non
871 462 1070 507 possent3
1100 461 1175 494 aut
1204 453 1266 494 ita
1295 453 1488 505 mobiles,
1507 464 1552 496 et

118 509 352 559 concitatae,
370 516 419 549 ut
439 507 543 549 nihil
571 523 773 564 umquam
805 523 934 549 unum
967 519 1077 550 esset
1103 518 1330 560 constans3
1362 524 1412 551 ne
1438 510 1550 552 idem

119 565 300 623 quidem,
320 564 418 621 quia
447 565 709 606 continenter
739 565 991 616 laberentur,
1011 575 1054 607 et
1085 566 1261 607 fluerent
1291 567 1445 608 omnia.
1471 567 1552 608 ita-

116 636 197 677 que
229 621 337 663 hanc
375 635 545 662 omnem
585 631 748 677 partem
781 636 935 674 rerum,
974 622 1229 678 opinabilem
1268 623 1549 678 appellabant.

115 678 340 720 Scientiam
375 686 516 719 autem
549 693 755 734 nusquam
788 692 878 720 esse
907 679 1148 729 censebant,
1180 678 1257 720 nisi
1287 687 1327 716 70
1344 680 1386 720 in
1418 680 1657 727 animip.4⁵.

113 735 370 776 motionibus
402 743 528 790 atque
557 735 814 776 rationibus:
845 749 929 791 qua
958 735 1011 777 de
1038 750 1164 777 causa
1190 735 1453 778 definitiones
1482 751 1547 778 re—
1558 740 1587 761 ³⁹

114 805 207 832 rum
240 790 489 847 probabant,
513 800 557 832 et
586 791 662 833 has
693 791 746 833 ad
775 792 929 843 omnia,
959 792 1011 833 de
1040 792 1192 848 quibus
1222 781 1613 849 disceptabatur,32

115 847 385 889 adhibebant.
415 848 638 890 verborum
672 849 800 890 etiam
835 849 1057 904 explicatio
1091 849 1364 904 probabatur,
1397 849 1441 891 id
1473 858 1554 902 est,

114 918 198 960 qua
226 903 278 945 de
310 918 436 945 causa
462 919 640 961 quaeque
671 914 809 946 essent
835 905 894 946 ita
923 907 1164 957 nominata3
1195 921 1323 961 quam
1341 906 1555 963 etymolo-

111 960 228 1016 giam
246 960 514 1017 appellabant
532 978 541 1003 :
572 970 670 1017 post
688 963 962 1017 argumentis,
981 972 1025 1005 et
1044 963 1163 1019 quasi
1182 977 1322 1004 rerum
1343 963 1452 1004 notis
1473 962 1553 1004 du-

113 1017 246 1068 cibus,
284 1017 512 1059 utebantur
549 1018 603 1059 ad
639 1018 921 1074 probandum,
954 1028 999 1061 et
1033 1019 1086 1060 ad
1117 1019 1456 1060 concludendum
1494 1018 1554 1071 id,

113 1073 227 1129 quod
256 1073 468 1129 explanari
498 1075 716 1116 volebant:
750 1082 787 1112 71
806 1075 848 1116 in
878 1090 960 1131 qua
990 1075 1235 1117 tradebatur
1264 1076 1401 1117 omnis
1421 1076 1552 1117 diale-

113 1130 233 1172 cticae
273 1129 506 1186 disciplina,
546 1131 589 1173 id
627 1139 703 1182 est,
743 1132 943 1173 orationis
982 1133 1143 1174 ratione
1181 1133 1407 1174 conclusae.
1452 1132 1553 1174 huic

114 1193 154 1223 72
171 1186 290 1242 quasi
308 1200 360 1228 ex
379 1187 511 1229 altera
528 1200 661 1244 parte,
682 1189 865 1230 oratoria
894 1189 952 1230 vis
982 1188 1147 1230 dicendi
1167 1189 1462 1240 adhibebatur,
1481 1203 1554 1230 ex-

111 1242 304 1297 plicatrix
334 1250 372 1280 73
388 1245 587 1286 orationis
616 1255 830 1301 perpetuae
858 1244 911 1286 ad
941 1245 1278 1301 persuadendum
1307 1260 1552 1287 accommo-

113 1298 238 1340 datae.
297 1306 337 1335 ⁷4
354 1300 463 1340 Haec
483 1308 572 1341 erat
590 1300 670 1341 illis
690 1301 827 1356 prima
846 1316 870 1342 a
891 1302 1063 1342 Platone
1087 1301 1243 1343 tradita
1262 1319 1271 1341 ε
1303 1301 1425 1359 cujus
1449 1317 1552 1359 quas
1564 1318 1613 1351 33

113 1354 346 1411 acceperim
368 1355 687 1411 disputationes,
708 1357 743 1397 si
760 1357 899 1408 vultis,
919 1371 1139 1413 exponam.
1198 1359 1292 1400 Nos
1313 1372 1410 1400 vero
1433 1359 1554 1401 volu-

111 1426 220 1462 mus,
247 1411 436 1467 inquam,
466 1420 515 1453 ut
544 1426 621 1467 pro
653 1413 801 1454 Attico
832 1413 960 1454 etiam
991 1413 1282 1469 respondeam.
1341 1416 1398 1456 Et
1426 1423 1602 1474 recte,9

109 1467 261 1523 inquit,
283 1467 525 1523 respondes.
545 1468 744 1523 praeclare
764 1469 876 1509 enim
896 1469 1129 1524 explicatur
1159 1471 1551 1525 Peripateticorum,

111 1532 155 1565 et
173 1523 418 1565 Academiae
448 1524 597 1565 veteris
625 1525 868 1566 auctoritas.
927 1525 1178 1567 Aristoteles
1199 1528 1358 1581 primus
1379 1528 1554 1583 species,

113 1594 216 1635 quas
237 1581 381 1636 paullo
410 1588 507 1622 ante
540 1580 639 1633 dixi,
659 1581 949 1623 labefactavit:
981 1596 1084 1638 quas
1115 1583 1291 1624 mirifice
1320 1582 1439 1625 Plato
1466 1592 1556 1626 erat

113 1637 400 1692 amplexatu83
431 1646 480 1679 ut
500 1637 544 1678 in
562 1637 626 1678 his
647 1638 849 1693 quiddam
867 1638 1054 1680 divinum
1075 1654 1164 1681 esse
1184 1640 1355 1681 diceret.
1413 1640 1556 1682 Theo-

112 1692 310 1748 phrastus
339 1702 497 1745 autem,
518 1695 578 1735 vir
608 1703 652 1736 et
682 1696 873 1737 oratione
893 1696 1041 1747 suavis,
1063 1705 1106 1738 et
1137 1697 1197 1737 ita
1227 1706 1431 1748 moratus,
1452 1704 1490 1735 7⁵
1508 1707 1557 1740 ut

112 1763 198 1805 prae
219 1749 267 1791 se
281 1750 535 1806 probitatem
556 1751 766 1807 quandam
785 1761 828 1794 et
846 1752 1152 1808 ingenuitatem
1174 1753 1314 1804 ferret,
1330 1753 1555 1795 vehemen-

112 1805 196 1847 tius
227 1807 356 1848 etiam
388 1807 516 1863 fregit
543 1808 730 1864 quodam
760 1809 890 1850 modo
921 1809 1218 1851 auctoritatem
1251 1810 1398 1851 veteris
1429 1810 1556 1852 disci-

112 1861 255 1918 plinae.
290 1863 483 1919 spoliavit
516 1865 628 1906 enim
663 1866 860 1907 virtutem
896 1880 972 1907 suo
1012 1865 1178 1918 decore,
1213 1866 1556 1924 imbecillamque

114 1917 310 1971 reddidit,
330 1919 445 1975 quod
465 1921 634 1976 negavit
663 1922 706 1963 in
734 1937 784 1963 ea
810 1922 900 1963 sola
929 1923 1115 1978 positum
1137 1937 1243 1974 esse,
1263 1923 1386 1964 beate
1406 1924 1553 1966 vivere.

113 1975 231 2016 Nam
251 1975 407 2027 Strat0,
426 1976 516 2032 ejus
535 1976 715 2031 auditor,
732 1993 989 2036 quamquam
1005 1979 1086 2021 fuit
1103 1979 1189 2021 acri
1208 1979 1395 2035 ingenio,
1412 1989 1554 2022 tamen
1564 1998 1618 2033 34

113 2030 169 2073 ab
189 2045 239 2072 ea
258 2031 480 2088 disciplina
510 2034 683 2075 omnino
712 2036 987 2077 semovendus
1018 2044 1110 2078 est:
1142 2036 1215 2093 qui
1245 2051 1343 2077 cum
1372 2037 1556 2080 maxime

115 2088 391 2130 necessariam
411 2097 574 2145 partem
592 2090 887 2148 philosophiae,
908 2108 1002 2149 quae
1022 2093 1161 2148 posita
1180 2102 1245 2135 est
1262 2093 1305 2134 in
1323 2092 1492 2146 virtute,
1513 2102 1557 2137 et

114 2142 159 2184 in
187 2144 391 2196 moribus,
412 2145 663 2202 reliquisset,
683 2156 906 2205 totumque
932 2163 977 2190 se
1005 2149 1057 2190 ad
1085 2149 1451 2205 investigationem
1480 2165 1556 2192 na-

116 2208 221 2242 turae
241 2201 505 2254 contulisset,
523 2203 566 2244 in
587 2217 636 2245 ea
657 2204 748 2260 ipsa
766 2205 993 2261 plurimum
1027 2205 1203 2248 dissedit
1221 2221 1247 2248 a
1265 2206 1364 2249 suis.
1423 2207 1558 2263 Speu-

116 2346 274 2378 memexu,
296 2341 351 2372 sed
374 2341 479 2380 illud;
511 2341 589 2383 quod
608 2347 714 2382 semper
732 2349 813 2380 esset,
858 2341 963 2373 λῆλον.

79 2414 84 2418 ,
117 2382 240 2423 simplex
255 2385 317 2415 ὅτε.
902 2391 940 2420 73
954 2383 1090 2414 orationis
1106 2385 1273 2426 perpetuae]
1292 2386 1380 2417 Nam
1403 2387 1436 2418 in
1460 2387 1562 2418 diale-

159 2431 199 2457 68
213 2426 369 2466 percipere.
385 2437 415 2457 v.
431 2426 521 2457 Clav.
857 2429 939 2459 ctica
962 2428 1081 2458 ratione
1101 2430 1269 2469 separatim
1294 2437 1459 2470 ponuntur
1480 2430 1558 2461 defi-

159 2473 200 2502 69
216 2479 282 2511 quae
296 2470 400 2510 essent]
419 2470 572 2500 Gruterus
590 2469 729 2501 malebat
743 2469 815 2512 quia
858 2471 1007 2507 ustiones,
1036 2471 1217 2510 divisiones,
1255 2474 1559 2512 argumentationes-

116 2518 225 2542 essent:
247 2513 303 2542 sed
327 2513 370 2543 ita
397 2512 531 2553 intelligi
555 2520 655 2553 potest
683 2524 748 2555 quae
773 2524 815 2543 es-
858 2514 931 2556 Post
946 2515 1024 2544 forte
1039 2514 1099 2554 leg.
1116 2516 1333 2545 accommodate.

116 2560 188 2586 rent.
901 2563 941 2592 74
960 2557 1034 2586 Haec
1047 2564 1111 2587 erat
1130 2558 1190 2588 illis
1207 2558 1308 2598 prima
1323 2571 1341 2588 a
1358 2557 1480 2589 Platone
1495 2564 1559 2588 tra·

160 2602 201 2632 70
226 2596 256 2626 ἱη
279 2596 372 2627 animi
398 2597 577 2637 motionibus]
605 2598 681 2631 Scil.
696 2599 813 2639 quibus
857 2599 935 2639 dita]
967 2599 1028 2630 illis
1059 2610 1125 2631 non
1163 2602 1272 2639 habet,
1303 2611 1368 2641 quo
1398 2603 1559 2632 referatur.

115 2639 300 2670 efficiuntur
324 2641 468 2671 notiones
493 2649 525 2672 et
550 2642 814 2673 ratiocinationes.
858 2643 1002 2682 Conjeci,
1025 2643 1198 2684 legendum
1221 2655 1288 2675 esse
1305 2645 1379 2675 Haec
1399 2650 1482 2674 erant
1503 2643 1559 2673 illa

117 2682 231 2712 malim
247 2689 355 2713 tamen
371 2684 541 2722 notionibus,
558 2692 594 2715 ut
609 2686 706 2716 edidit
721 2686 816 2716 Lam·
853 2685 966 2726 prima,
992 2687 1015 2717 i.
1038 2696 1065 2717 e.
1090 2687 1249 2718 elementa
1276 2688 1499 2728 philosophiae,
1524 2687 1559 2717 in

118 2724 212 2756 binus
228 2735 245 2755 e
262 2726 326 2757 Ms.
340 2733 457 2757 vetere.
858 2729 907 2759 his
932 2735 978 2760 est
999 2739 1131 2761 summa
1153 2731 1364 2771 philosophiae
1386 2740 1405 2761 a
1429 2730 1573 2761 Platone

162 2772 200 2802 71
226 2768 258 2798 in
284 2768 361 2811 qua]
390 2770 470 2801 Puto
493 2769 666 2810 legendum
691 2770 723 2800 in
751 2781 814 2813 quo.
858 2773 990 2803 traditae.

122 2817 199 2839 nam
215 2822 284 2852 qua,
301 2821 368 2843 non
382 2819 440 2850 est,
455 2823 521 2853 quo
535 2814 697 2845 referatur.
813 2822 823 2831 ··
904 2822 943 2850 75
965 2821 998 2845 ut
1013 2822 1081 2856 prae
1104 2827 1132 2846 se
1142 2815 1248 2857 serat]
1273 2816 1340 2847 Ser.
1351 2816 1463 2858 ferret.
1480 2823 1558 2845 narn

165 2857 204 2886 72
216 2854 299 2894 quasi
311 2866 347 2884 ex
360 2855 455 2886 altera
466 2856 566 2898 parte]
582 2856 636 2889 Gr.
650 2856 682 2887 ἐκ
697 2863 818 2899 ragan·
860 2864 932 2891 tum
950 2868 1015 2891 non
1031 2859 1173 2892 vivebat:
1198 2866 1270 2892 tum
1285 2860 1427 2901 sequitur
1430 2857 1543 2901 fregit.
