1768 3095
590 118 775 157 LIBER·
797 117 1041 156 PRIMUS.
1485 123 1532 155 13

99 230 217 289 quasi
237 228 398 270 lmese
415 224 620 282 praebens,
644 232 682 256 ⁵4
699 237 761 274 ea,
781 236 875 278 quae
896 224 1129 269 efficeretur
1158 223 1329 280 aliquid.
1389 229 1439 268 In
1466 243 1535 281 eo,

99 287 214 349 quod
244 285 435 333 efficeret,
455 282 537 324 vim
558 295 648 321 esse
666 280 893 329 censebant
911 296 921 321 ε
952 281 994 321 in
1014 295 1064 321 eo
1084 287 1241 332 autem,
1262 282 1377 337 quod
1397 284 1536 326 effice-

98 346 227 395 retur,
247 340 462 383 materiam
483 336 692 394 quandam
712 353 721 378 ε
754 337 793 377 in
825 344 1004 394 utroque
1029 346 1169 378 tamen
1198 346 1439 394 utrumque.
1461 356 1535 383 ne-

99 415 180 456 que
199 397 316 442 enim*
335 395 553 438 materiam
574 395 709 450 ipsam
730 393 943 434 cohaerere
964 394 1164 449 potuisse,
1186 394 1219 434 si
1241 395 1356 436 nulla
1374 395 1413 436 vi
1433 412 1536 438 con-

97 458 312 504 tineretur,
344 466 480 508 neque
513 451 594 493 vim
629 450 716 491 sine
747 450 886 506 aliqua
916 450 1104 492 materia.
1163 451 1287 492 Nihil
1318 460 1381 492 est
1409 454 1537 505 enim,

99 512 216 570 quod
233 504 317 552 non
336 508 492 551 alicubi
511 522 601 549 esse
621 515 812 562 cogatur.
843 505 917 548 sed
941 507 1056 562 quod
1085 522 1134 548 ex
1162 516 1357 564 utroque,
1379 509 1421 549 id
1445 509 1537 565 jam

99 582 265 624 corPUS,
300 574 343 607 et
373 565 492 622 quasi
530 564 777 621 qualitatem
812 564 1022 619 quandam
1059 564 1349 605 nominabant.
1385 565 1538 613 dabitis

99 618 209 673 enim
230 623 436 679 profecto,
455 629 504 663 ut
523 621 566 663 in
587 622 711 662 rebus
729 621 952 673 inusitatis,
970 620 1085 677 quod
1104 621 1244 662 Graeci
1264 621 1342 676 ipsi
1363 622 1538 676 faciunt,

98 674 125 733 a
143 680 294 738 quibus
312 679 403 720 haec
419 679 511 735 jam
530 678 606 719 diu
624 686 871 728 tractantur,
891 687 1061 719 utamur
1080 678 1213 719 verbis
1241 678 1452 719 interdum
1472 680 1539 721 in-

99 737 265 785 auditis.
323 738 419 778 Nos
439 750 552 786 vero,
570 735 708 791 inquit
726 734 911 776 Atticus.
932 735 1033 791 quin
1053 734 1181 775 etiam
1203 735 1364 776 Graecis
1394 736 1539 778 licebit
1555 738 1582 786 7

98 803 230 844 utare,
249 807 348 834 cum
378 791 508 843 voles,
529 792 563 833 si
594 800 636 833 te
665 790 816 832 Latina
846 791 955 833 forte
984 791 1193 833 deficient.
1253 801 1290 824 55
1306 792 1421 833 Bene
1441 807 1538 834 sane
1551 805 1600 837 25

99 849 226 892 facis:
257 849 331 890 sed
361 849 508 900 enitar,
538 857 587 890 ut
616 848 767 889 Latine
786 847 949 903 loquar,
970 848 1047 889 nisi
1068 848 1111 889 in
1130 848 1426 905 hujuscemodi
1448 864 1539 891 ver-

97 898 177 959 bis,
197 913 244 947 ut
262 905 591 962 philosophiam,
612 914 686 947 aut
709 905 978 956 rhetoricam,
999 914 1074 946 aut
1102 905 1338 962 physicam,
1358 914 1431 947 aut
1450 906 1540 947 dia-

96 963 291 1005 lecticam
321 962 543 1018 appellem,
576 962 745 1018 quibus,
775 969 823 1003 ut
853 962 944 1004 aliis
970 962 1130 1012 multis,
1161 962 1423 1004 consuetudo
1447 963 1541 1019 jam

97 1020 232 1061 utitur
249 1034 326 1075 pro
345 1018 521 1060 Latinis.
571 1018 808 1076 Qualitates
828 1018 961 1074 igitur
980 1019 1199 1074 appellavi,
1221 1034 1323 1075 quas
1350 1020 1542 1070 ποιότητας

99 1075 242 1118 Graeci
271 1084 445 1117 vocant:
478 1076 593 1132 quod
622 1075 761 1131 ipsum
796 1075 907 1131 apud
930 1077 1105 1117 Graecos
1129 1090 1211 1116 non
1232 1084 1295 1117 est
1315 1076 1431 1131 vulgi
1450 1091 1541 1118 ver-

96 1133 215 1185 bum,
245 1132 318 1174 sed
348 1132 715 1188 philosophorum,
735 1140 862 1188 atque
887 1132 931 1173 id
961 1133 1004 1173 in
1032 1132 1192 1173 multis.
1222 1132 1541 1176 dialecticorum

98 1204 193 1238 vero
225 1190 349 1236 verba
378 1189 495 1230 nulla
523 1198 622 1230 sunt
651 1189 846 1245 publica:
875 1189 960 1230 suis
991 1197 1181 1231 utuntur.
1216 1197 1260 1230 et
1294 1189 1336 1230 id
1369 1189 1541 1246 quidem

97 1260 324 1287 commune
353 1245 544 1287 omnium
573 1246 658 1286 fere
685 1253 750 1286 est
780 1246 948 1287 artium.
979 1255 1053 1287 aut
1082 1246 1196 1288 enim
1221 1261 1328 1287 nova
1352 1255 1450 1288 sunt
1475 1261 1542 1288 re-

99 1317 194 1343 rum
229 1316 430 1343 novarum
464 1301 656 1342 facienda
691 1302 877 1353 nomina,
914 1312 988 1343 aut
1021 1317 1072 1343 ex
1109 1302 1200 1344 aliis
1238 1303 1540 1347 transferenda.

100 1357 216 1413 quod
236 1358 270 1399 si
291 1357 432 1399 Graeci
451 1357 626 1408 faciunt,
647 1358 719 1413 qui
738 1358 780 1398 in
800 1358 849 1398 iis
870 1359 994 1399 rebus
1014 1368 1080 1399 tot
1092 1359 1182 1414 jam
1202 1360 1357 1401 saecula
1375 1375 1541 1402 versan-

98 1422 181 1466 tur,
202 1423 361 1470 quanto
391 1413 434 1454 id
460 1414 597 1468 magis
629 1413 751 1455 nobis
780 1414 1097 1455 concedendum
1125 1423 1203 1466 est,
1223 1416 1295 1471 qui
1315 1415 1407 1457 haec
1428 1432 1540 1459 nunc
1549 1434 1580 1464 p.
1596 1431 1649 1458 44.

95 1470 281 1526 primum
313 1478 494 1511 tractare
525 1472 756 1511 conamur?
788 1471 855 1511 Tu
886 1485 997 1522 vero,
1031 1471 1219 1527 inquam,
1245 1474 1397 1524 Varro,
1431 1473 1540 1515 bene
1551 1477 1583 1499 a.

96 1525 224 1579 etiam
245 1526 470 1567 meriturus
490 1525 596 1568 mihi
615 1525 763 1568 videris
784 1526 836 1566 de
853 1528 935 1568 tuis
964 1527 1138 1579 civibus,
1159 1528 1194 1568 si
1213 1542 1286 1569 eos
1306 1543 1392 1570 non
1410 1529 1542 1572 modo
1553 1512 1606 1550 26

97 1582 220 1638 copia
236 1597 375 1624 rerum
394 1582 572 1633 auxeris,
597 1592 647 1624 ut
676 1582 863 1633 effecisti,
894 1583 968 1625 sed
998 1584 1125 1625 etiam
1152 1585 1390 1628 verborum.
1447 1586 1542 1628 Au-

98 1638 292 1681 debimus
311 1654 430 1695 ergo,
452 1639 602 1695 inquit,
623 1639 739 1680 novis
769 1639 905 1681 verbis
935 1640 1014 1692 uti,
1033 1650 1075 1681 te
1105 1650 1292 1693 auctore,
1312 1642 1346 1683 si
1374 1656 1543 1685 necesse

97 1695 190 1748 erit.
248 1696 405 1737 Earum
437 1696 566 1752 igitur
596 1695 846 1752 qualitatum
879 1706 976 1738 sunt
1004 1697 1096 1738 aliae
1127 1698 1350 1754 principes,
1371 1698 1464 1741 aliae
1492 1714 1544 1742 ex

97 1751 147 1805 iis
168 1759 286 1796 ortae.
315 1752 525 1809 principes
545 1761 643 1794 sunt
670 1753 930 1805 uniusmodi,
950 1762 992 1794 et
1013 1754 1237 1809 simplices.
1259 1770 1311 1796 ex
1328 1755 1379 1796 iis
1398 1764 1543 1799 autem

97 1817 217 1861 ortae,
238 1809 358 1853 variae
381 1819 493 1860 sunt,
513 1818 556 1850 et
583 1809 702 1866 quasi
726 1810 1024 1852 multiformes.
1053 1812 1197 1866 itaque
1225 1817 1298 1853 aer
1316 1819 1356 1845 ⁵6
1372 1827 1543 1869 quoque

102 1865 278 1919 (utimur
297 1866 411 1907 enim
432 1881 509 1922 pro
532 1866 700 1919 Latino)
725 1866 850 1922 igniS,
870 1878 914 1909 et
931 1882 1054 1924 aqua,
1071 1878 1114 1909 et
1132 1877 1256 1919 terra,
1271 1869 1409 1924 prima
1427 1878 1541 1912 sunt.

99 1935 151 1963 ex
170 1921 218 1963 iis
240 1930 381 1964 autem
400 1932 505 1964 ortae
526 1923 799 1965 animantium
831 1924 982 1965 formae
1011 1940 1240 1981 earumque
1268 1940 1424 1977 rerum,
1445 1941 1542 1982 quae

97 1978 333 2033 gignuntur
362 1993 385 2019 e
417 1987 539 2020 terra.
569 1994 672 2035 ergo
700 1979 772 2021 illa
800 1980 932 2032 initia,
963 1990 1020 2031 et,
1050 1991 1099 2022 ut
1127 1997 1150 2022 e
1182 1983 1335 2023 Graeeo
1365 1992 1541 2036 vertam,

99 2034 309 2076 elementa
341 2035 560 2077 dicuntur:
590 2050 614 2077 e
641 2036 794 2092 quibus
822 2042 907 2089 aer,
927 2047 969 2079 et
997 2038 1122 2093 igniS,
1142 2038 1441 2080 movendivim
1462 2039 1540 2082 ha-

97 2089 214 2143 bent,
245 2100 288 2132 et
317 2092 547 2133 efficiendi:
578 2092 749 2148 reliquae
778 2103 931 2149 partes,
961 2094 1208 2151 accipiendi,
1240 2104 1283 2137 et
1313 2096 1433 2152 quasi
1462 2111 1540 2152 pa·-

98 2146 250 2189 tiendi:
271 2162 424 2204 aquam
444 2148 554 2200 dico,
575 2157 618 2190 et
637 2157 804 2190 terram.
851 2151 1061 2193 Quintum
1082 2166 1232 2207 genus,
1252 2166 1275 2193 e
1294 2166 1379 2208 quo
1400 2162 1541 2196 essent

99 2204 209 2245 astra
237 2214 498 2261 mentesque,
530 2206 756 2261 singulare,
781 2221 1011 2263 eorumque
1042 2218 1257 2264 quattuor,
1288 2224 1384 2265 quae
1413 2223 1540 2264 supra

99 2258 198 2311 dixi,
239 2269 274 2298 57
291 2261 491 2303 dissimile
528 2263 778 2303 Aristoteles
817 2264 1030 2319 quoddam
1069 2279 1159 2305 esse
1197 2266 1382 2307 rebatur.
1454 2266 1538 2308 Sed
1549 2275 1600 2316 27

100 2316 334 2373 subjectam
363 2325 514 2374 putant
544 2319 740 2361 omnibus
770 2320 859 2360 sine
886 2321 975 2362 ulla
1003 2321 1155 2377 specie,
1175 2330 1302 2377 atque
1320 2330 1537 2364 carentem

100 2374 216 2414 omni
247 2374 319 2415 illa
351 2375 553 2430 qualitate
589 2375 808 2429 (faciamus
837 2377 949 2418 enim
981 2377 1200 2419 tractando
1232 2378 1426 2419 usitatius
1453 2379 1538 2425 hoc

99 2429 285 2482 verbum,
305 2439 349 2472 et
379 2432 533 2485 tritius)
558 2433 776 2474 materiam
806 2434 1031 2490 quandam,
1059 2449 1109 2475 ex
1136 2449 1219 2490 qua
1245 2435 1389 2476 omnia
1409 2443 1447 2467 58
1465 2450 1539 2478 ex-

141 2528 181 2551 54
197 2532 242 2558 ea,
259 2532 326 2563 quae
341 2521 497 2562 efficeretur
513 2521 642 2564 aliquid]
661 2523 727 2553 Viri
742 2523 798 2553 do-

99 2563 142 2594 cti
157 2564 318 2602 conjecere
341 2577 377 2594 ex
399 2576 468 2607 qua.
491 2566 562 2596 edd.
577 2572 651 2595 vett.
668 2577 757 2607 eaque
772 2578 796 2595 e.

102 2616 131 2635 a.
147 2607 232 2636 unde
252 2607 406 2638 Gruterus
430 2609 517 2644 fecit,
540 2620 586 2644 ea,
610 2619 677 2650 quae
700 2610 749 2649 ‘ff
766 2620 796 2639 a.

100 2647 228 2684 Davis'm
254 2650 399 2689 placebat
421 2658 449 2680 et
473 2662 539 2692 quae
561 2650 719 2691 ffceretur
739 2651 796 2680 ali-

100 2691 184 2731 quid,
199 2693 252 2723 sed
268 2693 348 2723 illud
361 2693 479 2735 aliquid
493 2695 526 2724 in
544 2695 605 2729 hac
620 2695 722 2725 forma
737 2696 797 2725 du-

102 2743 173 2766 rum
198 2742 256 2772 est,
280 2745 340 2766 nec
362 2737 407 2767 sic
431 2737 506 2774 dici,
532 2738 629 2776 reperi
658 2738 795 2777 uspiam.

99 2775 255 2816 Exempla
270 2789 288 2808 a
303 2779 432 2811 Davisio
448 2779 544 2813 allata
559 2787 635 2811 sunt
649 2782 768 2812 inania.

147 2826 184 2866 5·5
202 2821 279 2850 Bene
290 2833 355 2851 sane
358 2822 462 2864 sacis]
476 2823 531 2853 Est
543 2825 703 2864 responsio
718 2825 796 2855 Var-

105 2869 188 2892 roms
202 2863 307 2895 Attico
321 2865 433 2907 gratias
448 2867 581 2905 agentis.

885 2528 924 2554 56
951 2522 1073 2565 quoque]
1102 2522 1178 2553 Non
1204 2522 1327 2552 videtur
1349 2522 1461 2552 locum
1484 2522 1539 2553 hic

841 2565 968 2603 habere,
997 2566 1143 2596 Davisius
1169 2573 1297 2596 auctore
1323 2565 1401 2597 Cod.
1429 2565 1539 2597 Ursini

839 2609 964 2640 delevit.
980 2610 1059 2639 forte
1074 2610 1135 2639 fuit
1149 2609 1275 2650 quidem.

883 2658 920 2688 57
947 2651 1085 2681 dissimile
1110 2651 1268 2694 quoddam]
1292 2652 1344 2681 Sic
1368 2652 1439 2682 edd.
1462 2657 1538 2682 vett.

840 2705 905 2725 non
936 2695 1074 2736 quiddam
1110 2702 1148 2725 ut
1179 2695 1378 2726 recentiores.
1408 2695 1540 2725 refertur

840 2739 928 2768 enim
944 2739 983 2768 ad
995 2749 1095 2778 genus.

883 2788 922 2812 58
947 2788 1080 2821 expressa
1105 2787 1193 2822 atque
1222 2779 1315 2821 ‘Ifficm
1340 2778 1414 2820 sint]
1447 2779 1540 2810 Edidi

838 2833 894 2864 pro
909 2824 1024 2864 affecta,
1040 2825 1126 2864 quod
1141 2824 1256 2854 melius
1279 2825 1429 2854 convenit
1442 2822 1538 2853 verbo

838 2873 983 2906 expressa,
999 2868 1086 2907 quod
1108 2868 1147 2899 de
1168 2866 1348 2910 simulacris
1362 2867 1491 2903 dicitur,
1505 2870 1538 2895 et
