1768 3095
533 76 714 115 LIBER
744 76 1054 114 QUARTUS.
1459 78 1506 114 61

74 186 218 229 enim?
265 181 549 228 conscendens
589 195 735 223 navem
787 180 968 236 sapiens,
1007 195 1109 221 num
1157 180 1511 234 comprehensum

74 243 217 286 animo
237 241 365 283 habet
383 248 510 294 atque
529 246 792 294 perceptum,
811 252 856 278 se
874 252 926 278 ex
945 236 1153 278 sententia
1181 236 1476 291 navigaturum
1495 237 1509 279 ἓ

75 301 148 357 qui
178 298 349 356 potest?
381 296 455 337 sed
487 295 522 337 si
547 296 639 351 jam
669 309 721 335 ex
754 294 836 335 hoc
867 294 964 335 loco
993 293 1286 350 proficiscatur
1314 294 1512 335 Puteolos

74 357 210 399 stadia
237 352 421 410 triginta,
441 352 577 409 probo
609 351 795 407 navigio,
815 351 931 392 bono
960 351 1258 406 gubernatore,
1287 348 1367 390 hac
1399 358 1513 391 tran-

76 413 280 470 quillitate
299 426 310 450 z
338 408 557 464 probabile
577 408 779 459 videatur,
799 422 844 448 se
864 407 964 448 illuc
984 416 1206 448 venturum
1226 420 1317 447 esse
1334 406 1511 448 salvum.

77 466 336 525 Hujusmodi
375 466 507 522 igitur
541 465 637 507 visis
677 464 851 506 consilia
886 464 1025 520 capiet
1057 472 1100 504 et
1135 462 1303 518 agendi,
1344 472 1388 504 et
1427 477 1512 504 non

75 524 254 582 agendi:
284 522 529 578 faciliorque
557 522 649 571 erit,
670 529 718 562 ut
747 520 888 562 albam
917 535 1008 562 esse
1036 519 1172 561 nivem
1193 520 1360 575 probet,
1382 534 1510 576 quam

75 591 164 623 erat
194 580 500 635 Anaxagoras:
532 578 603 635 qui
635 577 679 619 id
712 593 798 619 non
829 576 960 619 modo
990 577 1049 618 ita
1080 591 1170 618 esse
1205 577 1401 632 negabat,
1437 575 1512 620 sed

74 638 167 688 sibi,
188 637 286 693 quia
306 637 430 678 sciret
448 650 599 691 aquam
622 635 786 690 nigram
815 648 921 685 esse,
943 633 1054 675 unde
1074 632 1146 686 illa
1166 641 1364 675 concreta
1384 642 1508 685 esset,
1521 636 1553 668 b-

73 693 212 735 albam
233 694 366 749 ipsam
387 706 492 743 esse,
514 707 565 732 ne
586 690 714 733 videri
734 690 919 747 quidem.
949 700 992 732 et
1012 688 1292 746 quae'uumque
1318 704 1383 731 res
1411 704 1508 732 eum

73 750 131 792 sic
150 749 344 806 attinget,
363 759 412 790 ut
430 748 485 791 sit
503 749 636 790 visum
658 747 763 790 illud
788 747 1021 805 probabile,
1042 752 1176 803 neque
1206 745 1293 788 ulla
1311 761 1356 789 re
1376 746 1513 803 impe-

72 806 222 857 ditum,
242 806 492 847 movebitur.
522 820 606 846 non
627 805 738 846 enim
759 813 823 846 est
850 819 873 845 e
900 819 999 846 saxo
1027 804 1231 859 sculptus,
1252 812 1292 837 99
1305 811 1380 845 aut
1397 818 1421 844 e
1441 817 1511 844 ro-

72 865 175 906 bore
191 863 372 907 dolatus.
394 862 524 904 habet
542 876 715 917 corpus;
737 861 866 903 habet
886 861 1073 902 animum
1090 878 1099 902 :
1131 868 1325 903 movetur
1342 869 1508 912 mente3

71 929 262 962 movetur
280 919 469 962 sensibus
488 936 498 961 ε
529 928 577 961 ut
597 919 634 960 ei
656 918 791 960 multa
818 933 913 959 vera
939 917 1182 959 videantur:
1213 931 1349 973 neque
1367 925 1510 958 tamen
1526 925 1596 957 101

71 977 226 1018 habere
246 977 456 1032 insignem
476 975 609 1026 illam,
639 984 683 1018 et
711 975 925 1031 propriam
953 973 1210 1031 percipiendi
1231 983 1405 1015 notam:
1436 987 1510 1016 eo·-

72 1047 154 1090 que
172 1033 405 1089 sapientem
437 1047 522 1074 non
552 1032 760 1083 assentiri,
791 1032 889 1088 quia
918 1031 1053 1088 possit
1083 1030 1275 1088 ejusdem
1300 1030 1418 1072 modi
1437 1045 1510 1072 ex-

72 1091 217 1131 sistere
255 1090 410 1131 falsum
444 1089 631 1146 aliquod,
668 1088 908 1146 cujusmodi
943 1088 1026 1130 hoc
1060 1103 1219 1129 verum.
1259 1101 1396 1143 neque
1434 1101 1512 1128 nos

71 1154 218 1188 contra
248 1161 394 1188 sensus
423 1145 543 1188 aliter
571 1146 766 1197 dicimus,
788 1160 837 1187 ac
856 1145 1016 1196 Stoici;
1047 1144 1119 1201 qui
1138 1144 1275 1186 multa
1292 1143 1399 1186 falsa
1418 1158 1512 1186 esse

72 1203 234 1254 dicunt,
265 1202 482 1259 longeque
514 1202 635 1244 aliter
673 1217 719 1243 se
756 1201 927 1253 habere,
960 1216 1009 1243 ac
1044 1202 1236 1243 sensibus
1274 1201 1508 1243 videantur.

75 1260 175 1301 Hoc
195 1269 338 1301 autem
359 1260 392 1300 si
412 1260 471 1300 ita
502 1260 570 1310 sit,
598 1268 648 1300 ut
676 1274 809 1300 unum
829 1258 960 1300 modo
981 1258 1172 1299 sensibus
1192 1257 1348 1300 falsum
1368 1257 1508 1299 videa·
1520 1255 1589 1305 32

74 1325 169 1358 tur:
198 1324 353 1372 praesto
373 1324 452 1367 est,
472 1315 545 1371 qui
565 1323 706 1370 neget,
724 1329 813 1356 rem
832 1314 963 1356 ullam
981 1314 1141 1371 percipi
1161 1329 1285 1370 posse
1302 1314 1508 1356 sensibus.

71 1372 144 1423 ita,
178 1372 300 1414 nobis
327 1372 580 1423 tacentibus,
608 1386 659 1412 ex
690 1386 775 1413 uno
806 1371 979 1427 Epicuri
1008 1371 1161 1427 capite,
1191 1370 1323 1412 altero
1354 1379 1511 1423 vestro,

70 1429 288 1484 perceptio
323 1437 366 1470 et
395 1427 719 1483 comprehensio
752 1428 930 1469 tollitur.
989 1426 1122 1485 Quod
1153 1437 1218 1468 est
1249 1437 1379 1483 caput
1406 1427 1510 1483 Epi-

73 1485 192 1527 curi?
225 1485 269 1526 Si
288 1484 424 1526 ullum
443 1484 635 1526 sensibus
655 1485 804 1536 visum,
825 1484 977 1526 falsum
998 1493 1064 1526 est
1081 1500 1090 1524 :
1121 1483 1225 1524 nihil
1253 1483 1411 1540 percipi
1430 1498 1510 1540 po-

72 1550 168 1583 test.
190 1541 303 1598 quod
322 1550 504 1582 vestrum
525 1543 538 1582 ?
571 1542 681 1582 Sunt
699 1541 805 1583 falsa
823 1554 970 1582 sensus
993 1541 1092 1583 visa.
1151 1540 1270 1597 Quid
1288 1539 1507 1597 sequitur?

73 1605 121 1639 ut
159 1607 350 1649 taceam3
399 1597 618 1640 conclusio
664 1597 756 1653 ipsa
792 1597 995 1654 loquitur,
1033 1597 1137 1639 nihil
1173 1611 1297 1652 posse
1337 1597 1510 1653 percipi.

73 1655 176 1697 Non
203 1652 408 1706 concedo,
428 1654 579 1711 inquit,
600 1655 800 1711 Epicuro.
861 1654 991 1696 Certa
1015 1654 1146 1710 igitur
1166 1668 1265 1697 cum
1285 1653 1374 1706 illo,
1394 1655 1468 1710 qui
1485 1668 1512 1696 a

73 1720 115 1752 te
145 1720 261 1754 totus
291 1711 476 1753 diversus
505 1721 601 1754 est:
633 1711 720 1752 noli
750 1725 934 1761 mecum,
961 1712 1034 1768 qui
1063 1712 1146 1753 hoc
1177 1709 1350 1767 quidem
1381 1719 1510 1762 certe,

73 1768 165 1811 falsi
184 1783 275 1810 esse
294 1767 454 1825 aliquid
474 1768 517 1810 in
536 1768 740 1820 sensibus,
761 1768 838 1809 tibi
859 1769 1078 1810 assentior.
1127 1769 1383 1825 Quanquam
1405 1767 1510 1809 nihil
1527 1778 1599 1811 102

74 1825 179 1867 mihi
210 1836 297 1867 tam
330 1825 485 1867 mirum
516 1824 694 1876 videtur,
716 1839 841 1880 quarn
874 1825 954 1866 ista
984 1825 1080 1877 dici,
1101 1826 1154 1866 ab
1175 1824 1394 1867 Antiocho
1414 1824 1510 1881 qui-

74 1883 170 1924 dem
203 1881 400 1933 maxime,
435 1881 504 1923 cui
541 1890 672 1933 erant,
708 1897 802 1937 quae
837 1881 980 1936 paullo
1015 1891 1111 1924 ante
1144 1881 1245 1933 dixi,
1277 1882 1511 1924 notissima.

71 1939 172 1980 licet
190 1938 302 1980 enim
322 1938 414 1979 haec
434 1938 567 1993 quivis
594 1938 798 1980 arbitratu
827 1953 904 1980 suo
932 1937 1223 1994 reprehendat,
1242 1937 1360 1994 quod
1379 1952 1511 1995 nege-

73 2010 168 2036 mus
199 2009 288 2036 rem
316 1994 446 2036 ullam
476 1994 635 2050 percipi
664 2008 788 2051 posse
804 2010 816 2046 3
847 2005 961 2037 certe
988 1995 1119 2037 levior
1143 1995 1414 2051 reprehensio
1432 2004 1510 2038 est.

74 2051 191 2108 quod
213 2060 355 2093 tamen
386 2051 566 2094 dicimus
594 2065 686 2093 esse
713 2051 907 2108 quaedam
938 2052 1199 2108 probabilia3
1232 2067 1316 2093 non
1347 2051 1512 2094 videtur

74 2109 156 2150 hoc
177 2109 277 2150 satis
297 2122 388 2150 esse
406 2108 538 2151 vobis.
570 2123 622 2149 ne
644 2108 712 2150 sit.
743 2108 815 2150 illa
835 2118 950 2150 certe
969 2109 1172 2151 debemus
1192 2109 1393 2165 effugere,
1414 2124 1511 2165 quae

74 2180 98 2206 a
118 2175 159 2207 te
176 2165 241 2207 vel
256 2165 437 2207 maxime
457 2164 618 2221 agitata
635 2165 748 2207 sunt.
779 2164 882 2207 nihil
902 2166 1032 2222 igitur
1049 2166 1207 2207 cernis?
1241 2166 1346 2207 nihil
1362 2165 1482 2208 audis
1494 2167 1515 2208 ?:

75 2221 177 2264 nihil
193 2221 271 2264 tibi
288 2230 353 2264 est
370 2222 672 2278 perspicuum?
705 2221 920 2277 Explicavi
938 2222 1081 2277 paullo
1102 2231 1214 2273 ante,
1238 2222 1510 2264 Clitomacho

75 2288 261 2331 auctore,
282 2293 368 2335 quo
395 2279 526 2320 modo
552 2278 633 2320 ista
660 2278 897 2320 Carneades
923 2279 1096 2320 diceret.
1125 2280 1285 2334 accipe,
1304 2278 1508 2335 quemad·
1522 2287 1618 2321 1226·

75 2336 250 2378 modum
282 2343 340 2369 100
351 2334 501 2377 eadem
532 2334 726 2377 dicantur
746 2350 771 2376 a
793 2335 1079 2386 Clitomacho,
1100 2336 1141 2377 in
1162 2349 1214 2376 eo
1235 2335 1359 2387 libro,
1380 2349 1508 2392 quem
1520 2335 1551 2356 a.

75 2392 127 2434 ad
159 2392 211 2434 C.
233 2392 445 2434 Lucilium
473 2392 640 2448 scripsit
668 2398 856 2448 poetam,
883 2407 982 2433 cum
1011 2392 1246 2448 scripsisset
1274 2392 1425 2434 iisdem
1457 2392 1512 2434 de

75 2449 200 2492 rebus
226 2449 279 2491 ad
299 2450 349 2493 L.
366 2448 662 2502 Censorinum,
683 2463 796 2500 eum,
821 2450 894 2506 qui
923 2448 1072 2490 consul
1100 2463 1199 2491 cum
1228 2449 1309 2491 Μ’.
1330 2449 1513 2491 Manilio

118 2610 159 2636 99
182 2609 234 2632 aut
258 2614 272 2632 e
296 2603 389 2633 robore
410 2602 540 2644 dolatus]
565 2603 644 2634 Mss.
664 2604 771 2644 plures
814 2612 858 2635 est
885 2605 1036 2635 Graecum
1059 2604 1195 2642 λαξευτός
1222 2603 1272 2635 vel
1295 2604 1404 2643 ξεττ-ὃς,
1426 2604 1515 2644 quod

76 2646 171 2676 etiam
194 2647 265 2676 edd.
281 2653 356 2677 vett.
373 2646 462 2677 ebore.
481 2646 577 2677 male.
599 2648 703 2678 forma
725 2647 771 2678 lo·
813 2653 859 2679 est
874 2647 1010 2688 scalptus.

76 2689 193 2726 quendi
205 2690 300 2720 ducta
311 2696 358 2720 est
372 2699 413 2719 ex
429 2690 572 2720 Homero
583 2690 643 2721 Od.
657 2702 686 2722 τ.
700 2695 771 2721 163.
861 2698 921 2722 ιοο
937 2690 1034 2720 eadem
1049 2690 1184 2721 dicantur
1198 2701 1217 2720 a
1235 2687 1328 2730 elin]
1342 2688 1440 2720 eadem
1455 2690 1513 2719 ha-

77 2729 260 2762 ubidicitur
281 2742 347 2763 esse
369 2733 483 2773 aliquis
505 2742 609 2773 neque
623 2733 684 2762 doro*
699 2731 774 2774 δρυὸς
816 2732 893 2764 bent
916 2734 995 2764 Mss.
1019 2741 1049 2763 et
1067 2734 1135 2766 edd.
1159 2740 1232 2765 vett·
1258 2733 1443 2770 recentiores
1468 2744 1514 2764 ea.

79 2782 180 2812 neque
210 2774 270 2804 ἀπὸ
298 2775 415 2816 πέτρης.
446 2785 505 2806 nec
533 2777 612 2807 ebur
639 2776 774 2807 dolatur.
816 2776 895 2808 illud
912 2776 1038 2808 melius.

79 2815 168 2845 Forte
190 2823 219 2846 et
245 2824 317 2847 ante
341 2817 512 2857 legendum
537 2819 673 2858 scalptus,
698 2828 774 2849 nam
