<?xml version="1.0" encoding="UTF-8"?>
<!DOCTYPE html PUBLIC "-//W3C//DTD XHTML 1.0 Transitional//EN"
    "http://www.w3.org/TR/xhtml1/DTD/xhtml1-transitional.dtd">
<html xmlns="http://www.w3.org/1999/xhtml" xml:lang="en" lang="en">
 <head>
  <title>
</title>
<meta http-equiv="Content-Type" content="text/html;charset=utf-8" />
  <meta name='ocr-system' content='tesseract 3.04.00' />
  <meta name='ocr-capabilities' content='ocr_page ocr_carea ocr_par ocr_line ocrx_word'/>
</head>
<body>
  <div class='ocr_page' id='page_1' title='image "./p1operaomnia04ciceuoft_0532.png"; bbox 0 0 1778 3095; ppageno 0'>
   <div class='ocr_carea' id='block_1_1' title="bbox 155 148 1669 1554">
    <p class='ocr_par' dir='ltr' id='par_1_1' title="bbox 155 148 1669 1554">
     <span class='ocr_line' id='line_1_1' title="bbox 235 148 1201 190; baseline -0.002 -1"><span class='ocrx_word' id='word_1_1' title='bbox 235 154 315 190; x_wconf 77' lang='lat'><strong>524</strong></span> <span class='ocrx_word' id='word_1_2' title='bbox 656 149 734 187; x_wconf 94' lang='lat' dir='ltr'><strong>DE</strong></span> <span class='ocrx_word' id='word_1_3' title='bbox 760 148 1201 188; x_wconf 77' lang='lat' dir='ltr'>&#39;DIVINATIONE</span> 
     </span>
     <span class='ocr_line' id='line_1_2' title="bbox 235 256 1657 314; baseline 0.001 -17"><span class='ocrx_word' id='word_1_4' title='bbox 235 256 418 312; x_wconf 84' lang='lat' dir='ltr'><strong>gessisti,</strong></span> <span class='ocrx_word' id='word_1_5' title='bbox 456 266 499 301; x_wconf 88' lang='lat' dir='ltr'><strong>et</strong></span> <span class='ocrx_word' id='word_1_6' title='bbox 531 273 593 310; x_wconf 90' lang='lat' dir='ltr'><strong>ea,</strong></span> <span class='ocrx_word' id='word_1_7' title='bbox 627 272 722 314; x_wconf 85' lang='lat' dir='ltr'><strong>quae</strong></span> <span class='ocrx_word' id='word_1_8' title='bbox 760 257 1037 314; x_wconf 88' lang='lat' dir='ltr'>pronuntiavi,</span> <span class='ocrx_word' id='word_1_9' title='bbox 1070 257 1382 301; x_wconf 82' lang='lat' dir='ltr'><strong>accuratissime</strong></span> <span class='ocrx_word' id='word_1_10' title='bbox 1416 256 1657 312; x_wconf 81' lang='lat' dir='ltr'><strong>scripseris?</strong></span> 
     </span>
     <span class='ocr_line' id='line_1_3' title="bbox 174 314 1662 379; baseline 0 -23"><span class='ocrx_word' id='word_1_11' title='bbox 174 329 222 361; x_wconf 86' lang='lat'><strong>23</strong></span> <span class='ocrx_word' id='word_1_12' title='bbox 237 314 383 356; x_wconf 79' lang='lat' dir='ltr'><strong>Quid?</strong></span> <span class='ocrx_word' id='word_1_13' title='bbox 416 316 580 379; x_wconf 85' lang='lat' dir='ltr'><strong>quaeris,</strong></span> <span class='ocrx_word' id='word_1_14' title='bbox 609 314 860 379; x_wconf 78' lang='lat' dir='ltr'><strong>Carneades,</strong></span> <span class='ocrx_word' id='word_1_15' title='bbox 888 330 963 356; x_wconf 91' lang='lat' dir='ltr'><strong>cur</strong></span> <span class='ocrx_word' id='word_1_16' title='bbox 989 315 1080 357; x_wconf 88' lang='lat' dir='ltr'><strong>haec</strong></span> <span class='ocrx_word' id='word_1_17' title='bbox 1099 315 1159 357; x_wconf 91' lang='lat' dir='ltr'><strong>ita</strong></span> <span class='ocrx_word' id='word_1_18' title='bbox 1179 315 1295 365; x_wconf 85' lang='lat' dir='ltr'><strong>fiant,</strong></span> <span class='ocrx_word' id='word_1_19' title='bbox 1314 323 1387 355; x_wconf 92' lang='lat' dir='ltr'><strong>aut</strong></span> <span class='ocrx_word' id='word_1_20' title='bbox 1415 321 1453 350; x_wconf 81' lang='lat'><strong>3⁷</strong></span> <span class='ocrx_word' id='word_1_21' title='bbox 1470 329 1554 378; x_wconf 91' lang='lat' dir='ltr'><strong>qua</strong></span> <span class='ocrx_word' id='word_1_22' title='bbox 1572 322 1662 356; x_wconf 87' lang='lat' dir='ltr'><strong>arte</strong></span> 
     </span>
     <span class='ocr_line' id='line_1_4' title="bbox 234 369 1662 428; baseline 0 -17"><span class='ocrx_word' id='word_1_23' title='bbox 234 372 377 425; x_wconf 87' lang='lat' dir='ltr'><strong>perfici</strong></span> <span class='ocrx_word' id='word_1_24' title='bbox 403 372 595 428; x_wconf 85' lang='lat' dir='ltr'><strong>possint?</strong></span> <span class='ocrx_word' id='word_1_25' title='bbox 627 372 785 413; x_wconf 87' lang='lat' dir='ltr'><strong>nescire</strong></span> <span class='ocrx_word' id='word_1_26' title='bbox 818 387 887 412; x_wconf 90' lang='lat' dir='ltr'><strong>me</strong></span> <span class='ocrx_word' id='word_1_27' title='bbox 919 372 1076 413; x_wconf 87' lang='lat' dir='ltr'><strong>fateor:</strong></span> <span class='ocrx_word' id='word_1_28' title='bbox 1104 372 1266 413; x_wconf 87' lang='lat' dir='ltr'><strong>evenire</strong></span> <span class='ocrx_word' id='word_1_29' title='bbox 1286 381 1441 421; x_wconf 88' lang='lat' dir='ltr'><strong>autem,</strong></span> <span class='ocrx_word' id='word_1_30' title='bbox 1461 380 1503 412; x_wconf 87' lang='lat' dir='ltr'><strong>te</strong></span> <span class='ocrx_word' id='word_1_31' title='bbox 1522 369 1662 426; x_wconf 91' lang='lat' dir='ltr'><strong>ipsum</strong></span> 
     </span>
     <span class='ocr_line' id='line_1_5' title="bbox 234 427 1664 490; baseline -0.001 -22"><span class='ocrx_word' id='word_1_32' title='bbox 234 427 331 468; x_wconf 88' lang='lat' dir='ltr'><strong>dieo</strong></span> <span class='ocrx_word' id='word_1_33' title='bbox 358 429 508 469; x_wconf 87' lang='lat' dir='ltr'><strong>videre.</strong></span> <span class='ocrx_word' id='word_1_34' title='bbox 570 428 698 479; x_wconf 84' lang='lat' dir='ltr'><strong>Casu,</strong></span> <span class='ocrx_word' id='word_1_35' title='bbox 729 428 879 484; x_wconf 85' lang='lat' dir='ltr'><strong>inqui.s</strong></span> <span class='ocrx_word' id='word_1_36' title='bbox 939 429 1057 468; x_wconf 89' lang='lat' dir='ltr'><strong>Itane</strong></span> <span class='ocrx_word' id='word_1_37' title='bbox 1084 430 1211 470; x_wconf 83' lang='lat' dir='ltr'><strong>vero?</strong></span> <span class='ocrx_word' id='word_1_38' title='bbox 1244 427 1486 484; x_wconf 71' lang='lat' dir='ltr'><strong>Quidquam</strong></span> <span class='ocrx_word' id='word_1_39' title='bbox 1522 434 1664 490; x_wconf 89' lang='lat' dir='ltr'><strong>potest</strong></span> 
     </span>
     <span class='ocr_line' id='line_1_6' title="bbox 233 482 1660 549; baseline 0.001 -26"><span class='ocrx_word' id='word_1_40' title='bbox 233 497 333 524; x_wconf 86' lang='lat' dir='ltr'><strong>casu</strong></span> <span class='ocrx_word' id='word_1_41' title='bbox 353 499 442 525; x_wconf 90' lang='lat' dir='ltr'><strong>esse</strong></span> <span class='ocrx_word' id='word_1_42' title='bbox 461 485 636 534; x_wconf 76' lang='lat' dir='ltr'><strong>factum⁷</strong></span> <span class='ocrx_word' id='word_1_43' title='bbox 657 485 771 549; x_wconf 85' lang='lat' dir='ltr'><strong>quod</strong></span> <span class='ocrx_word' id='word_1_44' title='bbox 793 498 938 525; x_wconf 87' lang='lat' dir='ltr'><strong>omnes</strong></span> <span class='ocrx_word' id='word_1_45' title='bbox 960 484 1118 526; x_wconf 88' lang='lat' dir='ltr'><strong>habet</strong></span> <span class='ocrx_word' id='word_1_46' title='bbox 1108 500 1150 525; x_wconf 90' lang='grc'><strong>111</strong></span> <span class='ocrx_word' id='word_1_47' title='bbox 1172 500 1215 526; x_wconf 89' lang='lat' dir='ltr'><strong>se</strong></span> <span class='ocrx_word' id='word_1_48' title='bbox 1235 498 1431 526; x_wconf 88' lang='lat' dir='ltr'><strong>numeros</strong></span> <span class='ocrx_word' id='word_1_49' title='bbox 1452 482 1660 524; x_wconf 88' lang='lat' dir='ltr'><strong>veritatis?</strong></span> 
     </span>
     <span class='ocr_line' id='line_1_7' title="bbox 234 539 1662 597; baseline 0 -18"><span class='ocrx_word' id='word_1_50' title='bbox 234 541 450 596; x_wconf 69' lang='lat' dir='ltr'><strong>Quattuor</strong></span> <span class='ocrx_word' id='word_1_51' title='bbox 479 541 552 583; x_wconf 88' lang='lat' dir='ltr'><strong>tali</strong></span> <span class='ocrx_word' id='word_1_52' title='bbox 575 542 696 597; x_wconf 87' lang='lat' dir='ltr'><strong>jacti,</strong></span> <span class='ocrx_word' id='word_1_53' title='bbox 727 555 828 581; x_wconf 86' lang='lat' dir='ltr'><strong>casu</strong></span> <span class='ocrx_word' id='word_1_54' title='bbox 858 542 1096 581; x_wconf 82' lang='lat' dir='ltr'><strong>venereum</strong></span> <span class='ocrx_word' id='word_1_55' title='bbox 1127 541 1324 583; x_wconf 89' lang='lat' dir='ltr'><strong>efficiunt.</strong></span> <span class='ocrx_word' id='word_1_56' title='bbox 1383 543 1500 582; x_wconf 88' lang='lat' dir='ltr'><strong>Num</strong></span> <span class='ocrx_word' id='word_1_57' title='bbox 1534 539 1662 580; x_wconf 88' lang='lat' dir='ltr'><strong>etiarn</strong></span> 
     </span>
     <span class='ocr_line' id='line_1_8' title="bbox 233 596 1662 652; baseline 0.001 -17.019"><span class='ocrx_word' id='word_1_58' title='bbox 233 606 405 637; x_wconf 86' lang='lat' dir='ltr'><strong>centum</strong></span> <span class='ocrx_word' id='word_1_59' title='bbox 425 599 652 648; x_wconf 87' lang='lat' dir='ltr'><strong>Venereos,</strong></span> <span class='ocrx_word' id='word_1_60' title='bbox 683 605 721 629; x_wconf 79' lang='lat'><strong>38</strong></span> <span class='ocrx_word' id='word_1_61' title='bbox 738 597 771 637; x_wconf 92' lang='lat' dir='ltr'><strong>si</strong></span> <span class='ocrx_word' id='word_1_62' title='bbox 790 610 888 636; x_wconf 89' lang='lat' dir='ltr'><strong>cccc</strong></span> <span class='ocrx_word' id='word_1_63' title='bbox 906 597 1045 637; x_wconf 88' lang='lat' dir='ltr'><strong>talos</strong></span> <span class='ocrx_word' id='word_1_64' title='bbox 1029 597 1195 652; x_wconf 71' lang='lat' dir='ltr'><strong>jeceris,</strong></span> <span class='ocrx_word' id='word_1_65' title='bbox 1214 612 1313 639; x_wconf 90' lang='lat' dir='ltr'><strong>casu</strong></span> <span class='ocrx_word' id='word_1_66' title='bbox 1329 599 1493 639; x_wconf 84' lang='lat' dir='ltr'><strong>futuros</strong></span> <span class='ocrx_word' id='word_1_67' title='bbox 1514 596 1662 652; x_wconf 83' lang='lat' dir='ltr'><strong>putas?</strong></span> 
     </span>
     <span class='ocr_line' id='line_1_9' title="bbox 234 651 1664 708; baseline 0.001 -17"><span class='ocrx_word' id='word_1_68' title='bbox 234 651 430 707; x_wconf 83' lang='lat' dir='ltr'><strong>adspersa</strong></span> <span class='ocrx_word' id='word_1_69' title='bbox 458 663 616 695; x_wconf 86' lang='lat' dir='ltr'><strong>temere</strong></span> <span class='ocrx_word' id='word_1_70' title='bbox 646 654 864 708; x_wconf 87' lang='lat' dir='ltr'><strong>pigmenta</strong></span> <span class='ocrx_word' id='word_1_71' title='bbox 892 652 935 692; x_wconf 91' lang='lat' dir='ltr'><strong>in</strong></span> <span class='ocrx_word' id='word_1_72' title='bbox 965 653 1122 704; x_wconf 87' lang='lat' dir='ltr'><strong>tabula,</strong></span> <span class='ocrx_word' id='word_1_73' title='bbox 1153 653 1236 694; x_wconf 89' lang='lat' dir='ltr'><strong>oris</strong></span> <span class='ocrx_word' id='word_1_74' title='bbox 1266 654 1517 695; x_wconf 87' lang='lat' dir='ltr'><strong>lineamenta</strong></span> <span class='ocrx_word' id='word_1_75' title='bbox 1545 652 1664 692; x_wconf 90' lang='lat' dir='ltr'><strong>effin-</strong></span> 
     </span>
     <span class='ocr_line' id='line_1_10' title="bbox 233 708 1664 765; baseline 0 -17"><span class='ocrx_word' id='word_1_76' title='bbox 233 722 335 762; x_wconf 75' lang='lat' dir='ltr'><strong>gele</strong></span> <span class='ocrx_word' id='word_1_77' title='bbox 355 721 554 765; x_wconf 72' lang='lat' dir='ltr'><strong>possunt·</strong></span> <span class='ocrx_word' id='word_1_78' title='bbox 544 742 554 759; x_wconf 88' lang='lat'>‚</span> <span class='ocrx_word' id='word_1_79' title='bbox 588 725 688 750; x_wconf 87' lang='lat' dir='ltr'><strong>num</strong></span> <span class='ocrx_word' id='word_1_80' title='bbox 710 709 836 749; x_wconf 84' lang='lat' dir='ltr'><strong>etiam</strong></span> <span class='ocrx_word' id='word_1_81' title='bbox 867 716 908 742; x_wconf 76' lang='lat'><strong>39</strong></span> <span class='ocrx_word' id='word_1_82' title='bbox 921 709 1095 749; x_wconf 81' lang='lat' dir='ltr'><strong>Veneris</strong></span> <span class='ocrx_word' id='word_1_83' title='bbox 1125 709 1227 750; x_wconf 86' lang='lat' dir='ltr'><strong>Coae</strong></span> <span class='ocrx_word' id='word_1_84' title='bbox 1255 710 1579 765; x_wconf 76' lang='lat' dir='ltr'><strong>pulcritudinem</strong></span> <span class='ocrx_word' id='word_1_85' title='bbox 1601 708 1664 749; x_wconf 88' lang='lat' dir='ltr'><strong>ef-</strong></span> 
     </span>
     <span class='ocr_line' id='line_1_11' title="bbox 234 764 1665 829; baseline 0 -24"><span class='ocrx_word' id='word_1_86' title='bbox 234 765 334 820; x_wconf 86' lang='lat' dir='ltr'><strong>fingi</strong></span> <span class='ocrx_word' id='word_1_87' title='bbox 366 781 487 820; x_wconf 83' lang='lat' dir='ltr'><strong>posse</strong></span> <span class='ocrx_word' id='word_1_88' title='bbox 518 766 784 829; x_wconf 77' lang='lat' dir='ltr'><strong>adspersione</strong></span> <span class='ocrx_word' id='word_1_89' title='bbox 816 764 990 805; x_wconf 83' lang='lat' dir='ltr'><strong>fortuita</strong></span> <span class='ocrx_word' id='word_1_90' title='bbox 1020 767 1170 819; x_wconf 88' lang='lat' dir='ltr'><strong>putas?</strong></span> <span class='ocrx_word' id='word_1_91' title='bbox 1204 766 1284 806; x_wconf 92' lang='lat' dir='ltr'><strong>Sus</strong></span> <span class='ocrx_word' id='word_1_92' title='bbox 1314 776 1449 807; x_wconf 87' lang='lat' dir='ltr'><strong>rostro</strong></span> <span class='ocrx_word' id='word_1_93' title='bbox 1479 766 1513 807; x_wconf 87' lang='lat' dir='ltr'><strong>si</strong></span> <span class='ocrx_word' id='word_1_94' title='bbox 1544 764 1665 806; x_wconf 87' lang='lat' dir='ltr'><strong>humi</strong></span> 
     </span>
     <span class='ocr_line' id='line_1_12' title="bbox 232 820 1664 877; baseline 0 -16"><span class='ocrx_word' id='word_1_95' title='bbox 232 820 274 861; x_wconf 90' lang='lat' dir='ltr'><strong>A</strong></span> <span class='ocrx_word' id='word_1_96' title='bbox 296 822 477 862; x_wconf 84' lang='lat' dir='ltr'><strong>litteram</strong></span> <span class='ocrx_word' id='word_1_97' title='bbox 499 821 767 876; x_wconf 69' lang='lat' dir='ltr'><strong>impresserit,</strong></span> <span class='ocrx_word' id='word_1_98' title='bbox 791 836 892 861; x_wconf 86' lang='lat' dir='ltr'><strong>num</strong></span> <span class='ocrx_word' id='word_1_99' title='bbox 913 830 1137 876; x_wconf 86' lang='lat' dir='ltr'><strong>propterea</strong></span> <span class='ocrx_word' id='word_1_100' title='bbox 1158 822 1358 877; x_wconf 74' lang='lat' dir='ltr'><strong>suspicari</strong></span> <span class='ocrx_word' id='word_1_101' title='bbox 1378 823 1549 877; x_wconf 88' lang='lat' dir='ltr'><strong>poteris,</strong></span> <span class='ocrx_word' id='word_1_102' title='bbox 1570 822 1664 862; x_wconf 89' lang='lat' dir='ltr'><strong>An-</strong></span> 
     </span>
     <span class='ocr_line' id='line_1_13' title="bbox 233 877 1664 933; baseline 0.001 -16"><span class='ocrx_word' id='word_1_103' title='bbox 233 877 505 918; x_wconf 84' lang='lat' dir='ltr'><strong>dromacham</strong></span> <span class='ocrx_word' id='word_1_104' title='bbox 538 878 659 919; x_wconf 90' lang='lat' dir='ltr'><strong>Ennii</strong></span> <span class='ocrx_word' id='word_1_105' title='bbox 691 878 744 918; x_wconf 89' lang='lat' dir='ltr'><strong>ab</strong></span> <span class='ocrx_word' id='word_1_106' title='bbox 773 892 823 918; x_wconf 86' lang='lat' dir='ltr'><strong>ea</strong></span> <span class='ocrx_word' id='word_1_107' title='bbox 851 892 974 932; x_wconf 87' lang='lat' dir='ltr'><strong>posse</strong></span> <span class='ocrx_word' id='word_1_108' title='bbox 1005 877 1211 919; x_wconf 86' lang='lat' dir='ltr'><strong>describi?</strong></span> <span class='ocrx_word' id='word_1_109' title='bbox 1246 879 1452 933; x_wconf 83' lang='lat' dir='ltr'><strong>Fingebat</strong></span> <span class='ocrx_word' id='word_1_110' title='bbox 1481 878 1664 919; x_wconf 90' lang='lat' dir='ltr'><strong>Carnea-</strong></span> 
     </span>
     <span class='ocr_line' id='line_1_14' title="bbox 233 933 1665 990; baseline 0.001 -17"><span class='ocrx_word' id='word_1_111' title='bbox 233 933 354 983; x_wconf 86' lang='lat' dir='ltr'><strong>des,</strong></span> <span class='ocrx_word' id='word_1_112' title='bbox 345 950 386 974; x_wconf 91' lang='lat' dir='ltr'><strong>m</strong></span> <span class='ocrx_word' id='word_1_113' title='bbox 410 934 615 976; x_wconf 85' lang='lat' dir='ltr'><strong>Chiorum</strong></span> <span class='ocrx_word' id='word_1_114' title='bbox 637 934 870 989; x_wconf 79' lang='lat' dir='ltr'><strong>lapicidinis</strong></span> <span class='ocrx_word' id='word_1_115' title='bbox 904 948 1003 975; x_wconf 87' lang='lat' dir='ltr'><strong>saxo</strong></span> <span class='ocrx_word' id='word_1_116' title='bbox 1039 934 1195 975; x_wconf 87' lang='lat' dir='ltr'><strong>diffisso</strong></span> <span class='ocrx_word' id='word_1_117' title='bbox 1216 949 1344 990; x_wconf 82' lang='lat' dir='ltr'><strong>caput</strong></span> <span class='ocrx_word' id='word_1_118' title='bbox 1363 934 1570 975; x_wconf 84' lang='lat' dir='ltr'><strong>exstitisse</strong></span> <span class='ocrx_word' id='word_1_119' title='bbox 1587 936 1665 976; x_wconf 90' lang='lat' dir='ltr'><strong>Pa-</strong></span> 
     </span>
     <span class='ocr_line' id='line_1_15' title="bbox 232 989 1666 1047; baseline 0.001 -18"><span class='ocrx_word' id='word_1_120' title='bbox 232 989 349 1030; x_wconf 78' lang='lat' dir='ltr'><strong>uisci.</strong></span> <span class='ocrx_word' id='word_1_121' title='bbox 411 991 567 1042; x_wconf 83' lang='lat' dir='ltr'><strong>Credo,</strong></span> <span class='ocrx_word' id='word_1_122' title='bbox 597 991 780 1046; x_wconf 84' lang='lat' dir='ltr'><strong>aliquam</strong></span> <span class='ocrx_word' id='word_1_123' title='bbox 812 1006 895 1031; x_wconf 87' lang='lat' dir='ltr'><strong>non</strong></span> <span class='ocrx_word' id='word_1_124' title='bbox 926 990 1172 1032; x_wconf 87' lang='lat' dir='ltr'><strong>dissimilem</strong></span> <span class='ocrx_word' id='word_1_125' title='bbox 1207 991 1400 1047; x_wconf 85' lang='lat' dir='ltr'><strong>figuram,</strong></span> <span class='ocrx_word' id='word_1_126' title='bbox 1441 990 1513 1031; x_wconf 92' lang='lat' dir='ltr'><strong>sed</strong></span> <span class='ocrx_word' id='word_1_127' title='bbox 1552 1000 1666 1032; x_wconf 85' lang='lat' dir='ltr'><strong>certe</strong></span> 
     </span>
     <span class='ocr_line' id='line_1_16' title="bbox 231 1047 1666 1112; baseline 0.001 -26"><span class='ocrx_word' id='word_1_128' title='bbox 231 1060 316 1086; x_wconf 90' lang='lat' dir='ltr'><strong>non</strong></span> <span class='ocrx_word' id='word_1_129' title='bbox 341 1047 484 1098; x_wconf 86' lang='lat' dir='ltr'><strong>talem,</strong></span> <span class='ocrx_word' id='word_1_130' title='bbox 506 1056 553 1088; x_wconf 90' lang='lat' dir='ltr'><strong>ut</strong></span> <span class='ocrx_word' id='word_1_131' title='bbox 578 1062 669 1088; x_wconf 88' lang='lat' dir='ltr'><strong>eam</strong></span> <span class='ocrx_word' id='word_1_132' title='bbox 698 1048 851 1088; x_wconf 76' lang='lat' dir='ltr'><strong>factam</strong></span> <span class='ocrx_word' id='word_1_133' title='bbox 883 1062 908 1088; x_wconf 93' lang='lat' dir='ltr'><strong>a</strong></span> <span class='ocrx_word' id='word_1_134' title='bbox 927 1048 1066 1102; x_wconf 84' lang='lat' dir='ltr'><strong>Scopa</strong></span> <span class='ocrx_word' id='word_1_135' title='bbox 1089 1047 1263 1089; x_wconf 86' lang='lat' dir='ltr'><strong>diceres.</strong></span> <span class='ocrx_word' id='word_1_136' title='bbox 1284 1063 1343 1088; x_wconf 77' lang='lat' dir='ltr'><strong>slc</strong></span> <span class='ocrx_word' id='word_1_137' title='bbox 1368 1048 1479 1088; x_wconf 89' lang='lat' dir='ltr'><strong>enim</strong></span> <span class='ocrx_word' id='word_1_138' title='bbox 1501 1061 1546 1088; x_wconf 89' lang='lat' dir='ltr'><strong>se</strong></span> <span class='ocrx_word' id='word_1_139' title='bbox 1567 1061 1666 1112; x_wconf 84' lang='lat' dir='ltr'><strong>pro-</strong></span> 
     </span>
     <span class='ocr_line' id='line_1_17' title="bbox 230 1101 1667 1159; baseline 0.001 -17"><span class='ocrx_word' id='word_1_140' title='bbox 230 1101 344 1143; x_wconf 82' lang='lat' dir='ltr'><strong>fecto</strong></span> <span class='ocrx_word' id='word_1_141' title='bbox 374 1119 439 1144; x_wconf 90' lang='lat' dir='ltr'><strong>res</strong></span> <span class='ocrx_word' id='word_1_142' title='bbox 469 1104 612 1155; x_wconf 84' lang='lat' dir='ltr'><strong>habet,</strong></span> <span class='ocrx_word' id='word_1_143' title='bbox 631 1113 680 1145; x_wconf 90' lang='lat' dir='ltr'><strong>ut</strong></span> <span class='ocrx_word' id='word_1_144' title='bbox 709 1118 940 1159; x_wconf 87' lang='lat' dir='ltr'><strong>numquam</strong></span> <span class='ocrx_word' id='word_1_145' title='bbox 969 1104 1156 1159; x_wconf 88' lang='lat' dir='ltr'><strong>perfecte</strong></span> <span class='ocrx_word' id='word_1_146' title='bbox 1184 1105 1399 1146; x_wconf 87' lang='lat' dir='ltr'><strong>veritatem</strong></span> <span class='ocrx_word' id='word_1_147' title='bbox 1428 1118 1549 1145; x_wconf 88' lang='lat' dir='ltr'><strong>casus</strong></span> <span class='ocrx_word' id='word_1_148' title='bbox 1569 1103 1667 1145; x_wconf 91' lang='lat' dir='ltr'><strong>imi-</strong></span> 
     </span>
     <span class='ocr_line' id='line_1_18' title="bbox 229 1166 355 1201; baseline 0.018 -3"><span class='ocrx_word' id='word_1_149' title='bbox 229 1166 355 1201; x_wconf 89' lang='lat' dir='ltr'><strong>tetur.</strong></span> 
     </span>
     <span class='ocr_line' id='line_1_19' title="bbox 155 1215 1665 1273; baseline 0.001 -17"><span class='ocrx_word' id='word_1_150' title='bbox 155 1227 222 1273; x_wconf 77' lang='lat'><strong>14,</strong></span> <span class='ocrx_word' id='word_1_151' title='bbox 288 1216 351 1257; x_wconf 91' lang='lat' dir='ltr'><strong>At</strong></span> <span class='ocrx_word' id='word_1_152' title='bbox 379 1230 698 1271; x_wconf 89' lang='lat' dir='ltr'><strong>nonnumquam</strong></span> <span class='ocrx_word' id='word_1_153' title='bbox 728 1230 791 1266; x_wconf 83' lang='lat' dir='ltr'><strong>ea,</strong></span> <span class='ocrx_word' id='word_1_154' title='bbox 812 1231 906 1272; x_wconf 88' lang='lat' dir='ltr'><strong>quae</strong></span> <span class='ocrx_word' id='word_1_155' title='bbox 935 1215 1135 1271; x_wconf 83' lang='lat' dir='ltr'><strong>praedicta</strong></span> <span class='ocrx_word' id='word_1_156' title='bbox 1164 1225 1276 1267; x_wconf 86' lang='lat' dir='ltr'><strong>sunt,</strong></span> <span class='ocrx_word' id='word_1_157' title='bbox 1297 1216 1435 1257; x_wconf 87' lang='lat' dir='ltr'><strong>minus</strong></span> <span class='ocrx_word' id='word_1_158' title='bbox 1456 1216 1665 1258; x_wconf 84' lang='lat' dir='ltr'><strong>eveniunt.</strong></span> 
     </span>
     <span class='ocr_line' id='line_1_20' title="bbox 171 1272 1667 1336; baseline 0.001 -24"><span class='ocrx_word' id='word_1_159' title='bbox 171 1272 343 1336; x_wconf 69' lang='lat' dir='ltr'><strong>24Quae</strong></span> <span class='ocrx_word' id='word_1_160' title='bbox 372 1272 542 1313; x_wconf 90' lang='lat' dir='ltr'><strong>tandem</strong></span> <span class='ocrx_word' id='word_1_161' title='bbox 577 1272 621 1313; x_wconf 90' lang='lat' dir='ltr'><strong>id</strong></span> <span class='ocrx_word' id='word_1_162' title='bbox 653 1286 718 1312; x_wconf 88' lang='lat' dir='ltr'><strong>ars</strong></span> <span class='ocrx_word' id='word_1_163' title='bbox 752 1287 836 1313; x_wconf 90' lang='lat' dir='ltr'><strong>non</strong></span> <span class='ocrx_word' id='word_1_164' title='bbox 872 1272 1027 1313; x_wconf 87' lang='lat' dir='ltr'><strong>habet?</strong></span> <span class='ocrx_word' id='word_1_165' title='bbox 1060 1287 1204 1314; x_wconf 89' lang='lat' dir='ltr'><strong>earum</strong></span> <span class='ocrx_word' id='word_1_166' title='bbox 1240 1273 1337 1314; x_wconf 90' lang='lat' dir='ltr'><strong>dico</strong></span> <span class='ocrx_word' id='word_1_167' title='bbox 1368 1273 1539 1323; x_wconf 87' lang='lat' dir='ltr'><strong>artium,</strong></span> <span class='ocrx_word' id='word_1_168' title='bbox 1571 1288 1667 1327; x_wconf 82' lang='lat' dir='ltr'><strong>quae</strong></span> 
     </span>
     <span class='ocr_line' id='line_1_21' title="bbox 190 1328 1668 1385; baseline 0.001 -17"><span class='ocrx_word' id='word_1_169' title='bbox 190 1347 221 1377; x_wconf 88' lang='lat' dir='ltr'>b</span> <span class='ocrx_word' id='word_1_170' title='bbox 234 1329 477 1384; x_wconf 85' lang='lat' dir='ltr'><strong>conjectura</strong></span> <span class='ocrx_word' id='word_1_171' title='bbox 512 1329 796 1379; x_wconf 89' lang='lat' dir='ltr'><strong>continentur,</strong></span> <span class='ocrx_word' id='word_1_172' title='bbox 834 1336 877 1369; x_wconf 91' lang='lat' dir='ltr'><strong>et</strong></span> <span class='ocrx_word' id='word_1_173' title='bbox 914 1337 1012 1370; x_wconf 89' lang='lat' dir='ltr'><strong>sunt</strong></span> <span class='ocrx_word' id='word_1_174' title='bbox 1041 1329 1288 1385; x_wconf 86' lang='lat' dir='ltr'><strong>opinabiles.</strong></span> <span class='ocrx_word' id='word_1_175' title='bbox 1346 1329 1416 1370; x_wconf 91' lang='lat' dir='ltr'><strong>An</strong></span> <span class='ocrx_word' id='word_1_176' title='bbox 1447 1328 1668 1380; x_wconf 84' lang='lat' dir='ltr'><strong>medicina,</strong></span> 
     </span>
     <span class='ocr_line' id='line_1_22' title="bbox 231 1385 1665 1450; baseline 0.001 -25"><span class='ocrx_word' id='word_1_177' title='bbox 231 1399 298 1425; x_wconf 88' lang='lat' dir='ltr'><strong>ars</strong></span> <span class='ocrx_word' id='word_1_178' title='bbox 329 1400 411 1425; x_wconf 93' lang='lat' dir='ltr'><strong>non</strong></span> <span class='ocrx_word' id='word_1_179' title='bbox 441 1385 627 1440; x_wconf 86' lang='lat' dir='ltr'><strong>putanda</strong></span> <span class='ocrx_word' id='word_1_180' title='bbox 655 1386 750 1426; x_wconf 90' lang='lat' dir='ltr'><strong>est?</strong></span> <span class='ocrx_word' id='word_1_181' title='bbox 784 1400 911 1439; x_wconf 85' lang='lat' dir='ltr'><strong>quam</strong></span> <span class='ocrx_word' id='word_1_182' title='bbox 942 1393 1085 1427; x_wconf 91' lang='lat' dir='ltr'><strong>tamen</strong></span> <span class='ocrx_word' id='word_1_183' title='bbox 1124 1387 1259 1427; x_wconf 90' lang='lat' dir='ltr'><strong>multa</strong></span> <span class='ocrx_word' id='word_1_184' title='bbox 1290 1385 1456 1427; x_wconf 87' lang='lat' dir='ltr'><strong>fallunt.</strong></span> <span class='ocrx_word' id='word_1_185' title='bbox 1501 1385 1660 1450; x_wconf 40' lang='lat' dir='ltr'><strong>’Quid.</strong></span> <span class='ocrx_word' id='word_1_186' title='bbox 1649 1387 1665 1417; x_wconf 88' lang='lat'>³</span> 
     </span>
     <span class='ocr_line' id='line_1_23' title="bbox 230 1441 1669 1495; baseline 0.002 -14"><span class='ocrx_word' id='word_1_187' title='bbox 230 1441 538 1495; x_wconf 84' lang='lat' dir='ltr'><strong>gubernatores</strong></span> <span class='ocrx_word' id='word_1_188' title='bbox 569 1456 707 1483; x_wconf 90' lang='lat' dir='ltr'><strong>nonne</strong></span> <span class='ocrx_word' id='word_1_189' title='bbox 738 1441 971 1483; x_wconf 87' lang='lat' dir='ltr'><strong>falluntur?</strong></span> <span class='ocrx_word' id='word_1_190' title='bbox 1005 1457 1057 1482; x_wconf 89' lang='lat' dir='ltr'><strong>an</strong></span> <span class='ocrx_word' id='word_1_191' title='bbox 1083 1443 1347 1484; x_wconf 88' lang='lat' dir='ltr'><strong>Achivorum</strong></span> <span class='ocrx_word' id='word_1_192' title='bbox 1377 1442 1598 1494; x_wconf 88' lang='lat' dir='ltr'><strong>exercitus,</strong></span> <span class='ocrx_word' id='word_1_193' title='bbox 1623 1449 1669 1484; x_wconf 87' lang='lat' dir='ltr'><strong>et</strong></span> 
     </span>
     <span class='ocr_line' id='line_1_24' title="bbox 229 1498 1372 1554; baseline 0.002 -16"><span class='ocrx_word' id='word_1_194' title='bbox 229 1506 296 1539; x_wconf 91' lang='lat' dir='ltr'><strong>tot</strong></span> <span class='ocrx_word' id='word_1_195' title='bbox 318 1498 484 1539; x_wconf 85' lang='lat' dir='ltr'><strong>navium</strong></span> <span class='ocrx_word' id='word_1_196' title='bbox 506 1506 687 1539; x_wconf 89' lang='lat' dir='ltr'><strong>rectores</strong></span> <span class='ocrx_word' id='word_1_197' title='bbox 709 1513 793 1539; x_wconf 92' lang='lat' dir='ltr'><strong>non</strong></span> <span class='ocrx_word' id='word_1_198' title='bbox 814 1499 872 1539; x_wconf 89' lang='lat' dir='ltr'><strong>ita</strong></span> <span class='ocrx_word' id='word_1_199' title='bbox 888 1498 1066 1554; x_wconf 89' lang='lat' dir='ltr'><strong>profecti</strong></span> <span class='ocrx_word' id='word_1_200' title='bbox 1085 1509 1183 1540; x_wconf 87' lang='lat' dir='ltr'><strong>sunt</strong></span> <span class='ocrx_word' id='word_1_201' title='bbox 1202 1500 1256 1541; x_wconf 94' lang='lat' dir='ltr'><strong>ab</strong></span> <span class='ocrx_word' id='word_1_202' title='bbox 1278 1499 1372 1551; x_wconf 91' lang='lat' dir='ltr'><strong>Ilio,</strong></span> 
     </span>
    </p>
   </div>
   <div class='ocr_carea' id='block_1_2' title="bbox 283 1577 1577 1788">
    <p class='ocr_par' dir='ltr' id='par_1_2' title="bbox 289 1577 988 1627">
     <span class='ocr_line' id='line_1_25' title="bbox 289 1577 988 1627; baseline 0.001 -14"><span class='ocrx_word' id='word_1_203' title='bbox 289 1578 336 1614; x_wconf 87' lang='lat' dir='ltr'><strong>Ut</strong></span> <span class='ocrx_word' id='word_1_204' title='bbox 349 1577 549 1627; x_wconf 68' lang='lat' dir='ltr'><strong>prqfi‘ctz&#39;one</strong></span> <span class='ocrx_word' id='word_1_205' title='bbox 567 1577 639 1614; x_wconf 78' lang='lat' dir='ltr'><strong>laeti</strong></span> <span class='ocrx_word' id='word_1_206' title='bbox 651 1577 792 1627; x_wconf 78' lang='lat' dir='ltr'><strong>piscium</strong></span> <span class='ocrx_word' id='word_1_207' title='bbox 809 1578 988 1614; x_wconf 78' lang='lat' dir='ltr'><strong>lasciviam</strong></span> 
     </span>
    </p>

    <p class='ocr_par' dir='ltr' id='par_1_3' title="bbox 283 1630 1577 1734">
     <span class='ocr_line' id='line_1_26' title="bbox 283 1630 1577 1682; baseline 0.001 -16"><span class='ocrx_word' id='word_1_208' title='bbox 283 1631 511 1675; x_wconf 76' lang='lat' dir='ltr'><strong>Intuerentur,</strong></span> <span class='ocrx_word' id='word_1_209' title='bbox 536 1638 574 1667; x_wconf 90' lang='lat' dir='ltr'><strong>ut</strong></span> <span class='ocrx_word' id='word_1_210' title='bbox 595 1631 645 1667; x_wconf 85' lang='lat' dir='ltr'><strong>ait</strong></span> <span class='ocrx_word' id='word_1_211' title='bbox 665 1632 856 1675; x_wconf 88' lang='lat' dir='ltr'><strong>Pacuvius,</strong></span> <span class='ocrx_word' id='word_1_212' title='bbox 875 1644 932 1668; x_wconf 82' lang='lat' dir='ltr'><strong>nec</strong></span> <span class='ocrx_word' id='word_1_213' title='bbox 951 1630 1064 1668; x_wconf 82' lang='lat' dir='ltr'><strong>tuendi</strong></span> <span class='ocrx_word' id='word_1_214' title='bbox 1092 1639 1132 1662; x_wconf 85' lang='lat'><strong>40</strong></span> <span class='ocrx_word' id='word_1_215' title='bbox 1147 1632 1286 1669; x_wconf 77' lang='lat' dir='ltr'><strong>satietas</strong></span> <span class='ocrx_word' id='word_1_216' title='bbox 1304 1642 1420 1682; x_wconf 77' lang='lat' dir='ltr'><strong>capere</strong></span> <span class='ocrx_word' id='word_1_217' title='bbox 1432 1639 1538 1682; x_wconf 84' lang='lat' dir='ltr'><strong>posset</strong></span> <span class='ocrx_word' id='word_1_218' title='bbox 1553 1633 1577 1668; x_wconf 63' lang='grc' dir='ltr'><strong>ε’</strong></span> 
     </span>
     <span class='ocr_line' id='line_1_27' title="bbox 283 1683 1200 1734; baseline 0.003 -16"><span class='ocrx_word' id='word_1_219' title='bbox 283 1683 418 1720; x_wconf 69' lang='lat' dir='ltr'><strong>Interea</strong></span> <span class='ocrx_word' id='word_1_220' title='bbox 430 1685 615 1734; x_wconf 31' lang='lat' dir='ltr'><strong>prope-jam</strong></span> <span class='ocrx_word' id='word_1_221' title='bbox 631 1684 791 1720; x_wconf 69' lang='lat' dir='ltr'><strong>occidente</strong></span> <span class='ocrx_word' id='word_1_222' title='bbox 808 1685 873 1720; x_wconf 79' lang='lat' dir='ltr'><strong>sole</strong></span> <span class='ocrx_word' id='word_1_223' title='bbox 890 1684 1080 1721; x_wconf 82' lang='lat' dir='ltr'><strong>inhorrescit</strong></span> <span class='ocrx_word' id='word_1_224' title='bbox 1099 1697 1200 1728; x_wconf 84' lang='lat' dir='ltr'><strong>mare,</strong></span> 
     </span>
    </p>

    <p class='ocr_par' dir='ltr' id='par_1_4' title="bbox 289 1736 1452 1788">
     <span class='ocr_line' id='line_1_28' title="bbox 289 1736 1452 1788; baseline 0 -15"><span class='ocrx_word' id='word_1_225' title='bbox 289 1736 446 1773; x_wconf 82' lang='lat' dir='ltr'><strong>Tenebrae</strong></span> <span class='ocrx_word' id='word_1_226' title='bbox 465 1750 521 1773; x_wconf 72' lang='lat'><strong>607⁷</strong></span> <span class='ocrx_word' id='word_1_227' title='bbox 523 1737 749 1788; x_wconf 81' lang='lat' dir='ltr'><strong>duplicantur,</strong></span> <span class='ocrx_word' id='word_1_228' title='bbox 769 1739 934 1787; x_wconf 74' lang='lat' dir='ltr'><strong>noctisque</strong></span> <span class='ocrx_word' id='word_1_229' title='bbox 951 1745 981 1774; x_wconf 76' lang='lat' dir='ltr'><strong>et</strong></span> <span class='ocrx_word' id='word_1_230' title='bbox 1001 1737 1149 1774; x_wconf 81' lang='lat' dir='ltr'><strong>nimbum</strong></span> <span class='ocrx_word' id='word_1_231' title='bbox 1167 1747 1308 1775; x_wconf 80' lang='lat' dir='ltr'><strong>occaecat</strong></span> <span class='ocrx_word' id='word_1_232' title='bbox 1327 1738 1452 1787; x_wconf 77' lang='lat' dir='ltr'><strong>nigror.</strong></span> 
     </span>
    </p>
   </div>
   <div class='ocr_carea' id='block_1_3' title="bbox 226 1808 1670 2261">
    <p class='ocr_par' dir='ltr' id='par_1_5' title="bbox 226 1808 1670 2261">
     <span class='ocr_line' id='line_1_29' title="bbox 232 1808 1667 1875; baseline -0.001 -23"><span class='ocrx_word' id='word_1_233' title='bbox 232 1810 351 1852; x_wconf 92' lang='lat' dir='ltr'><strong>Num</strong></span> <span class='ocrx_word' id='word_1_234' title='bbox 373 1809 503 1865; x_wconf 90' lang='lat' dir='ltr'><strong>ig1tur</strong></span> <span class='ocrx_word' id='word_1_235' title='bbox 520 1817 583 1850; x_wconf 88' lang='lat' dir='ltr'><strong>tot</strong></span> <span class='ocrx_word' id='word_1_236' title='bbox 604 1808 928 1850; x_wconf 87' lang='lat' dir='ltr'><strong>clarissimorum</strong></span> <span class='ocrx_word' id='word_1_237' title='bbox 951 1809 1124 1861; x_wconf 89' lang='lat' dir='ltr'><strong>ducum,</strong></span> <span class='ocrx_word' id='word_1_238' title='bbox 1146 1824 1379 1866; x_wconf 89' lang='lat' dir='ltr'><strong>regumque</strong></span> <span class='ocrx_word' id='word_1_239' title='bbox 1401 1809 1667 1875; x_wconf 85' lang='lat' dir='ltr'><strong>naufragium</strong></span> 
     </span>
     <span class='ocr_line' id='line_1_30' title="bbox 233 1865 1669 1931; baseline 0.001 -24"><span class='ocrx_word' id='word_1_240' title='bbox 233 1866 404 1907; x_wconf 80' lang='lat' dir='ltr'><strong>sustulit</strong></span> <span class='ocrx_word' id='word_1_241' title='bbox 433 1876 566 1907; x_wconf 87' lang='lat' dir='ltr'><strong>artem</strong></span> <span class='ocrx_word' id='word_1_242' title='bbox 596 1865 895 1921; x_wconf 89' lang='lat' dir='ltr'><strong>gubernandi?</strong></span> <span class='ocrx_word' id='word_1_243' title='bbox 929 1874 1002 1906; x_wconf 87' lang='lat' dir='ltr'><strong>aut</strong></span> <span class='ocrx_word' id='word_1_244' title='bbox 1032 1881 1132 1907; x_wconf 92' lang='lat' dir='ltr'><strong>num</strong></span> <span class='ocrx_word' id='word_1_245' title='bbox 1163 1867 1463 1931; x_wconf 81' lang='lat' dir='ltr'><strong>imperatorum</strong></span> <span class='ocrx_word' id='word_1_246' title='bbox 1497 1867 1669 1909; x_wconf 86' lang='lat' dir='ltr'><strong>scientia</strong></span> 
     </span>
     <span class='ocr_line' id='line_1_31' title="bbox 233 1922 1670 1978; baseline 0.001 -16"><span class='ocrx_word' id='word_1_247' title='bbox 233 1922 337 1963; x_wconf 90' lang='lat' dir='ltr'><strong>nihil</strong></span> <span class='ocrx_word' id='word_1_248' title='bbox 359 1933 435 1973; x_wconf 86' lang='lat' dir='ltr'><strong>est,</strong></span> <span class='ocrx_word' id='word_1_249' title='bbox 454 1923 551 1978; x_wconf 88' lang='lat' dir='ltr'><strong>quia</strong></span> <span class='ocrx_word' id='word_1_250' title='bbox 580 1937 771 1963; x_wconf 87' lang='lat' dir='ltr'><strong>summus</strong></span> <span class='ocrx_word' id='word_1_251' title='bbox 802 1923 1031 1977; x_wconf 87' lang='lat' dir='ltr'><strong>imperator</strong></span> <span class='ocrx_word' id='word_1_252' title='bbox 1060 1937 1193 1977; x_wconf 87' lang='lat' dir='ltr'><strong>nuper</strong></span> <span class='ocrx_word' id='word_1_253' title='bbox 1222 1923 1348 1978; x_wconf 83' lang='lat' dir='ltr'><strong>fugit,</strong></span> <span class='ocrx_word' id='word_1_254' title='bbox 1368 1923 1523 1965; x_wconf 86' lang='lat' dir='ltr'><strong>amisso</strong></span> <span class='ocrx_word' id='word_1_255' title='bbox 1551 1937 1670 1964; x_wconf 84' lang='lat' dir='ltr'><strong>exer-</strong></span> 
     </span>
     <span class='ocr_line' id='line_1_32' title="bbox 234 1978 1667 2042; baseline 0.001 -23"><span class='ocrx_word' id='word_1_256' title='bbox 234 1978 350 2020; x_wconf 86' lang='lat' dir='ltr'><strong>citu?</strong></span> <span class='ocrx_word' id='word_1_257' title='bbox 383 1988 456 2019; x_wconf 90' lang='lat' dir='ltr'><strong>aut</strong></span> <span class='ocrx_word' id='word_1_258' title='bbox 488 1994 587 2019; x_wconf 88' lang='lat' dir='ltr'><strong>num</strong></span> <span class='ocrx_word' id='word_1_259' title='bbox 622 1987 844 2042; x_wconf 81' lang='lat' dir='ltr'><strong>piopterea</strong></span> <span class='ocrx_word' id='word_1_260' title='bbox 866 1978 978 2020; x_wconf 86' lang='lat' dir='ltr'><strong>nulla</strong></span> <span class='ocrx_word' id='word_1_261' title='bbox 998 1987 1061 2020; x_wconf 89' lang='lat' dir='ltr'><strong>est</strong></span> <span class='ocrx_word' id='word_1_262' title='bbox 1080 1979 1322 2035; x_wconf 88' lang='lat' dir='ltr'><strong>reipublicae</strong></span> <span class='ocrx_word' id='word_1_263' title='bbox 1341 1979 1540 2035; x_wconf 62' lang='lat' dir='ltr'><strong>gerendae</strong></span> <span class='ocrx_word' id='word_1_264' title='bbox 1559 1980 1667 2022; x_wconf 85' lang='lat' dir='ltr'><strong>ratio</strong></span> 
     </span>
     <span class='ocr_line' id='line_1_33' title="bbox 233 2035 1667 2092; baseline 0.001 -17"><span class='ocrx_word' id='word_1_265' title='bbox 233 2044 361 2090; x_wconf 87' lang='lat' dir='ltr'><strong>atque</strong></span> <span class='ocrx_word' id='word_1_266' title='bbox 390 2035 625 2090; x_wconf 82' lang='lat' dir='ltr'><strong>prudentia,</strong></span> <span class='ocrx_word' id='word_1_267' title='bbox 659 2050 758 2091; x_wconf 81' lang='lat' dir='ltr'><strong>quia</strong></span> <span class='ocrx_word' id='word_1_268' title='bbox 786 2036 921 2076; x_wconf 83' lang='lat' dir='ltr'><strong>multa</strong></span> <span class='ocrx_word' id='word_1_269' title='bbox 956 2035 1036 2076; x_wconf 89' lang='lat' dir='ltr'><strong>Cn.</strong></span> <span class='ocrx_word' id='word_1_270' title='bbox 1069 2036 1334 2092; x_wconf 90' lang='lat' dir='ltr'><strong>Pompeium,</strong></span> <span class='ocrx_word' id='word_1_271' title='bbox 1364 2036 1560 2092; x_wconf 80' lang='lat' dir='ltr'><strong>quaedam</strong></span> <span class='ocrx_word' id='word_1_272' title='bbox 1599 2037 1667 2078; x_wconf 89' lang='grc' dir='ltr'><strong>Μ.</strong></span> 
     </span>
     <span class='ocr_line' id='line_1_34' title="bbox 237 2091 1669 2147; baseline 0.001 -16"><span class='ocrx_word' id='word_1_273' title='bbox 237 2091 459 2142; x_wconf 82' lang='lat' dir='ltr'><strong>Catonem,</strong></span> <span class='ocrx_word' id='word_1_274' title='bbox 490 2091 691 2132; x_wconf 86' lang='lat' dir='ltr'><strong>nonnulla</strong></span> <span class='ocrx_word' id='word_1_275' title='bbox 720 2092 846 2132; x_wconf 89' lang='lat' dir='ltr'><strong>etiam</strong></span> <span class='ocrx_word' id='word_1_276' title='bbox 879 2101 919 2132; x_wconf 89' lang='lat' dir='ltr'><strong>te</strong></span> <span class='ocrx_word' id='word_1_277' title='bbox 948 2092 1085 2147; x_wconf 88' lang='lat' dir='ltr'><strong>ipsum</strong></span> <span class='ocrx_word' id='word_1_278' title='bbox 1118 2092 1384 2133; x_wconf 84' lang='lat' dir='ltr'><strong>fefellerunt?</strong></span> <span class='ocrx_word' id='word_1_279' title='bbox 1417 2093 1574 2133; x_wconf 90' lang='lat' dir='ltr'><strong>Similis</strong></span> <span class='ocrx_word' id='word_1_280' title='bbox 1603 2101 1669 2134; x_wconf 88' lang='lat' dir='ltr'><strong>est</strong></span> 
     </span>
     <span class='ocr_line' id='line_1_35' title="bbox 232 2147 1668 2211; baseline 0.001 -23"><span class='ocrx_word' id='word_1_281' title='bbox 232 2147 502 2203; x_wconf 85' lang='lat' dir='ltr'><strong>haruspicum</strong></span> <span class='ocrx_word' id='word_1_282' title='bbox 529 2149 761 2211; x_wconf 86' lang='lat' dir='ltr'><strong>responsio,</strong></span> <span class='ocrx_word' id='word_1_283' title='bbox 792 2157 826 2180; x_wconf 84' lang='lat'><strong>41</strong></span> <span class='ocrx_word' id='word_1_284' title='bbox 849 2163 1069 2204; x_wconf 79' lang='lat' dir='ltr'><strong>omnisque</strong></span> <span class='ocrx_word' id='word_1_285' title='bbox 1088 2149 1310 2204; x_wconf 86' lang='lat' dir='ltr'><strong>opinabilis</strong></span> <span class='ocrx_word' id='word_1_286' title='bbox 1330 2148 1543 2190; x_wconf 85' lang='lat' dir='ltr'><strong>divinatio.</strong></span> <span class='ocrx_word' id='word_1_287' title='bbox 1563 2163 1668 2190; x_wconf 89' lang='lat' dir='ltr'><strong>con-</strong></span> 
     </span>
     <span class='ocr_line' id='line_1_36' title="bbox 226 2204 1667 2261; baseline 0 -16"><span class='ocrx_word' id='word_1_288' title='bbox 226 2204 396 2261; x_wconf 89' lang='lat' dir='ltr'><strong>jectura</strong></span> <span class='ocrx_word' id='word_1_289' title='bbox 424 2205 535 2246; x_wconf 89' lang='lat' dir='ltr'><strong>enim</strong></span> <span class='ocrx_word' id='word_1_290' title='bbox 565 2205 725 2256; x_wconf 88' lang='lat' dir='ltr'><strong>nititur,</strong></span> <span class='ocrx_word' id='word_1_291' title='bbox 756 2205 866 2247; x_wconf 89' lang='lat' dir='ltr'><strong>ultra</strong></span> <span class='ocrx_word' id='word_1_292' title='bbox 895 2219 1023 2261; x_wconf 88' lang='lat' dir='ltr'><strong>quam</strong></span> <span class='ocrx_word' id='word_1_293' title='bbox 1053 2206 1252 2261; x_wconf 85' lang='lat' dir='ltr'><strong>progredi</strong></span> <span class='ocrx_word' id='word_1_294' title='bbox 1283 2220 1365 2247; x_wconf 92' lang='lat' dir='ltr'><strong>non</strong></span> <span class='ocrx_word' id='word_1_295' title='bbox 1391 2213 1545 2261; x_wconf 89' lang='lat' dir='ltr'><strong>potest.</strong></span> <span class='ocrx_word' id='word_1_296' title='bbox 1603 2206 1667 2245; x_wconf 88' lang='lat' dir='ltr'><strong>Ea</strong></span> 
     </span>
    </p>
   </div>
   <div class='ocr_carea' id='block_1_4' title="bbox 233 2349 929 2433">
    <p class='ocr_par' dir='ltr' id='par_1_6' title="bbox 233 2349 929 2433">
     <span class='ocr_line' id='line_1_37' title="bbox 276 2349 928 2393; baseline -0.003 -10"><span class='ocrx_word' id='word_1_297' title='bbox 276 2358 315 2387; x_wconf 78' lang='lat'><strong>37</strong></span> <span class='ocrx_word' id='word_1_298' title='bbox 341 2363 398 2393; x_wconf 86' lang='lat' dir='ltr'><strong>qua</strong></span> <span class='ocrx_word' id='word_1_299' title='bbox 412 2358 475 2382; x_wconf 80' lang='lat' dir='ltr'><strong>arte</strong></span> <span class='ocrx_word' id='word_1_300' title='bbox 492 2351 596 2390; x_wconf 61' lang='lat' dir='ltr'><strong>perfici</strong></span> <span class='ocrx_word' id='word_1_301' title='bbox 608 2349 731 2390; x_wconf 65' lang='lat' dir='ltr'><strong>possint]</strong></span> <span class='ocrx_word' id='word_1_302' title='bbox 751 2351 858 2391; x_wconf 48' lang='lat' dir='ltr'><strong>Persici</strong></span> <span class='ocrx_word' id='word_1_303' title='bbox 872 2352 928 2381; x_wconf 82' lang='lat' dir='ltr'><strong>ha-</strong></span> 
     </span>
     <span class='ocr_line' id='line_1_38' title="bbox 233 2395 929 2433; baseline -0.001 -9"><span class='ocrx_word' id='word_1_304' title='bbox 233 2395 287 2424; x_wconf 85' lang='lat' dir='ltr'><strong>bet</strong></span> <span class='ocrx_word' id='word_1_305' title='bbox 303 2396 351 2425; x_wconf 88' lang='lat' dir='ltr'><strong>ed.</strong></span> <span class='ocrx_word' id='word_1_306' title='bbox 367 2395 449 2425; x_wconf 81' lang='lat' dir='ltr'><strong>ven.</strong></span> <span class='ocrx_word' id='word_1_307' title='bbox 468 2402 558 2427; x_wconf 80' lang='lat'><strong>1494.</strong></span> <span class='ocrx_word' id='word_1_308' title='bbox 576 2402 669 2424; x_wconf 86' lang='lat' dir='ltr'><strong>recte.</strong></span> <span class='ocrx_word' id='word_1_309' title='bbox 681 2395 849 2433; x_wconf 78' lang='lat' dir='ltr'><strong>vulgatum</strong></span> <span class='ocrx_word' id='word_1_310' title='bbox 860 2401 929 2433; x_wconf 85' lang='lat' dir='ltr'><strong>per-</strong></span> 
     </span>
    </p>
   </div>
   <div class='ocr_carea' id='block_1_5' title="bbox 971 2351 1669 2435">
    <p class='ocr_par' dir='ltr' id='par_1_7' title="bbox 971 2351 1669 2435">
     <span class='ocr_line' id='line_1_39' title="bbox 971 2351 1669 2391; baseline -0.001 -10"><span class='ocrx_word' id='word_1_311' title='bbox 971 2352 1024 2390; x_wconf 91' lang='lat' dir='ltr'><strong>qui</strong></span> <span class='ocrx_word' id='word_1_312' title='bbox 1046 2351 1134 2382; x_wconf 71' lang='lat' dir='ltr'><strong>Ceam</strong></span> <span class='ocrx_word' id='word_1_313' title='bbox 1150 2360 1270 2383; x_wconf 87' lang='lat' dir='ltr'><strong>nomen</strong></span> <span class='ocrx_word' id='word_1_314' title='bbox 1288 2352 1414 2382; x_wconf 81' lang='lat' dir='ltr'><strong>alterius</strong></span> <span class='ocrx_word' id='word_1_315' title='bbox 1430 2352 1558 2382; x_wconf 77' lang='lat' dir='ltr'><strong>feminae</strong></span> <span class='ocrx_word' id='word_1_316' title='bbox 1573 2357 1669 2391; x_wconf 81' lang='lat' dir='ltr'><strong>puta-</strong></span> 
     </span>
     <span class='ocr_line' id='line_1_40' title="bbox 971 2394 1666 2435; baseline -0.001 -11"><span class='ocrx_word' id='word_1_317' title='bbox 971 2402 1050 2424; x_wconf 86' lang='lat' dir='ltr'><strong>rent.</strong></span> <span class='ocrx_word' id='word_1_318' title='bbox 1093 2395 1196 2426; x_wconf 89' lang='lat' dir='ltr'><strong>Aldus</strong></span> <span class='ocrx_word' id='word_1_319' title='bbox 1218 2396 1302 2425; x_wconf 87' lang='lat' dir='ltr'><strong>dedit</strong></span> <span class='ocrx_word' id='word_1_320' title='bbox 1326 2395 1361 2425; x_wconf 89' lang='lat' dir='ltr'><strong>V.</strong></span> <span class='ocrx_word' id='word_1_321' title='bbox 1388 2394 1504 2425; x_wconf 78' lang='lat' dir='ltr'><strong>Cnidia·</strong></span> <span class='ocrx_word' id='word_1_322' title='bbox 1529 2395 1666 2435; x_wconf 70' lang='lat' dir='ltr'><strong>Coa-que,</strong></span> 
     </span>
    </p>
   </div>
   <div class='ocr_carea' id='block_1_6' title="bbox 235 2437 932 2906">
    <p class='ocr_par' dir='ltr' id='par_1_8' title="bbox 235 2437 930 2561">
     <span class='ocr_line' id='line_1_41' title="bbox 235 2437 930 2477; baseline 0.003 -12"><span class='ocrx_word' id='word_1_323' title='bbox 235 2437 306 2476; x_wconf 71' lang='lat' dir='ltr'><strong>spici</strong></span> <span class='ocrx_word' id='word_1_324' title='bbox 325 2438 468 2467; x_wconf 84' lang='lat' dir='ltr'><strong>alienum</strong></span> <span class='ocrx_word' id='word_1_325' title='bbox 490 2444 546 2467; x_wconf 86' lang='lat' dir='ltr'><strong>est.</strong></span> <span class='ocrx_word' id='word_1_326' title='bbox 567 2447 643 2467; x_wconf 83' lang='lat' dir='ltr'><strong>nam</strong></span> <span class='ocrx_word' id='word_1_327' title='bbox 666 2438 830 2477; x_wconf 85' lang='lat' dir='ltr'><strong>sequentia</strong></span> <span class='ocrx_word' id='word_1_328' title='bbox 853 2444 930 2467; x_wconf 81' lang='lat' dir='ltr'><strong>sunt</strong></span> 
     </span>
     <span class='ocr_line' id='line_1_42' title="bbox 235 2480 930 2519; baseline 0.001 -10"><span class='ocrx_word' id='word_1_329' title='bbox 235 2480 344 2510; x_wconf 80' lang='lat' dir='ltr'><strong>omnia</strong></span> <span class='ocrx_word' id='word_1_330' title='bbox 365 2481 403 2510; x_wconf 88' lang='lat' dir='ltr'><strong>de</strong></span> <span class='ocrx_word' id='word_1_331' title='bbox 426 2481 507 2510; x_wconf 80' lang='lat' dir='ltr'><strong>facto</strong></span> <span class='ocrx_word' id='word_1_332' title='bbox 531 2487 562 2510; x_wconf 88' lang='lat' dir='ltr'><strong>et</strong></span> <span class='ocrx_word' id='word_1_333' title='bbox 583 2489 711 2517; x_wconf 83' lang='lat' dir='ltr'><strong>eventu,</strong></span> <span class='ocrx_word' id='word_1_334' title='bbox 727 2490 793 2511; x_wconf 88' lang='lat' dir='ltr'><strong>non</strong></span> <span class='ocrx_word' id='word_1_335' title='bbox 807 2482 846 2510; x_wconf 88' lang='lat' dir='ltr'><strong>de</strong></span> <span class='ocrx_word' id='word_1_336' title='bbox 861 2490 930 2519; x_wconf 85' lang='lat' dir='ltr'><strong>pet-</strong></span> 
     </span>
     <span class='ocr_line' id='line_1_43' title="bbox 236 2529 410 2561; baseline 0 -9"><span class='ocrx_word' id='word_1_337' title='bbox 236 2529 410 2561; x_wconf 83' lang='lat' dir='ltr'><strong>spicientia.</strong></span> 
     </span>
    </p>

    <p class='ocr_par' dir='ltr' id='par_1_9' title="bbox 235 2563 930 2766">
     <span class='ocr_line' id='line_1_44' title="bbox 279 2563 930 2605; baseline 0 -10"><span class='ocrx_word' id='word_1_338' title='bbox 279 2571 320 2595; x_wconf 83' lang='lat'><strong>38</strong></span> <span class='ocrx_word' id='word_1_339' title='bbox 342 2565 367 2593; x_wconf 81' lang='lat' dir='ltr'><strong>si</strong></span> <span class='ocrx_word' id='word_1_340' title='bbox 384 2574 474 2594; x_wconf 80' lang='lat' dir='ltr'><strong>cccc</strong></span> <span class='ocrx_word' id='word_1_341' title='bbox 494 2564 565 2593; x_wconf 79' lang='lat' dir='ltr'><strong>talos</strong></span> <span class='ocrx_word' id='word_1_342' title='bbox 578 2563 700 2605; x_wconf 74' lang='lat' dir='ltr'><strong>jeceris]</strong></span> <span class='ocrx_word' id='word_1_343' title='bbox 711 2565 819 2603; x_wconf 82' lang='lat' dir='ltr'><strong>jeceris</strong></span> <span class='ocrx_word' id='word_1_344' title='bbox 834 2565 930 2595; x_wconf 86' lang='lat' dir='ltr'><strong>habet</strong></span> 
     </span>
     <span class='ocr_line' id='line_1_45' title="bbox 236 2607 929 2647; baseline 0 -10"><span class='ocrx_word' id='word_1_345' title='bbox 236 2608 300 2638; x_wconf 74' lang='lat' dir='ltr'><strong>Ms-</strong></span> <span class='ocrx_word' id='word_1_346' title='bbox 330 2608 436 2637; x_wconf 91' lang='lat' dir='ltr'><strong>Guelf.</strong></span> <span class='ocrx_word' id='word_1_347' title='bbox 462 2614 492 2636; x_wconf 85' lang='lat' dir='ltr'><strong>et</strong></span> <span class='ocrx_word' id='word_1_348' title='bbox 518 2608 587 2636; x_wconf 87' lang='lat' dir='ltr'><strong>edd.</strong></span> <span class='ocrx_word' id='word_1_349' title='bbox 608 2614 682 2637; x_wconf 78' lang='lat' dir='ltr'><strong>vett.</strong></span> <span class='ocrx_word' id='word_1_350' title='bbox 703 2615 734 2637; x_wconf 82' lang='lat' dir='ltr'><strong>et</strong></span> <span class='ocrx_word' id='word_1_351' title='bbox 759 2618 805 2647; x_wconf 87' lang='lat' dir='ltr'><strong>pr.</strong></span> <span class='ocrx_word' id='word_1_352' title='bbox 831 2607 929 2646; x_wconf 86' lang='lat' dir='ltr'><strong>vulgo</strong></span> 
     </span>
     <span class='ocr_line' id='line_1_46' title="bbox 237 2649 929 2689; baseline -0.003 -8"><span class='ocrx_word' id='word_1_353' title='bbox 237 2649 321 2681; x_wconf 87' lang='lat' dir='ltr'><strong>male</strong></span> <span class='ocrx_word' id='word_1_354' title='bbox 343 2650 467 2689; x_wconf 73' lang='lat' dir='ltr'><strong>ejeceris.</strong></span> <span class='ocrx_word' id='word_1_355' title='bbox 490 2657 520 2679; x_wconf 86' lang='lat' dir='ltr'><strong>et</strong></span> <span class='ocrx_word' id='word_1_356' title='bbox 543 2649 622 2679; x_wconf 88' lang='lat' dir='ltr'><strong>illud</strong></span> <span class='ocrx_word' id='word_1_357' title='bbox 644 2658 691 2680; x_wconf 85' lang='lat' dir='ltr'><strong>est</strong></span> <span class='ocrx_word' id='word_1_358' title='bbox 713 2651 875 2689; x_wconf 84' lang='lat' dir='ltr'><strong>proprium</strong></span> <span class='ocrx_word' id='word_1_359' title='bbox 890 2651 929 2679; x_wconf 87' lang='lat' dir='ltr'><strong>de</strong></span> 
     </span>
     <span class='ocr_line' id='line_1_47' title="bbox 236 2692 929 2732; baseline 0 -10"><span class='ocrx_word' id='word_1_360' title='bbox 236 2703 273 2722; x_wconf 87' lang='lat' dir='ltr'><strong>ea</strong></span> <span class='ocrx_word' id='word_1_361' title='bbox 288 2703 319 2722; x_wconf 87' lang='lat' dir='ltr'><strong>re</strong></span> <span class='ocrx_word' id='word_1_362' title='bbox 333 2693 480 2729; x_wconf 87' lang='lat' dir='ltr'><strong>verbum,</strong></span> <span class='ocrx_word' id='word_1_363' title='bbox 498 2702 563 2722; x_wconf 89' lang='lat' dir='ltr'><strong>non</strong></span> <span class='ocrx_word' id='word_1_364' title='bbox 579 2692 687 2731; x_wconf 78' lang='lat' dir='ltr'><strong>ejicere.</strong></span> <span class='ocrx_word' id='word_1_365' title='bbox 705 2692 817 2732; x_wconf 64' lang='lat' dir='ltr'><strong>ejeceris</strong></span> <span class='ocrx_word' id='word_1_366' title='bbox 832 2700 879 2723; x_wconf 85' lang='lat' dir='ltr'><strong>est</strong></span> <span class='ocrx_word' id='word_1_367' title='bbox 889 2692 929 2722; x_wconf 88' lang='lat' dir='ltr'><strong>ab</strong></span> 
     </span>
     <span class='ocr_line' id='line_1_48' title="bbox 235 2736 330 2766; baseline -0.011 0"><span class='ocrx_word' id='word_1_368' title='bbox 235 2736 330 2766; x_wconf 80' lang='lat' dir='ltr'><strong>Aldo.</strong></span> 
     </span>
    </p>

    <p class='ocr_par' dir='ltr' id='par_1_10' title="bbox 237 2776 932 2906">
     <span class='ocr_line' id='line_1_49' title="bbox 280 2776 932 2817; baseline -0.002 -9"><span class='ocrx_word' id='word_1_369' title='bbox 280 2784 322 2811; x_wconf 83' lang='lat'><strong>39</strong></span> <span class='ocrx_word' id='word_1_370' title='bbox 347 2778 463 2807; x_wconf 83' lang='lat' dir='ltr'><strong>Veneris</strong></span> <span class='ocrx_word' id='word_1_371' title='bbox 489 2776 570 2816; x_wconf 80' lang='lat' dir='ltr'><em>Coae]</em></span> <span class='ocrx_word' id='word_1_372' title='bbox 597 2777 647 2807; x_wconf 86' lang='lat' dir='ltr'><strong>Sic</strong></span> <span class='ocrx_word' id='word_1_373' title='bbox 670 2784 702 2807; x_wconf 87' lang='lat' dir='ltr'><strong>et</strong></span> <span class='ocrx_word' id='word_1_374' title='bbox 724 2787 770 2807; x_wconf 83' lang='lat' dir='ltr'><strong>res</strong></span> <span class='ocrx_word' id='word_1_375' title='bbox 786 2778 886 2817; x_wconf 82' lang='lat' dir='ltr'><strong>poscit</strong></span> <span class='ocrx_word' id='word_1_376' title='bbox 901 2784 932 2807; x_wconf 86' lang='lat' dir='ltr'><strong>et</strong></span> 
     </span>
     <span class='ocr_line' id='line_1_50' title="bbox 238 2820 931 2861; baseline 0 -10"><span class='ocrx_word' id='word_1_377' title='bbox 238 2820 317 2851; x_wconf 81' lang='lat' dir='ltr'><strong>Mss.</strong></span> <span class='ocrx_word' id='word_1_378' title='bbox 339 2828 371 2851; x_wconf 86' lang='lat' dir='ltr'><strong>et</strong></span> <span class='ocrx_word' id='word_1_379' title='bbox 391 2822 461 2852; x_wconf 90' lang='lat' dir='ltr'><strong>edd.</strong></span> <span class='ocrx_word' id='word_1_380' title='bbox 486 2831 532 2861; x_wconf 87' lang='lat' dir='ltr'><strong>pr.</strong></span> <span class='ocrx_word' id='word_1_381' title='bbox 555 2821 614 2850; x_wconf 91' lang='lat' dir='ltr'><strong>nisi</strong></span> <span class='ocrx_word' id='word_1_382' title='bbox 629 2821 715 2860; x_wconf 92' lang='lat' dir='ltr'><strong>quod</strong></span> <span class='ocrx_word' id='word_1_383' title='bbox 738 2821 860 2859; x_wconf 82' lang='lat' dir='ltr'><strong>aliquot</strong></span> <span class='ocrx_word' id='word_1_384' title='bbox 877 2822 931 2852; x_wconf 89' lang='lat' dir='ltr'><strong>ad-</strong></span> 
     </span>
     <span class='ocr_line' id='line_1_51' title="bbox 237 2863 930 2906; baseline 0 -11"><span class='ocrx_word' id='word_1_385' title='bbox 237 2865 318 2895; x_wconf 81' lang='lat' dir='ltr'><strong>dunt</strong></span> <span class='ocrx_word' id='word_1_386' title='bbox 347 2875 413 2906; x_wconf 84' lang='lat' dir='ltr'><strong>que,</strong></span> <span class='ocrx_word' id='word_1_387' title='bbox 444 2874 498 2904; x_wconf 83' lang='lat' dir='ltr'><strong>per</strong></span> <span class='ocrx_word' id='word_1_388' title='bbox 530 2864 687 2903; x_wconf 74' lang='lat' dir='ltr'><strong>inscitiam</strong></span> <span class='ocrx_word' id='word_1_389' title='bbox 717 2863 930 2902; x_wconf 81' lang='lat' dir='ltr'><strong>librariorum,</strong></span> 
     </span>
    </p>
   </div>
   <div class='ocr_carea' id='block_1_7' title="bbox 971 2438 1670 2906">
    <p class='ocr_par' dir='ltr' id='par_1_11' title="bbox 971 2438 1668 2596">
     <span class='ocr_line' id='line_1_52' title="bbox 971 2438 1668 2477; baseline 0.004 -10"><span class='ocrx_word' id='word_1_390' title='bbox 971 2438 1076 2468; x_wconf 86' lang='lat' dir='ltr'><strong>nescio</strong></span> <span class='ocrx_word' id='word_1_391' title='bbox 1108 2439 1204 2474; x_wconf 92' lang='lat' dir='ltr'><strong>unde,</strong></span> <span class='ocrx_word' id='word_1_392' title='bbox 1235 2438 1319 2477; x_wconf 89' lang='lat' dir='ltr'><strong>quod</strong></span> <span class='ocrx_word' id='word_1_393' title='bbox 1348 2439 1533 2469; x_wconf 87' lang='lat' dir='ltr'><strong>recentiores</strong></span> <span class='ocrx_word' id='word_1_394' title='bbox 1567 2439 1668 2470; x_wconf 79' lang='lat' dir='ltr'><strong>secuti</strong></span> 
     </span>
     <span class='ocr_line' id='line_1_53' title="bbox 971 2481 1666 2512; baseline 0.003 -2"><span class='ocrx_word' id='word_1_395' title='bbox 971 2487 1056 2510; x_wconf 82' lang='lat' dir='ltr'><strong>sunt.</strong></span> <span class='ocrx_word' id='word_1_396' title='bbox 1087 2481 1245 2511; x_wconf 86' lang='lat' dir='ltr'><strong>Victorius</strong></span> <span class='ocrx_word' id='word_1_397' title='bbox 1275 2487 1382 2510; x_wconf 84' lang='lat' dir='ltr'><strong>tamen</strong></span> <span class='ocrx_word' id='word_1_398' title='bbox 1408 2488 1498 2511; x_wconf 88' lang='lat' dir='ltr'><strong>vetus</strong></span> <span class='ocrx_word' id='word_1_399' title='bbox 1527 2481 1666 2512; x_wconf 85' lang='lat' dir='ltr'><strong>retinuit.</strong></span> 
     </span>
     <span class='ocr_line' id='line_1_54' title="bbox 976 2522 1666 2564; baseline 0 -12"><span class='ocrx_word' id='word_1_400' title='bbox 976 2522 1082 2552; x_wconf 83' lang='lat' dir='ltr'><strong>Cnidia</strong></span> <span class='ocrx_word' id='word_1_401' title='bbox 1102 2523 1213 2553; x_wconf 87' lang='lat' dir='ltr'><strong>locum</strong></span> <span class='ocrx_word' id='word_1_402' title='bbox 1234 2533 1299 2553; x_wconf 90' lang='lat' dir='ltr'><strong>non</strong></span> <span class='ocrx_word' id='word_1_403' title='bbox 1324 2523 1432 2560; x_wconf 85' lang='lat' dir='ltr'><strong>habet,</strong></span> <span class='ocrx_word' id='word_1_404' title='bbox 1449 2524 1524 2563; x_wconf 90' lang='lat' dir='ltr'><strong>quia</strong></span> <span class='ocrx_word' id='word_1_405' title='bbox 1538 2533 1575 2553; x_wconf 84' lang='lat' dir='ltr'><strong>ea</strong></span> <span class='ocrx_word' id='word_1_406' title='bbox 1590 2524 1666 2564; x_wconf 80' lang='lat' dir='ltr'><strong>lapi.</strong></span> 
     </span>
     <span class='ocr_line' id='line_1_55' title="bbox 971 2566 1115 2596; baseline -0.007 0"><span class='ocrx_word' id='word_1_407' title='bbox 971 2566 1029 2596; x_wconf 90' lang='lat' dir='ltr'><strong>dea</strong></span> <span class='ocrx_word' id='word_1_408' title='bbox 1045 2566 1115 2595; x_wconf 83' lang='lat' dir='ltr'><strong>fuit.</strong></span> 
     </span>
    </p>

    <p class='ocr_par' dir='ltr' id='par_1_12' title="bbox 971 2607 1668 2766">
     <span class='ocr_line' id='line_1_56' title="bbox 1014 2607 1668 2647; baseline 0.005 -10"><span class='ocrx_word' id='word_1_409' title='bbox 1014 2614 1054 2639; x_wconf 81' lang='lat'><strong>40</strong></span> <span class='ocrx_word' id='word_1_410' title='bbox 1078 2608 1195 2638; x_wconf 79' lang='lat' dir='ltr'><strong>satietas</strong></span> <span class='ocrx_word' id='word_1_411' title='bbox 1218 2614 1318 2646; x_wconf 78' lang='lat' dir='ltr'><strong>capere</strong></span> <span class='ocrx_word' id='word_1_412' title='bbox 1335 2607 1440 2647; x_wconf 74' lang='lat' dir='ltr'><strong>posset]</strong></span> <span class='ocrx_word' id='word_1_413' title='bbox 1467 2609 1505 2639; x_wconf 89' lang='lat' dir='ltr'><strong>In</strong></span> <span class='ocrx_word' id='word_1_414' title='bbox 1532 2610 1592 2639; x_wconf 89' lang='lat' dir='ltr'><strong>hac</strong></span> <span class='ocrx_word' id='word_1_415' title='bbox 1621 2609 1668 2640; x_wconf 71' lang='grc' dir='ltr'><strong>ΙΕ-</strong></span> 
     </span>
     <span class='ocr_line' id='line_1_57' title="bbox 971 2650 1668 2683; baseline 0.004 -3"><span class='ocrx_word' id='word_1_416' title='bbox 971 2650 1074 2680; x_wconf 88' lang='lat' dir='ltr'><strong>ctione</strong></span> <span class='ocrx_word' id='word_1_417' title='bbox 1091 2658 1230 2681; x_wconf 87' lang='lat' dir='ltr'><strong>metrum</strong></span> <span class='ocrx_word' id='word_1_418' title='bbox 1254 2661 1319 2681; x_wconf 90' lang='lat' dir='ltr'><strong>non</strong></span> <span class='ocrx_word' id='word_1_419' title='bbox 1336 2658 1469 2683; x_wconf 88' lang='lat' dir='ltr'><strong>constat.</strong></span> <span class='ocrx_word' id='word_1_420' title='bbox 1513 2652 1668 2683; x_wconf 72' lang='lat' dir='ltr'><strong>Gruterus</strong></span> 
     </span>
     <span class='ocr_line' id='line_1_58' title="bbox 972 2692 1667 2734; baseline 0.006 -12"><span class='ocrx_word' id='word_1_421' title='bbox 972 2692 1107 2730; x_wconf 84' lang='lat' dir='ltr'><strong>conjecit</strong></span> <span class='ocrx_word' id='word_1_422' title='bbox 1122 2694 1212 2723; x_wconf 75' lang='lat' dir='ltr'><strong>satias</strong></span> <span class='ocrx_word' id='word_1_423' title='bbox 1236 2700 1335 2733; x_wconf 80' lang='lat' dir='ltr'><strong>capere</strong></span> <span class='ocrx_word' id='word_1_424' title='bbox 1349 2694 1475 2733; x_wconf 79' lang='lat' dir='ltr'><strong>possiet:</strong></span> <span class='ocrx_word' id='word_1_425' title='bbox 1499 2695 1529 2726; x_wconf 81' lang='lat' dir='ltr'><strong>id</strong></span> <span class='ocrx_word' id='word_1_426' title='bbox 1552 2696 1667 2734; x_wconf 76' lang='lat' dir='ltr'><strong>recepit</strong></span> 
     </span>
     <span class='ocr_line' id='line_1_59' title="bbox 974 2736 1132 2766; baseline 0.007 -1"><span class='ocrx_word' id='word_1_427' title='bbox 974 2736 1132 2766; x_wconf 84' lang='lat' dir='ltr'><strong>Davisius.</strong></span> 
     </span>
    </p>

    <p class='ocr_par' dir='ltr' id='par_1_13' title="bbox 973 2777 1670 2906">
     <span class='ocr_line' id='line_1_60' title="bbox 1016 2777 1670 2820; baseline -0.002 -11"><span class='ocrx_word' id='word_1_428' title='bbox 1016 2786 1053 2809; x_wconf 83' lang='lat'><strong>41</strong></span> <span class='ocrx_word' id='word_1_429' title='bbox 1079 2779 1221 2820; x_wconf 80' lang='lat' dir='ltr'><strong>omnisque</strong></span> <span class='ocrx_word' id='word_1_430' title='bbox 1249 2778 1402 2819; x_wconf 80' lang='lat' dir='ltr'><strong>opinabilis</strong></span> <span class='ocrx_word' id='word_1_431' title='bbox 1422 2777 1579 2818; x_wconf 78' lang='lat' dir='ltr'><strong>divinatio]</strong></span> <span class='ocrx_word' id='word_1_432' title='bbox 1604 2778 1670 2818; x_wconf 71' lang='lat' dir='ltr'><strong>opi-</strong></span> 
     </span>
     <span class='ocr_line' id='line_1_61' title="bbox 973 2820 1666 2864; baseline 0.003 -14"><span class='ocrx_word' id='word_1_433' title='bbox 973 2820 1079 2850; x_wconf 83' lang='lat' dir='ltr'><strong>nabilis</strong></span> <span class='ocrx_word' id='word_1_434' title='bbox 1105 2823 1278 2852; x_wconf 86' lang='lat' dir='ltr'><strong>redundare</strong></span> <span class='ocrx_word' id='word_1_435' title='bbox 1306 2823 1402 2854; x_wconf 74' lang='lat' dir='ltr'><strong>sensit</strong></span> <span class='ocrx_word' id='word_1_436' title='bbox 1426 2822 1586 2861; x_wconf 43' lang='lat' dir='ltr'><strong>&amp;visiun</strong></span> <span class='ocrx_word' id='word_1_437' title='bbox 1609 2823 1666 2864; x_wconf 80' lang='lat' dir='ltr'><strong>qui</strong></span> 
     </span>
     <span class='ocr_line' id='line_1_62' title="bbox 973 2864 1307 2906; baseline 0 -11"><span class='ocrx_word' id='word_1_438' title='bbox 973 2873 1029 2904; x_wconf 82' lang='lat' dir='ltr'><strong>pro</strong></span> <span class='ocrx_word' id='word_1_439' title='bbox 1041 2864 1146 2906; x_wconf 76' lang='lat' dir='ltr'><strong>glossa</strong></span> <span class='ocrx_word' id='word_1_440' title='bbox 1161 2865 1307 2897; x_wconf 73' lang='lat' dir='ltr'><strong>habebat.</strong></span> 
     </span>
    </p>
   </div>
  </div>
 </body>
</html>
