1768 3095
531 84 710 124 LIBER
737 80 1043 122 QUARTUS.

74 198 217 240 obstet
234 213 244 239 ε
276 195 360 237 Sed
379 192 538 236 intendi
557 191 729 248 longius
750 190 859 232 acies
879 203 964 230 non
984 193 1140 244 potest.

1457 80 1508 113 53

1199 186 1238 227 O
1261 185 1510 241 praeclarum

75 262 348 311 prospectum
369 251 378 291 !
430 249 628 291 Puteolos
667 247 855 289 videmus
874 262 882 286 :
928 253 973 286 at
1019 242 1269 285 familiarem
1319 250 1511 305 nostrum

74 310 285 353 Avianum
306 309 481 350 fortasse
500 306 543 347 in
563 304 731 362 porticu
749 302 943 366 Neptuni
970 299 1275 350 ambulantem,
1295 312 1379 339 non
1400 298 1513 339 vide-

76 381 185 409 mus.

249 365 310 406 At
344 364 416 405 ille
453 363 594 404 nescio
633 361 720 417 qui,
759 360 832 416 qui
869 373 912 399 m
952 357 1107 399 scholis
1145 355 1352 397 nominari
1388 354 1568 405 solet,81

78 432 117 458 ⁵9
130 421 246 464 mille
263 429 307 462 et
333 420 554 475 octoginta
580 417 715 459 stadia
741 415 858 473 quod
889 415 1070 466 abesset,
1090 412 1283 454 videbat:
1314 410 1511 467 quaedam

76 479 262 521 volucres
290 476 475 533 longius.
536 473 850 530 Responderem
883 471 1015 528 igitur
1045 470 1249 512 audacter
1277 468 1347 509 isti
1375 476 1514 508 vestro

76 535 170 586 deo,
202 548 271 575 me
303 534 427 589 plane
457 531 523 573 his
555 531 690 573 oculis
726 544 809 571 non
842 542 933 569 esse
964 536 1228 570 contentum.
1287 524 1415 566 Dicet
1444 538 1514 565 me

73 591 209 634 acrius
229 589 382 641 videre,
402 603 531 645 quam
559 587 671 629 ullos
700 587 836 643 pisces
869 586 1047 626 fortasse
1063 599 1075 634 3
1107 583 1180 640 qui
1210 595 1344 638 neque
1373 581 1514 622 viden-

72 657 142 689 tur
161 663 186 688 a
206 646 342 698 nobis,
362 654 405 687 et
424 659 535 687 nunc
555 644 727 700 quidem
756 643 836 684 sub
865 641 1000 684 oculis
1028 651 1151 682 sunt:
1183 651 1319 695 neque
1338 638 1418 693 ipsi
1438 652 1514 679 nos

73 704 282 759 suspicere
303 711 494 759 possunt.
552 703 670 756 Ergo
692 708 740 742 ut
757 699 843 741 illis
868 713 991 754 aqua,
1011 697 1072 739 sic
1101 696 1222 738 nobis
1249 699 1321 737 aer
1350 708 1516 736 crassus

73 759 320 802 offunditur.
381 765 422 792 60
437 759 501 800 At
518 758 699 814 amplius
720 771 804 798 non
835 754 1135 796 desideramus,
1194 751 1344 795 Quid?
1378 758 1415 784 61
1434 750 1515 793 tal-

73 817 202 872 pam?
235 830 319 857 non
354 815 589 857 desiderare
615 814 760 855 lumen
794 812 949 868 putas?
983 825 1119 867 neque
1150 819 1237 851 tam
1270 817 1517 865 quereretur

73 888 171 914 cum
206 872 303 924 deo,
340 871 456 929 quod
487 885 637 927 parum
668 871 812 926 longe,
842 883 970 925 quam
1006 867 1122 924 quod
1138 867 1308 909 Jalsum
1341 865 1514 907 videret.

74 929 241 971 videsne
269 944 414 970 navem
441 928 572 969 illam.
603 936 712 969 stare
744 926 864 967 nobis
893 925 1085 966 videtur:
1117 932 1160 965 at
1179 923 1243 974 iis,
1264 922 1400 979 quiin
1421 921 1514 963 navi

73 995 185 1037 sunt,
214 986 374 1027 moveri
408 985 500 1026 haec
531 984 641 1027 villa.
679 997 820 1039 quaere
853 982 1075 1033 rationem,
1107 995 1184 1022 cur
1213 980 1273 1021 ita
1298 978 1513 1020 videatur:

74 1057 200 1098 quam
220 1051 270 1084 ut
287 1043 469 1083 maxime
488 1041 706 1091 inveneris,
727 1047 766 1073 62
783 1038 898 1095 quod
918 1038 1032 1080 haud
1052 1037 1154 1089 scio,
1174 1052 1227 1078 an
1248 1051 1332 1078 non
1352 1035 1514 1092 possis:

75 1113 158 1140 non
186 1108 234 1140 tu
263 1113 407 1140 verum
428 1106 579 1140 testem
601 1097 772 1147 habere,
792 1096 866 1137 sed
886 1110 984 1137 eum
1004 1109 1087 1136 non
1108 1095 1195 1135 sine
1216 1107 1344 1134 causa
1362 1092 1515 1134 falsum

73 1156 364 1197 testimonium
392 1155 534 1197 dicere
563 1153 812 1196 ostenderis.
870 1158 909 1184 63
927 1151 1045 1195 Quid
1077 1165 1160 1207 ego
1190 1150 1244 1192 dc
1277 1149 1402 1191 navi?
1433 1148 1517 1191 vidi
1530 1136 1601 1190 26

74 1212 188 1252 enim
205 1227 231 1253 a
245 1221 288 1253 te
306 1226 471 1252 remum
490 1211 720 1252 contemni.
751 1210 914 1267 majora
932 1209 1110 1250 fortasse
1125 1207 1293 1264 quaeriS.
1314 1205 1417 1262 quid
1438 1220 1517 1262 po·
1529 1217 1580 1249 82

74 1275 157 1308 test
187 1282 278 1309 esse
307 1268 396 1308 sole
422 1267 593 1323 majus?
626 1281 751 1322 quem
781 1264 1074 1307 mathematici
1103 1264 1283 1320 amplius
1313 1262 1517 1304 duodevi-

74 1323 183 1380 ginti
204 1324 392 1380 partibus
413 1324 663 1365 confirmant
685 1322 891 1379 majorem
912 1336 1017 1371 esse,
1040 1335 1167 1376 quam
1188 1329 1357 1360 terram.
1383 1333 1517 1375 quan-

75 1381 189 1421 tulus
211 1380 332 1421 nobis
356 1380 551 1422 videtur?
584 1379 689 1420 mihi
721 1378 892 1434 quidem
925 1377 1044 1433 quasi
1073 1376 1249 1432 pedalis.

1308 1376 1517 1431 Epicurus

74 1444 219 1477 autem
239 1449 363 1492 posse
383 1444 504 1492 putat
524 1437 652 1477 etiam
674 1435 882 1476 minorem
912 1448 1002 1474 esse
1029 1448 1142 1484 eum,
1165 1447 1289 1489 quam
1312 1431 1517 1483 videatur,

75 1492 151 1534 sed
186 1507 272 1534 non
301 1493 454 1534 multo.
485 1507 539 1534 ne
573 1491 780 1548 majorem
812 1490 984 1547 quidem
1016 1490 1153 1531 multo
1181 1497 1303 1545 putat
1327 1503 1432 1540 esse,
1455 1489 1519 1530 vel

73 1556 238 1591 tantum
258 1563 363 1600 esse,
381 1557 562 1605 quantus
581 1549 769 1591 videatur
787 1564 797 1589 ε
828 1556 875 1588 ut
898 1546 1010 1588 oculi
1031 1556 1103 1588 aut
1123 1546 1228 1587 nihil
1248 1546 1519 1598 mentiantur,

75 1613 150 1646 aut
170 1620 255 1647 non
274 1606 459 1647 multum
480 1606 753 1647 mentiantur.
784 1610 824 1636 64
840 1604 930 1645 Ubi
949 1603 1080 1659 igitur
1095 1603 1199 1645 illud
1213 1612 1292 1653 est,
1315 1616 1482 1656 SEMEL
1500 1603 1514 1643 ?

76 1661 159 1703 Sed
178 1663 231 1703 ab
252 1662 335 1704 hoc
355 1662 544 1713 credulo,
564 1662 637 1719 qui
657 1675 889 1717 numquam
921 1674 1065 1702 sensus
1085 1660 1253 1701 mentiri
1273 1667 1410 1715 putat,
1429 1659 1514 1699 dis·
1527 1664 1558 1694 P·
1572 1661 1624 1686 21·

76 1718 275 1760 cedamus
294 1735 303 1760 ε
336 1725 375 1751 65
393 1719 465 1775 qui
485 1733 536 1760 ne
557 1734 667 1761 nunc
689 1718 877 1776 quidem,
899 1732 996 1759 cum
1018 1716 1089 1758 ille
1111 1717 1188 1766 sol,
1211 1717 1283 1772 qui
1303 1725 1422 1757 tanta
1450 1707 1556 1756 in-a‘

75 1775 275 1817 citatione
303 1776 450 1827 fertur,
469 1784 531 1826 ut,
552 1776 742 1817 celeritas
761 1775 853 1831 ejus
875 1783 1032 1830 quanta
1055 1774 1122 1825 sit,
1143 1788 1195 1815 ne
1224 1773 1404 1828 cogitari
1424 1772 1519 1829 qui-

75 1831 174 1872 dem
208 1832 355 1887 possit,
389 1841 533 1873 tamen
565 1832 686 1873 nobis
718 1841 829 1873 stare
859 1831 1061 1872 videatur.

75 1889 432 1930 controversiam:
483 1889 635 1938 videte,
673 1903 833 1945 quaeso,
873 1894 913 1920 66
930 1902 1057 1944 quam
1107 1888 1146 1928 in
1196 1887 1377 1942 parvulis
1414 1886 1519 1927 sitis.

121 2006 161 2032 59
177 1998 257 2028 mille
272 2005 300 2028 et
314 1998 458 2038 octogima
478 1995 591 2037 stadia]
609 1998 714 2037 Vulgo
730 2005 776 2028 est

76 2041 249 2082 octingenta.
264 2042 319 2072 sed
331 2051 348 2071 e
364 2050 500 2071 numero
515 2041 661 2071 Pliniana
677 2041 719 2071 H.
733 2041 775 2071 N.

77 2086 152 2122 V11,
169 2092 221 2115 21.
247 2085 341 2123 cujus
364 2091 529 2114 auctorem
555 2084 630 2114 facit
652 2084 776 2114 Cicero-

78 2137 168 2164 nem,
200 2134 282 2158 recte
310 2127 464 2166 collegere
486 2128 544 2157 viri
569 2128 666 2164 docti,
694 2127 777 2157 effici

78 2177 205 2201 tantum
234 2176 346 2200 centum
380 2176 408 2199 et
444 2170 597 2210 octoginta.
635 2179 664 2200 v.
696 2170 777 2208 inpr.

77 2213 325 2253 Wesselingium
341 2214 379 2243 ad
397 2213 503 2242 Itiner.
518 2213 638 2243 Anton.
655 2222 686 2252 p.
703 2220 776 2245 494.

78 2257 189 2297 reperit
213 2263 243 2286 et
267 2257 300 2286 in
324 2256 388 2286 Ms.
404 2255 498 2286 Paris.
519 2256 668 2285 Davisius
690 2262 721 2285 et
745 2256 778 2285 in

77 2301 126 2330 ed.
150 2300 232 2329 Ven.
255 2306 348 2334 1471.
371 2298 550 2338 octuaginta,
579 2300 665 2337 quod
692 2300 777 2328 idem

78 2349 136 2373 est.
181 2343 232 2372 Sic
247 2348 279 2372 et
294 2342 358 2372 Ms.
377 2351 440 2380 reg.
457 2342 525 2371 Par.
570 2342 700 2372 Nomen
721 2343 778 2371 ho-

79 2385 175 2415 minis
205 2386 291 2415 idem
321 2384 442 2415 Plinius
471 2394 487 2414 e
517 2385 657 2414 Varrone
687 2385 780 2414 tradit

78 2427 242 2459 Strabonis.

123 2476 164 2502 60
180 2471 224 2500 At
239 2468 363 2509 amplius
378 2480 430 2498 mm
446 2469 652 2509 desideramus]
670 2469 778 2507 Hujus

80 2512 143 2544 loci
165 2522 277 2543 sensus
300 2522 366 2542 non
389 2513 538 2543 convenit
556 2513 781 2552 superioribus.

78 2565 139 2587 nec
169 2557 259 2587 video
289 2561 410 2585 certam
444 2557 685 2586 correctionem.
730 2556 781 2585 An

79 2609 133 2628 non
144 2598 307 2628 desiderant
317 2607 362 2629 sc.
378 2599 489 2638 pisces,
505 2598 554 2628 vel
577 2609 625 2628 nos
639 2597 782 2628 desidera-

81 2651 154 2678 mus,
169 2651 269 2681 quam
285 2642 396 2680 pisces.

124 2689 162 2714 61
182 2683 293 2723 talpam
316 2694 383 2713 num
399 2683 457 2713 des.
473 2683 493 2713 l.
506 2681 555 2724 p.]
579 2684 643 2714 Ms.
666 2682 782 2714 Canta-

79 2725 162 2765 brig.
184 2737 238 2756 non
259 2736 315 2766 pro
338 2737 418 2756 num.
437 2727 529 2757 bene.
549 2727 594 2757 sic
617 2736 690 2766 ergo
713 2735 782 2757 cor-

82 2769 223 2799 reximus
238 2778 316 2800 cum
341 2769 483 2806 Davisio,
500 2771 555 2808 qui
578 2776 608 2800 et
627 2775 699 2810 post
713 2778 781 2800 cor-

83 2811 218 2851 rigebat:
242 2822 331 2854 neque
348 2818 443 2842 tamen
458 2819 530 2843 tum.

863 2003 902 2028 62
916 1998 993 2039 quod
1005 1997 1086 2027 haud
1096 1999 1164 2034 scio,
1180 2010 1217 2029 an
1230 2010 1283 2028 non
1304 1997 1404 2037 possis]
1424 1998 1522 2028 Cleri-

820 2050 877 2071 cus
904 2041 999 2071 deleri
1029 2041 1154 2071 volebat
1183 2053 1247 2072 non.
1278 2042 1372 2072 male.
1404 2051 1521 2081 nempe

820 2094 885 2114 non
902 2085 974 2114 satis
991 2090 1114 2124 ceperat
1128 2085 1194 2114 vim
1210 2085 1358 2115 formulae
1374 2085 1454 2114 haud
1465 2087 1522 2114 scio

820 2138 871 2164 an,
888 2134 923 2156 ut
939 2137 998 2157 nec
1015 2127 1108 2157 multi
1123 2127 1188 2164 alii,
1205 2137 1248 2158 sc.
1268 2137 1338 2158 eam
1363 2128 1521 2158 affirmare

823 2170 974 2200 modeste.
997 2179 1071 2209 ergo
1086 2171 1119 2199 h.
1136 2170 1158 2199 l.
1172 2180 1249 2200 cum
1266 2182 1318 2200 non
1337 2178 1440 2209 negat.
1488 2171 1519 2200 Si

821 2223 874 2241 non
889 2212 1111 2250 deleverimus,
1129 2213 1312 2250 affirmabit,
1331 2223 1407 2243 eum
1431 2222 1522 2253 posse

821 2255 962 2285 invenire
989 2256 1166 2294 rationem3
1194 2257 1279 2294 quod
1302 2258 1355 2286 vix
1384 2256 1522 2288 voluisse

820 2299 953 2328 videtur.

866 2346 904 2371 63
932 2340 1014 2371 Quid
1034 2352 1083 2380 ego
1106 2341 1138 2370 de
1162 2340 1249 2379 navi]
1277 2340 1314 2370 In
1341 2339 1394 2371 tali
1423 2336 1524 2372 corre-

821 2384 926 2414 ctione
957 2383 1068 2414 Cicero
1094 2383 1174 2414 solet
1203 2385 1305 2414 dicere
1336 2384 1522 2428 Quamquam

821 2427 904 2469 quid,
921 2433 976 2456 aut
991 2427 1041 2456 sed
1053 2427 1134 2469 quid.
1151 2427 1279 2457 fortasse
1299 2428 1416 2459 excidit
1431 2429 1525 2468 parti-

821 2470 895 2500 cula
911 2470 992 2500 talis.

869 2517 908 2544 64
930 2513 986 2542 Ubi
1001 2511 1079 2541 illud
1092 2512 1178 2542 semel
1186 2510 1216 2550 Ρ]
1236 2512 1375 2552 Respicit
1389 2513 1428 2543 ad
1444 2513 1524 2543 illud

826 2565 857 2586 c.
873 2563 924 2587 25.
941 2557 978 2585 de
1002 2556 1158 2595 Epicuro:
1185 2556 1209 2585 si
1231 2567 1303 2584 unus
1326 2566 1418 2585 sensus
1442 2555 1528 2586 semel

826 2598 857 2627 in
881 2598 949 2628 vita
974 2598 1112 2628 mentibus
1124 2599 1180 2638 fit.
1197 2605 1270 2628 ante
1291 2598 1429 2629 alterum
1448 2606 1525 2629 me‘n-

827 2641 940 2670 tiantur
956 2642 1071 2671 melius
1087 2641 1233 2671 abfuerit.

871 2689 909 2715 65
927 2684 1028 2726 quine
1042 2695 1116 2713 nunc
1132 2683 1261 2726 quidem]
1287 2685 1351 2714 lnt.
1375 2693 1415 2713 ex
1439 2684 1523 2713 ante-

825 2727 1024 2763 cedentibus,
1041 2737 1151 2757 sensus
1169 2727 1297 2757 mentiri
1312 2734 1413 2766 putat.

869 2774 909 2800 66
921 2781 1008 2811 quam
1022 2769 1053 2799 in
1061 2768 1203 2808 parvulis
1214 2769 1291 2808 sitis]
1309 2769 1379 2800 Hoc
1391 2771 1444 2798 vix
1460 2769 1529 2798 sine

825 2812 900 2842 vitio
924 2820 980 2843 est.
1006 2822 1071 2843 non
1096 2812 1192 2849 male,
1210 2813 1334 2851 opinor,
1352 2812 1528 2841 Lambinus

830 2866 904 2907 1³23

1120 1830 1216 1880 Sed,
1250 1840 1298 1871 ut
1330 1829 1518 1872 minuam
1533 1843 1580 1875 83
