1778 3095
212 167 291 202 504
593 162 673 202 DE
701 163 967 203 NATURA
995 164 1262 204 DEORUM

210 269 399 312 victoria.
429 285 606 327 quarum
636 286 776 314 rerum
803 273 985 315 utilitate
1014 273 1133 316 video
1163 275 1291 316 etiam
1324 280 1568 316 consecrata
1593 275 1650 318 si-

212 327 413 369 mulacra.
472 330 616 384 Quare
644 338 785 370 autem
814 330 856 371 in
886 331 950 371 his
980 331 1039 372 vis
1070 331 1245 373 deorum
1271 331 1383 381 insit,
1407 338 1445 364 8⁹
1459 339 1554 372 tum
1585 332 1651 373 in-

213 384 419 440 telligam,
440 399 537 426 cum
570 399 825 441 cognovero.
886 389 985 443 Quo
1015 388 1056 428 in
1087 403 1242 443 genere
1277 388 1340 428 vel
1373 387 1557 429 maxime
1589 397 1654 430 est

216 442 403 482 Fortuna
423 443 680 483 numeranda
700 459 708 483 :
739 458 865 498 quam
886 458 1011 484 nemo
1032 445 1085 485 ab
1104 444 1402 495 inconstantia,
1421 454 1463 485 et
1484 445 1654 486 temeri-

152 500 305 543 60tate
341 497 560 554 sejunget:
592 514 686 555 quae
720 500 849 554 digna
884 509 997 541 certe
1030 515 1114 541 non
1145 510 1242 543 sunt
1271 501 1366 542 deo.
1425 501 1520 542 Jam
1557 515 1655 542 vero

219 554 321 610 quid
340 569 413 596 vos
435 556 507 596 illa
537 555 718 597 delectat
746 555 970 611 explicatio
999 557 1253 609 fabularum,
1285 568 1327 599 et
1357 557 1557 598 enodatio
1578 572 1656 598 no-

219 612 411 652 minum?
445 621 658 653 exsectum
680 627 703 652 a
726 612 810 652 filio
833 611 1017 663 Caelum,
1048 614 1230 654 vinctum
1262 614 1406 656 itidem
1429 629 1453 655 a
1475 614 1560 655 filio
1582 615 1658 654 Sa-

113 683 144 713 p.
158 679 209 709 72.
222 675 408 708 turnum.
441 671 563 719 Haec,
584 678 626 709 et
643 668 724 708 alia
738 667 902 722 generis
923 668 1112 724 ejusdem
1132 669 1191 710 ita
1209 671 1448 721 defenditis,
1471 679 1518 712 ut
1538 670 1567 711 ii
1586 670 1660 726 qui

181 726 209 746 a.
222 724 304 765 ista
319 724 538 775 finxerunt,
559 739 644 764 non
663 723 793 764 modo
808 738 892 764 non
907 723 1054 774 insani,
1073 725 1146 765 sed
1159 727 1284 767 etiam
1301 728 1430 768 fuisse
1449 727 1661 791 sapientes

220 781 451 822 videantur.
513 783 562 821 In
589 779 820 821 enodandis
851 788 993 821 autem
1025 781 1280 833 nominibus,
1311 784 1427 838 quod
1455 798 1659 826 nllseran-

221 837 324 878 dum
346 838 415 887 sit,
434 837 647 878 laboratis.
697 837 916 887 Saturnus,
938 837 1039 892 quia
1056 852 1099 878 se
1119 846 1277 880 saturat
1297 840 1414 880 annis
1431 856 1440 880 z
1470 842 1659 891 Mavors,

221 895 322 949 quia
341 908 497 949 magna
516 893 664 934 vertit:
696 894 901 944 Minerva,
923 894 1022 950 quia
1042 894 1210 946 minuit,
1241 904 1314 936 aut
1334 895 1433 951 quia
1451 897 1632 938 minatur
1651 913 1661 937 t

222 951 384 1001 Venus,
424 950 523 1006 quia
561 950 673 991 venit
712 949 766 991 ad
807 949 977 991 omnia:
1011 950 1156 1002 Ceres,
1196 966 1221 992 a
1258 951 1460 1007 gerendo.
1519 954 1662 994 Quam

222 1006 460 1061 periculosa
478 1006 742 1048 consuetudo
762 1008 774 1047 ?
807 1007 850 1047 in
871 1007 1016 1048 multis
1037 1007 1148 1048 enim
1172 1009 1415 1049 nominibus
1435 1008 1663 1050 haerebitis.

223 1062 344 1104 Quid
374 1064 524 1104 Veiovi
557 1063 716 1104 facies?
761 1063 864 1119 quid
895 1063 1117 1105 Vulcano?
1163 1080 1435 1121 quamquam,
1464 1066 1664 1121 quoniam

224 1120 476 1174 Neptunum
502 1135 527 1161 a
555 1120 694 1161 nando
725 1120 984 1175 appellatum
1020 1129 1157 1176 putas,
1189 1121 1352 1162 nullum
1383 1122 1462 1163 erit
1495 1136 1666 1173 nomen,

225 1176 340 1231 quod
361 1191 445 1218 non
465 1177 600 1232 possis
619 1191 704 1218 una
722 1177 863 1217 littera
890 1177 1112 1232 explicare,
1141 1177 1252 1219 unde
1279 1178 1457 1219 ductum
1488 1178 1555 1220 sit.
1617 1179 1667 1219 In

224 1247 311 1287 quo
334 1233 502 1288 quidem
525 1234 661 1289 magis
683 1244 731 1274 tu
750 1232 855 1273 mihi
883 1243 1026 1274 natare
1053 1234 1162 1275 visus
1193 1249 1251 1284 eS,
1281 1249 1406 1289 quam
1436 1235 1525 1290 ipse
1545 1236 1666 1290 Nep-

162 1293 211 1330 63
228 1298 367 1329 tunus.
429 1291 638 1345 Magnam
663 1289 904 1330 molestiam
926 1291 1127 1345 suscepit,
1142 1299 1182 1330 et
1197 1291 1370 1331 minime
1391 1291 1667 1332 necessariam

227 1346 388 1400 primus
416 1347 550 1397 Zeno,
576 1355 672 1401 post
695 1345 938 1397 Cleanthes,
964 1346 1115 1387 deinde
1145 1347 1425 1404 Chrysippus,
1452 1362 1671 1389 commen-

227 1401 423 1443 ticiarum
460 1403 698 1444 fabularum
739 1402 914 1443 reddere
952 1403 1187 1445 rationem:
1239 1404 1556 1455 vocabulorum,
1595 1419 1671 1445 cur

227 1458 387 1514 quique
407 1459 467 1500 ita
485 1459 685 1515 appellati
706 1460 802 1511 sint,
823 1474 969 1501 causas
994 1461 1215 1515 explicare.
1248 1461 1377 1517 Quod
1398 1476 1497 1502 cum
1517 1460 1671 1511 facitis,

228 1514 334 1556 illud
355 1516 547 1571 profecto
568 1516 843 1567 confitemini,
863 1516 993 1572 longe
1014 1517 1134 1558 aliter
1165 1531 1252 1558 rem
1284 1532 1327 1558 se
1351 1517 1522 1569 habere,
1543 1526 1672 1573 atque

228 1571 453 1613 hominum
474 1573 616 1627 opinio
637 1573 715 1613 sit:
744 1587 817 1614 eos
838 1573 965 1622 enim,
987 1582 1026 1607 90
1039 1574 1111 1629 qui
1144 1573 1201 1614 dii
1227 1573 1504 1629 appellentur,
1531 1588 1671 1614 rerum

145 1624 216 1674 25
231 1637 399 1669 naturas
420 1643 524 1679 esse,
545 1644 630 1670 non
651 1630 807 1685 figuras
829 1630 1022 1670 deorum.
1082 1631 1170 1686 Qui
1198 1639 1340 1671 tantus
1371 1645 1486 1671 error
1505 1629 1601 1680 fuit,
1623 1637 1673 1670 ut

229 1685 477 1740 perniciosis
497 1686 623 1726 etiam
655 1687 780 1726 rebus
810 1700 893 1726 non
924 1686 1054 1727 modo
1084 1701 1238 1727 nomen
1269 1686 1445 1727 deorum
1468 1686 1673 1727 tribuere-

231 1750 315 1791 tur,
338 1741 410 1782 sed
432 1742 559 1782 etiam
581 1756 697 1783 sacra
718 1743 1088 1783 constituerentur.
1149 1743 1292 1783 Febris
1323 1742 1434 1783 enim
1465 1743 1610 1783 fanum
1632 1743 1674 1783 in

232 1797 408 1847 Palatio,
432 1807 475 1838 et
494 1798 679 1839 Orbonae
701 1798 754 1839 ad
775 1798 907 1839 aedem
929 1800 1101 1849 Larum,
1125 1808 1167 1840 et
1187 1814 1301 1839 aram
1332 1799 1454 1840 malae
1476 1801 1674 1840 Fortunae

169 1861 219 1898 64
233 1854 431 1909 Esquiliis
465 1863 749 1896 consecratam
783 1855 985 1895 videmus.
1047 1856 1196 1896 Omnis
1227 1856 1358 1910 igitur
1391 1856 1486 1896 talis
1518 1870 1543 1896 a
1576 1855 1674 1910 phi-

232 1911 428 1966 losophia
457 1911 636 1966 pellatur
667 1926 798 1960 error,
830 1920 890 1960 ut,
924 1926 1022 1952 cum
1053 1912 1105 1952 de
1136 1912 1214 1952 diis
1246 1912 1559 1954 immortalibus
1589 1911 1677 1953 dis·

232 1976 448 2022 putemUS,
469 1967 659 2008 dicamus
680 1968 810 2023 digna
830 1967 909 2008 diis
930 1968 1266 2010 immortalibus:
1299 1968 1350 2009 de
1373 1968 1524 2024 quibus
1545 1977 1581 2003 91
1598 1968 1676 2009 ha-

234 2024 315 2064 beo
333 2024 434 2079 ipse,
455 2024 570 2079 quod
593 2025 767 2065 sentiam
788 2040 798 2074 3
832 2039 916 2065 non
944 2024 1080 2065 habeo
1111 2035 1269 2076 autem,
1295 2025 1410 2081 quod
1429 2025 1507 2066 tibi
1534 2039 1675 2066 assen-

191 2080 329 2121 b-tiar.
388 2082 636 2135 Neptunum
670 2096 760 2122 esse
792 2081 911 2130 dieis,
943 2082 1128 2122 animum
1163 2097 1260 2123 cum
1291 2082 1571 2137 intelligentia
1602 2095 1678 2136 per

235 2151 350 2178 mare
369 2137 662 2192 pertinentem.
685 2137 795 2178 idem
813 2138 865 2178 de
889 2137 1057 2179 Cerere.
1096 2140 1250 2187 »Istam
1273 2147 1413 2179 autern
1435 2138 1676 2193 intelligen-

236 2194 336 2234 tiam
361 2202 434 2234 aut
452 2194 593 2244 maris,
616 2204 690 2235 aut
710 2203 846 2244 terrae,
867 2209 950 2235 non
981 2193 1112 2235 modo
1141 2194 1500 2250 comprehendere
1520 2195 1677 2244 animo,

236 2250 309 2291 sed
331 2265 382 2290 ne
404 2251 643 2306 suspicione
665 2250 833 2306 quidem
856 2265 1031 2306 possum
1057 2251 1279 2307 attingere.
1340 2253 1488 2307 Itaque
1510 2250 1678 2292 aliunde

236 2306 343 2347 mihi
375 2307 648 2362 quaerendum
689 2316 767 2357 est,
803 2316 852 2348 ut
885 2316 927 2348 et
959 2322 1048 2348 esse
1083 2306 1199 2358 deos,
1232 2318 1274 2349 et
1309 2308 1452 2364 quales
1487 2307 1570 2348 sint
1604 2306 1677 2358 dii,

239 2363 396 2404 discere
417 2365 575 2418 possim
596 2380 608 2414 3
639 2378 767 2418 quam
789 2364 932 2418 quales
955 2372 1001 2404 tu
1019 2379 1091 2404 eos
1111 2379 1200 2405 esse
1218 2365 1291 2405 vis.

174 2431 223 2467 65
295 2420 528 2460 Videamus
550 2435 612 2471 ea,
640 2435 735 2475 quae
765 2428 1023 2475 sequuntur:
1054 2421 1254 2475 primum,
1280 2420 1511 2461 deorumne
1539 2419 1677 2475 provi-

239 2475 381 2529 dentia
417 2476 600 2520 mundus
633 2484 832 2532 regatur:
863 2476 1028 2527 deinde,
1066 2485 1103 2511 92
1119 2477 1393 2519 consulantne
1431 2477 1556 2518 rebus
1597 2475 1677 2518 hu-

287 2596 325 2621 89
349 2596 409 2617 tum
450 2588 626 2626 intelligam,
665 2601 728 2620 cum
766 2587 936 2628 cognovero]
983 2590 1087 2619 lentur.

244 2632 406 2670 Frigidum
425 2632 485 2660 hoc
499 2633 621 2661 videtur
634 2639 662 2661 et
675 2633 851 2662 obscurum
867 2633 939 2662 viris
1027 2640 1063 2665 91
1089 2633 1174 2662 habeo
1191 2631 1212 2661 ι’.
1230 2630 1450 2674 quidsentiam]
1469 2633 1680 2663 Scribendum

243 2675 353 2705 doctis.
398 2674 565 2704 VValkerus
600 2676 723 2713 corrigit
754 2686 816 2703 cum
848 2687 882 2703 ex
914 2682 941 2703 tc
984 2676 1068 2716 quod,
1087 2676 1163 2706 item
1186 2676 1281 2706 etiam
1307 2686 1384 2706 mox
1408 2676 1485 2718 quod
1506 2676 1561 2705 tibi
1582 2687 1679 2705 assen-

244 2729 410 2756 κοξκ-ωηο,
435 2718 519 2755 quod
546 2718 654 2755 probat
673 2718 837 2747 Bulicrius.
855 2718 938 2747 vidc-
983 2718 1052 2748 tior.

244 2770 296 2791 tur
311 2760 399 2795 locus,
415 2761 544 2790 vitiosus
569 2770 644 2790 esse.
669 2761 785 2789 ironice
809 2761 939 2799 quidem
1028 2768 1066 2793 92
1090 2761 1271 2791 consulantne
1297 2762 1376 2790 rebus
1391 2760 1533 2799 humanis]
1552 2771 1596 2790 sc.
1614 2761 1679 2792 Dii.

246 2803 391 2833 locutum
416 2814 481 2832 esse
505 2803 644 2839 Cottam,
669 2803 761 2833 facile
793 2803 938 2842 intelligi.
984 2803 1043 2843 Sed
1061 2804 1123 2834 Ms.
1141 2804 1248 2833 Gudf.
1267 2805 1361 2834 habet
1377 2804 1576 2835 consulawrne
1598 2803 1678 2833 rebus

245 2854 307 2881 tur,
327 2848 343 2876 i.
362 2857 388 2876 e.
405 2848 434 2876 id
453 2846 582 2885 intelligi
601 2846 691 2876 nullo
708 2847 802 2876 modo
819 2853 929 2885 potest.
983 2846 1126 2882 Immanis,
1142 2849 1226 2886 quod
1244 2848 1322 2876 mihi
1343 2847 1458 2879 melius
1482 2847 1677 2877 antecedenti

289 2898 328 2922 90
352 2890 402 2932 qui
425 2889 466 2918 dii
489 2888 686 2929 aspellamur]
715 2890 821 2920 Immo
842 2888 940 2929 appel-
984 2891 1153 2922 convenire
1169 2891 1301 2922 videtur.
