1778 3095
265 146 344 184 546

704 148 780 185 DE
816 147 1249 186 DIVINATIONE

265 267 384 293 mum
419 254 617 310 auspicia,
652 263 695 295 et
729 254 888 311 reliqua
918 255 1127 298 divinandi
1163 270 1319 312 genera
1350 255 1561 298 valuisse?
1590 259 1688 314 quis

265 323 337 350 rex
354 325 554 366 umquam
577 310 670 361 fuit,
691 311 784 367 quis
805 313 999 368 populus,
1021 314 1093 369 qui
1122 328 1207 354 non
1237 320 1424 353 uteretur
1448 313 1688 368 praedictio-

266 380 318 406 ne
352 366 518 408 divina?
551 381 684 423 neque
713 368 851 409 solum
879 368 920 410 in
948 384 1066 425 pace,
1087 370 1160 411 sed
1187 370 1228 410 in
1258 368 1369 409 bello
1394 369 1532 411 multo
1560 370 1687 412 etiam

263 423 400 477 magis
419 440 429 464 ε
461 437 545 478 quo
562 423 699 480 majus
719 434 807 466 erat
825 435 1036 466 certamen
1053 435 1093 467 et
1116 425 1339 467 discrimen
1360 425 1518 467 salutis.
1550 427 1692 468 Omit-

265 487 311 519 to
334 489 512 529 nostros,
542 480 614 536 qui
636 481 739 522 nihil
767 481 810 522 in
839 481 952 522 bello
981 481 1069 522 sine
1098 483 1203 524 extis
1232 489 1378 537 agunt,
1408 488 1447 513 26
1465 482 1568 524 nihil
1598 483 1689 524 sine

265 535 460 588 auspiciis
489 535 604 577 domi
634 536 802 578 habent.

862 537 1066 593 Auspicia
1093 547 1262 579 externa
1288 537 1514 579 videamus.

1573 540 1688 581 Nam

263 600 308 632 et
335 590 614 633 Athenienses
652 594 847 634 omnibus
887 607 1052 648 semper
1090 594 1269 649 publicis
1308 595 1492 636 consiliis
1526 595 1689 637 divinos

263 647 469 702 quosdam
503 649 753 700 sacerdotes,
790 663 895 704 quos
926 650 1071 702 μάντεις
1101 659 1262 701 vocant,
1297 651 1609 693 adhibuerunt:
1645 661 1690 693 et

262 704 576 746 Lacedaemonii
609 706 779 759 regibus
809 705 895 746 suis
933 720 1139 760 augurem
1169 720 1418 748 assessorem
1453 707 1687 759 dederunt;

259 759 448 817 itemque
469 762 636 802 senibus
658 761 733 815 (sic
753 761 864 801 enim
885 762 1106 802 consilium
1127 761 1343 817 publicum
1359 764 1587 819 appellant)
1611 779 1688 806 au-

260 829 413 871 gurem
450 817 647 857 interesse
678 817 926 859 voluerunt:
971 817 1183 873 iidemque
1214 818 1267 859 de
1297 818 1422 860 rebus
1456 821 1687 876 majoribus

262 887 426 928 semper
453 881 525 913 aut
555 872 734 929 Delphis
756 873 990 925 oraculum,
1010 884 1083 916 aut
1104 875 1157 915 ab
1178 876 1434 926 Hammone,
1454 887 1526 917 aut
1546 891 1571 917 a
1590 878 1687 918 Do-

198 937 251 983 96
263 928 372 969 dona
408 929 621 984 petebant.

679 931 904 987 Lycurgus
940 930 1124 986 quidem,
1155 931 1228 987 qui
1267 931 1684 974 Lacedaemoniorum

261 985 565 1040 rempublicam
605 987 863 1042 temperavit,
900 987 1018 1042 leges
1056 1002 1151 1028 suas
1190 987 1439 1029 auctoritate
1475 988 1687 1043 Apollinis

259 1041 460 1096 Delphici
480 1043 755 1084 confirmavit.
776 1058 878 1099 quas
899 1058 998 1084 cum
1017 1044 1141 1085 vellet
1167 1043 1384 1100 Lysander
1410 1054 1686 1096 commutare,

260 1097 408 1139 eadem
430 1107 495 1140 est
520 1099 758 1154 prohibitus
788 1099 1006 1154 religione.
1064 1102 1208 1155 Atque
1228 1100 1369 1150 etiam,
1390 1101 1462 1156 qui
1481 1110 1687 1156 praeerant

257 1154 606 1207 Lacedaemoniis,
637 1171 722 1197 non
759 1156 946 1198 contenti
975 1156 1242 1212 vigilantibus
1277 1157 1402 1207 euris,
1432 1156 1474 1197 in
1513 1165 1550 1194 27
1574 1158 1687 1199 Pasi-

257 1210 379 1265 phaae
406 1211 518 1263 fano,
548 1213 662 1267 quod
693 1220 757 1253 est
792 1213 833 1253 in
870 1227 974 1268 agro
1001 1221 1172 1269 propter
1202 1213 1365 1263 urbem,
1398 1221 1436 1245 28
1451 1214 1688 1256 somniandi

259 1281 385 1308 causa
412 1268 689 1319 excubabant,
711 1269 809 1324 quia
831 1283 927 1310 vera
955 1270 1104 1324 quietis
1135 1269 1305 1311 oracula
1334 1268 1557 1311 ducebant.

727 1334 767 1360 29
782 1326 962 1368 Quoties
991 1335 1159 1368 senatus
1188 1326 1445 1368 decemviros
1473 1326 1527 1367 ad
1555 1326 1689 1369 libros

192 1333 245 1375 97
259 1332 400 1365 nostra
417 1324 509 1380 jam
531 1324 667 1366 redeo.

257 1380 317 1420 ire
342 1381 497 1445 jussit?
537 1383 703 1437 quantis
734 1382 776 1423 in
810 1383 951 1434 rebus,

1614 1270 1687 1311 Ad

986 1397 1197 1439 quamque
1229 1397 1341 1447 saepe
1367 1383 1577 1438 responsis
1610 1383 1687 1424 ha-

256 1451 470 1491 ruspicum
510 1438 680 1493 paruit?
727 1440 842 1480 Nam
880 1448 924 1481 et
960 1453 1058 1480 cum
1095 1439 1182 1481 duo
1211 1454 1284 1480 vlsl
1324 1439 1432 1480 soles
1461 1449 1613 1490 essent,
1643 1448 1687 1481 et

255 1508 354 1534 cum
379 1503 463 1535 tres
487 1494 612 1546 lunae,
639 1504 682 1536 et
709 1510 807 1537 cum
835 1496 964 1547 faces,
991 1503 1033 1537 et
1061 1510 1159 1537 eum
1185 1496 1249 1537 sol
1275 1504 1399 1537 nocte
1422 1496 1533 1537 visus
1560 1505 1684 1547 esset,

254 1558 298 1590 et
326 1565 423 1591 cum
450 1564 472 1591 e
493 1551 603 1592 coelo
627 1552 817 1593 fremitus
846 1552 1030 1603 auditus,
1059 1561 1102 1594 et
1130 1567 1229 1594 cum
1259 1553 1416 1593 coelum
1445 1552 1685 1594 discessisse

253 1607 387 1648 visum
417 1616 494 1658 est,
516 1617 643 1664 atque
672 1608 715 1650 in
745 1623 796 1650 eo
826 1608 1098 1650 animadversi
1126 1609 1260 1664 globi.

1318 1616 1359 1641 2³0
1371 1609 1527 1649 Delata
1554 1609 1681 1650 etiam

212 1671 244 1703 b.
255 1662 309 1703 ad
339 1673 531 1705 senatum
558 1664 675 1706 labes
700 1665 791 1721 agri
821 1665 1079 1716 Privernatis,
1098 1679 1196 1707 cum
1222 1665 1277 1706 ad
1305 1665 1509 1706 infinitam
1536 1664 1683 1707 altitu-

253 1718 394 1761 dinem
432 1728 542 1761 terra
579 1720 822 1772 desedisset,
852 1721 1093 1777 Apuliaque
1122 1721 1314 1763 maximis
1345 1730 1466 1762 terrae
1494 1721 1682 1762 motibus

251 1785 529 1831 conquassata
547 1786 685 1819 esset:
715 1778 868 1834 quibus
887 1778 1090 1833 portentis
1115 1792 1272 1832 magna
1299 1777 1459 1832 populo
1489 1778 1682 1819 Romano

251 1832 362 1873 bella
400 1833 729 1890 perniciosaeque
763 1834 989 1876 seditiones
1025 1834 1405 1875 denuntiabantur:
1454 1833 1580 1889 inque
1614 1834 1680 1875 his

250 1889 448 1931 omnibus
482 1904 681 1945 responsa
711 1891 982 1946 haruspicum
1017 1905 1116 1932 cum
1155 1889 1328 1946 Sibyllae
1360 1889 1546 1931 versibus
1575 1904 1680 1931 con-

188 1948 238 1990 98
249 1946 473 2001 gruebant.
531 1946 661 2004 Quid,
702 1962 801 1989 cum
833 1947 982 1989 Cumis
1010 1946 1171 2003 Apollo
1203 1946 1380 1997 sudavit,
1411 1946 1570 2002 Capuae
1599 1947 1678 1989 Vi-

291 2108 332 2133 26
361 2103 439 2133 nihil
464 2103 523 2133 sine
552 2103 687 2144 auspiciis
717 2104 791 2133 darni
819 2101 938 2143 habent]

247 2145 427 2185 Nunquam
450 2146 483 2175 ero*
501 2147 604 2177 habent
624 2156 821 2187 concoquere
842 2148 941 2187 potui.

246 2188 349 2227 placet
379 2190 498 2220 Davisii
520 2192 714 2230 conjectura,
737 2191 769 2221 id
797 2200 862 2221 esse
889 2191 942 2220 de-

246 2231 393 2270 lendum,
415 2233 582 2263 insititiurn
605 2235 735 2273 quippe,
759 2240 789 2264 et
810 2243 829 2264 a
851 2234 943 2264 libra-

244 2275 296 2305 riis
313 2276 526 2315 undecunque
542 2283 733 2307 assumtum.

289 2324 327 2352 27
353 2317 524 2358 Pasiphaae]
542 2320 635 2359 Apud
657 2320 791 2350 Pausan.
809 2319 869 2355 111,
887 2324 939 2350 26.

243 2359 358 2391 dicitur
369 2362 491 2401 Paphiae
504 2362 629 2400 fanum,
642 2363 697 2393 ubi
710 2370 817 2393 tamen
830 2363 939 2392 Meur-

241 2405 308 2434 sius
331 2412 361 2434 et
384 2403 471 2445 Sylb.
495 2406 655 2445 corrigunt
671 2405 840 2444 Pasipha'e's‚
863 2415 939 2436 con-

242 2448 399 2486 sentitque
429 2448 589 2479 Plutarch.
619 2449 650 2478 in
674 2449 773 2487 Agide
802 2455 833 2478 et
860 2449 936 2478 Ter-

243 2489 396 2522 tullianus
427 2492 464 2521 de
493 2493 602 2521 anima
625 2501 652 2521 c.
676 2496 725 2521 46,
759 2492 843 2530 apud
872 2492 936 2521 Da·

242 2532 374 2569 visium,
390 2540 420 2563 et
437 2534 585 2572 Leopard.
603 2534 737 2564 Emend.
753 2534 844 2569 VIII,
862 2542 892 2564 4.

287 2581 327 2605 28
350 2575 508 2604 somniandi
520 2587 605 2605 causa
615 2576 804 2614 excubabant]
824 2576 934 2606 Enim-

242 2626 315 2647 vero
338 2625 460 2648 constat
481 2619 676 2655 dormivisse,
700 2628 764 2648 non
780 2619 932 2657 vigilasse.

242 2660 411 2691 Manutius
440 2662 612 2699 corrigebat
637 2661 822 2697 incubabant,
850 2662 935 2700 quod

241 2710 287 2733 est
302 2704 436 2734 verbum
460 2704 492 2733 in
515 2705 575 2733 hac
600 2714 630 2734 re
653 2704 820 2740 usitatum,
840 2704 934 2743 idque

241 2745 417 2777 Lambinus
433 2747 464 2776 in
489 2747 681 2786 quibusdam
703 2746 788 2776 libris
805 2755 838 2776 se
860 2746 934 2777 dicit

240 2790 408 2828 reperisse:
445 2799 511 2819 non
540 2790 628 2826 dicit,
662 2790 789 2828 quibus.
825 2789 934 2828 probat

240 2832 456 2870 conjecturam
479 2833 575 2862 etiarn
605 2833 764 2869 Davisius,
789 2841 847 2862 nec
873 2833 933 2862 mi-

240 2883 299 2911 nus
324 2876 388 2915 ipse
409 2877 455 2908 sic
479 2875 647 2916 legendum
672 2882 761 2915 put0,
777 2882 832 2906 aut
847 2875 932 2906 cuba-

984 2104 1077 2143 bant;
1100 2105 1160 2135 nisi
1178 2113 1252 2134 vero
1270 2102 1449 2133 excubabant
1466 2109 1524 2140 est,
1542 2103 1679 2134 dormie-

983 2148 1061 2177 bant
1089 2148 1169 2178 dum
1205 2147 1388 2186 evigilarent
1420 2147 1520 2176 satiati
1549 2156 1677 2178 somno-

984 2200 1061 2222 narn
1083 2198 1114 2221 et
1127 2190 1235 2230 vigiles
1258 2191 1408 2220 dicuntur
1429 2189 1579 2226 excubare,
1602 2189 1678 2229 quia

984 2243 1039 2273 pet
1068 2239 1167 2264 totam
1197 2240 1325 2263 noctem
1354 2232 1474 2263 cubant
1501 2232 1677 2272 vigilantes.

981 2277 1230 2316 Xenophontem
1251 2277 1283 2307 in
1304 2276 1364 2305 hae
1384 2285 1416 2306 re
1438 2273 1616 2304 ἔκκαθεύδειν
1629 2275 1677 2304 di-

981 2320 1064 2350 xisse
1085 2321 1128 2350 ait
1152 2319 1201 2350 Cl.
1225 2318 1432 2349 valkenarius
1454 2319 1492 2347 ad
1523 2317 1675 2347 Herodot.

982 2372 1013 2402 p·
1025 2363 1290 2438 ggassliio’ties—-ire
1302 2401 1405 2443 jussit]
1425 2403 1504 2433 Haec
1520 2402 1614 2432 verba
1628 2412 1676 2433 re-

978 2454 1128 2487 petuntur
1146 2449 1178 2478 in
1202 2447 1286 2477 libris
1306 2446 1394 2476 initio
1411 2455 1480 2485 cap.
1497 2453 1549 2475 44.
1594 2446 1674 2477 Inde

978 2492 1043 2521 huc
1066 2490 1171 2520 retulit
1192 2488 1285 2519 verba
1315 2489 1356 2518 ibi
1385 2488 1548 2528 sequentia
1576 2488 1674 2519 Davi-

977 2534 1042 2563 sius
1056 2545 1062 2562 :
1088 2532 1204 2574 quantis
1219 2531 1248 2560 in
1267 2531 1358 2567 rebus,
1375 2541 1518 2572 quamque
1537 2537 1611 2570 saepe
1628 2542 1675 2560 re-

976 2575 1081 2614 sponsis
1109 2574 1289 2613 haruspicum
1314 2574 1444 2612 paruit:
1481 2583 1578 2613 quern
1613 2582 1672 2604 nos

977 2618 1089 2648 imitati
1117 2626 1242 2653 sumus,
1267 2617 1343 2655 quia
1371 2618 1403 2646 in
1433 2616 1587 2656 exemplis
1617 2617 1672 2650 hie

975 2660 1124 2698 subjectis
1140 2661 1344 2699 haruspicum
1361 2660 1491 2689 mentio.

1019 2709 1059 2734 80
1077 2702 1186 2732 Delata
1197 2702 1284 2731 etiam
1296 2702 1336 2732 ad
1345 2708 1473 2732 senatum
1484 2700 1572 2737 labes,
1589 2697 1668 2741 &c.]

975 2746 1056 2776 Tota
1077 2747 1175 2776 oratio
1198 2747 1269 2776 inde
1291 2745 1331 2775 ab
1354 2745 1455 2782 initio,
1472 2745 1552 2775 Nam
1566 2743 1674 2781 etiam,

976 2799 1041 2819 non
1068 2789 1216 2820 cohaeret.
1261 2787 1390 2826 Conjeci
1417 2789 1470 2818 hic
1495 2787 1668 2827 legendum

975 2841 1040 2862 esse
1063 2831 1126 2861 labe
1146 2839 1176 2864 et
1199 2839 1269 2873 post
1282 2832 1313 2861 in
1327 2831 1371 2862 bix
1385 2829 1520 2864 omnibus.
1543 2839 1599 2870 pro
1622 2829 1668 2860 ἰη-

974 2885 1028 2915 que
1043 2874 1086 2904 his
1101 2886 1126 2904 ο.
