<?xml version="1.0" encoding="UTF-8"?>
<!DOCTYPE html PUBLIC "-//W3C//DTD XHTML 1.0 Transitional//EN"
    "http://www.w3.org/TR/xhtml1/DTD/xhtml1-transitional.dtd">
<html xmlns="http://www.w3.org/1999/xhtml" xml:lang="en" lang="en">
 <head>
  <title>
</title>
<meta http-equiv="Content-Type" content="text/html;charset=utf-8" />
  <meta name='ocr-system' content='tesseract 3.04.00' />
  <meta name='ocr-capabilities' content='ocr_page ocr_carea ocr_par ocr_line ocrx_word'/>
</head>
<body>
  <div class='ocr_page' id='page_1' title='image "./p1operaomnia04ciceuoft_0587.png"; bbox 0 0 1778 3095; ppageno 0'>
   <div class='ocr_carea' id='block_1_1' title="bbox 537 135 1525 177">
    <p class='ocr_par' dir='ltr' id='par_1_1' title="bbox 537 135 1525 177">
     <span class='ocr_line' id='line_1_1' title="bbox 537 135 1525 177; baseline 0.006 -6"><span class='ocrx_word' id='word_1_1' title='bbox 537 135 716 174; x_wconf 90' lang='lat' dir='ltr'>LIBER</span> <span class='ocrx_word' id='word_1_2' title='bbox 756 135 1091 174; x_wconf 87' lang='lat' dir='ltr'><strong>SECUNDUS.</strong></span> <span class='ocrx_word' id='word_1_3' title='bbox 1447 135 1525 177; x_wconf 78' lang='lat'><em>⁵79</em></span> 
     </span>
    </p>
   </div>
   <div class='ocr_carea' id='block_1_2' title="bbox 200 242 1182 990">
    <p class='ocr_par' dir='ltr' id='par_1_2' title="bbox 206 242 997 293">
     <span class='ocr_line' id='line_1_2' title="bbox 206 242 997 293; baseline 0.004 -13"><span class='ocrx_word' id='word_1_4' title='bbox 206 242 382 293; x_wconf 75' lang='lat' dir='ltr'><em>Cuifirus</em></span> <span class='ocrx_word' id='word_1_5' title='bbox 400 244 537 280; x_wconf 83' lang='lat' dir='ltr'><em>immani</em></span> <span class='ocrx_word' id='word_1_6' title='bbox 554 245 705 282; x_wconf 75' lang='lat' dir='ltr'><em>laniavit</em></span> <span class='ocrx_word' id='word_1_7' title='bbox 725 245 856 282; x_wconf 77' lang='lat' dir='ltr'><em>viscera</em></span> <span class='ocrx_word' id='word_1_8' title='bbox 873 259 997 283; x_wconf 87' lang='lat' dir='ltr'><em>morsu.</em></span> 
     </span>
    </p>

    <p class='ocr_par' dir='ltr' id='par_1_3' title="bbox 202 296 1180 400">
     <span class='ocr_line' id='line_1_3' title="bbox 202 296 1180 349; baseline 0.003 -17"><span class='ocrx_word' id='word_1_9' title='bbox 202 296 319 340; x_wconf 87' lang='lat' dir='ltr'><em>Hunc,</em></span> <span class='ocrx_word' id='word_1_10' title='bbox 338 297 397 334; x_wconf 78' lang='lat' dir='ltr'><em>ubi</em></span> <span class='ocrx_word' id='word_1_11' title='bbox 415 307 484 334; x_wconf 85' lang='lat' dir='ltr'><em>tam</em></span> <span class='ocrx_word' id='word_1_12' title='bbox 504 304 626 335; x_wconf 83' lang='lat' dir='ltr'><em>teneros</em></span> <span class='ocrx_word' id='word_1_13' title='bbox 643 298 794 335; x_wconf 81' lang='lat' dir='ltr'><em>volucres</em></span> <span class='ocrx_word' id='word_1_14' title='bbox 814 306 1017 349; x_wconf 84' lang='lat' dir='ltr'><em>matremque</em></span> <span class='ocrx_word' id='word_1_15' title='bbox 1028 298 1180 349; x_wconf 74' lang='lat' dir='ltr'><em>peremit,</em></span> 
     </span>
     <span class='ocr_line' id='line_1_4' title="bbox 205 349 999 400; baseline 0.004 -15"><span class='ocrx_word' id='word_1_16' title='bbox 205 351 276 400; x_wconf 76' lang='lat' dir='ltr'><em>Qui</em></span> <span class='ocrx_word' id='word_1_17' title='bbox 295 351 361 387; x_wconf 81' lang='lat' dir='ltr'><em>luci</em></span> <span class='ocrx_word' id='word_1_18' title='bbox 378 349 539 394; x_wconf 77' lang='lat' dir='ltr'><em>ediderat,</em></span> <span class='ocrx_word' id='word_1_19' title='bbox 553 351 686 400; x_wconf 81' lang='lat' dir='ltr'><em>genitor</em></span> <span class='ocrx_word' id='word_1_20' title='bbox 707 351 890 388; x_wconf 84' lang='lat' dir='ltr'><em>Saturnius</em></span> <span class='ocrx_word' id='word_1_21' title='bbox 914 351 999 388; x_wconf 85' lang='lat' dir='ltr'><em>idem</em></span> 
     </span>
    </p>

    <p class='ocr_par' dir='ltr' id='par_1_4' title="bbox 200 402 1033 454">
     <span class='ocr_line' id='line_1_5' title="bbox 200 402 1033 454; baseline 0.001 -15"><span class='ocrx_word' id='word_1_22' title='bbox 200 402 358 446; x_wconf 80' lang='lat' dir='ltr'><em>Abdidit,</em></span> <span class='ocrx_word' id='word_1_23' title='bbox 376 413 407 440; x_wconf 85' lang='lat' dir='ltr'><em>ct</em></span> <span class='ocrx_word' id='word_1_24' title='bbox 436 409 474 433; x_wconf 78' lang='lat'><em>⁵4</em></span> <span class='ocrx_word' id='word_1_25' title='bbox 488 403 754 452; x_wconf 78' lang='lat' dir='ltr'><em>durofhrmavit</em></span> <span class='ocrx_word' id='word_1_26' title='bbox 773 405 921 454; x_wconf 74' lang='lat' dir='ltr'><em>tegmina</em></span> <span class='ocrx_word' id='word_1_27' title='bbox 939 418 1033 441; x_wconf 82' lang='lat' dir='ltr'><em>saxo.</em></span> 
     </span>
    </p>

    <p class='ocr_par' dir='ltr' id='par_1_5' title="bbox 200 456 1046 550">
     <span class='ocr_line' id='line_1_6' title="bbox 200 456 1046 495; baseline 0.001 -3"><span class='ocrx_word' id='word_1_28' title='bbox 200 456 274 493; x_wconf 80' lang='lat' dir='ltr'><em>Nos</em></span> <span class='ocrx_word' id='word_1_29' title='bbox 294 464 406 494; x_wconf 87' lang='lat' dir='ltr'><em>autem</em></span> <span class='ocrx_word' id='word_1_30' title='bbox 426 456 536 495; x_wconf 83' lang='lat' dir='ltr'><em>timidi</em></span> <span class='ocrx_word' id='word_1_31' title='bbox 553 465 678 495; x_wconf 84' lang='lat' dir='ltr'><em>stantes</em></span> <span class='ocrx_word' id='word_1_32' title='bbox 698 457 848 495; x_wconf 78' lang='lat' dir='ltr'><em>mirabile</em></span> <span class='ocrx_word' id='word_1_33' title='bbox 866 467 1046 495; x_wconf 85' lang='lat' dir='ltr'><em>monstrum</em></span> 
     </span>
     <span class='ocr_line' id='line_1_7' title="bbox 205 509 973 550; baseline 0.003 -3"><span class='ocrx_word' id='word_1_34' title='bbox 205 509 360 550; x_wconf 81' lang='lat' dir='ltr'><em>Vidimus</em></span> <span class='ocrx_word' id='word_1_35' title='bbox 380 511 415 546; x_wconf 80' lang='lat' dir='ltr'><em>in</em></span> <span class='ocrx_word' id='word_1_36' title='bbox 433 511 547 548; x_wconf 79' lang='lat' dir='ltr'><em>mediis</em></span> <span class='ocrx_word' id='word_1_37' title='bbox 566 511 685 549; x_wconf 59' lang='lat' dir='ltr'><em>divam</em></span> <span class='ocrx_word' id='word_1_38' title='bbox 705 512 873 549; x_wconf 80' lang='lat' dir='ltr'><em>versarier</em></span> <span class='ocrx_word' id='word_1_39' title='bbox 890 511 973 549; x_wconf 89' lang='lat' dir='ltr'><em>aris.</em></span> 
     </span>
    </p>

    <p class='ocr_par' dir='ltr' id='par_1_6' title="bbox 200 563 1101 723">
     <span class='ocr_line' id='line_1_8' title="bbox 202 563 1006 611; baseline 0.002 -11"><span class='ocrx_word' id='word_1_40' title='bbox 202 563 288 600; x_wconf 83' lang='lat' dir='ltr'><em>Tum</em></span> <span class='ocrx_word' id='word_1_41' title='bbox 312 563 459 602; x_wconf 86' lang='lat' dir='ltr'><em>Calchas</em></span> <span class='ocrx_word' id='word_1_42' title='bbox 478 564 550 602; x_wconf 82' lang='lat' dir='ltr'><em>baec</em></span> <span class='ocrx_word' id='word_1_43' title='bbox 567 575 614 602; x_wconf 81' lang='lat' dir='ltr'><em>est</em></span> <span class='ocrx_word' id='word_1_44' title='bbox 620 564 747 611; x_wconf 83' lang='lat' dir='ltr'><em>fidenti</em></span> <span class='ocrx_word' id='word_1_45' title='bbox 765 578 845 602; x_wconf 78' lang='lat' dir='ltr'><em>voce</em></span> <span class='ocrx_word' id='word_1_46' title='bbox 864 565 1006 602; x_wconf 79' lang='lat' dir='ltr'><em>locutus.</em></span> 
     </span>
     <span class='ocr_line' id='line_1_9' title="bbox 205 616 1101 669; baseline 0 -17"><span class='ocrx_word' id='word_1_47' title='bbox 205 616 376 665; x_wconf 76' lang='lat' dir='ltr'><em>Quidnam</em></span> <span class='ocrx_word' id='word_1_48' title='bbox 395 626 552 669; x_wconf 78' lang='lat' dir='ltr'><em>torpentes</em></span> <span class='ocrx_word' id='word_1_49' title='bbox 569 618 677 655; x_wconf 86' lang='lat' dir='ltr'><em>subito</em></span> <span class='ocrx_word' id='word_1_50' title='bbox 701 618 916 669; x_wconf 83' lang='lat' dir='ltr'><em>obstupuistis</em></span> <span class='ocrx_word' id='word_1_51' title='bbox 935 617 1064 655; x_wconf 81' lang='lat' dir='ltr'><em>Achivi</em></span> <span class='ocrx_word' id='word_1_52' title='bbox 1079 619 1101 652; x_wconf 82' lang='lat'><em>?</em></span> 
     </span>
     <span class='ocr_line' id='line_1_10' title="bbox 200 669 1030 723; baseline 0.004 -19"><span class='ocrx_word' id='word_1_53' title='bbox 200 669 309 705; x_wconf 79' lang='lat' dir='ltr'><em>Nobis</em></span> <span class='ocrx_word' id='word_1_54' title='bbox 327 669 399 708; x_wconf 82' lang='lat' dir='ltr'><em>baec</em></span> <span class='ocrx_word' id='word_1_55' title='bbox 410 681 567 722; x_wconf 82' lang='lat' dir='ltr'><em>portenta</em></span> <span class='ocrx_word' id='word_1_56' title='bbox 586 672 681 709; x_wconf 61' lang='lat' dir='ltr'><em>dczim</em></span> <span class='ocrx_word' id='word_1_57' title='bbox 700 671 791 709; x_wconf 70' lang='lat' dir='ltr'><em>dedit</em></span> <span class='ocrx_word' id='word_1_58' title='bbox 807 673 874 723; x_wconf 89' lang='lat' dir='ltr'><em>ipse</em></span> <span class='ocrx_word' id='word_1_59' title='bbox 890 680 1030 715; x_wconf 84' lang='lat' dir='ltr'><em>creator,</em></span> 
     </span>
    </p>

    <p class='ocr_par' dir='ltr' id='par_1_7' title="bbox 201 721 1182 828">
     <span class='ocr_line' id='line_1_11' title="bbox 203 721 1182 775; baseline 0.003 -17"><span class='ocrx_word' id='word_1_60' title='bbox 203 721 336 767; x_wconf 84' lang='lat' dir='ltr'><em>Tarda,</em></span> <span class='ocrx_word' id='word_1_61' title='bbox 355 733 387 761; x_wconf 82' lang='lat' dir='ltr'><em>et</em></span> <span class='ocrx_word' id='word_1_62' title='bbox 405 738 480 762; x_wconf 79' lang='lat' dir='ltr'><em>sera</em></span> <span class='ocrx_word' id='word_1_63' title='bbox 499 726 597 762; x_wconf 82' lang='lat' dir='ltr'><em>nimis</em></span> <span class='ocrx_word' id='word_1_64' title='bbox 612 742 623 762; x_wconf 93' lang='lat'><em>:</em></span> <span class='ocrx_word' id='word_1_65' title='bbox 652 725 710 763; x_wconf 83' lang='lat' dir='ltr'><em>sed</em></span> <span class='ocrx_word' id='word_1_66' title='bbox 712 726 833 774; x_wconf 86' lang='lat' dir='ltr'><em>fama,</em></span> <span class='ocrx_word' id='word_1_67' title='bbox 851 739 893 762; x_wconf 88' lang='lat' dir='ltr'><em>ac</em></span> <span class='ocrx_word' id='word_1_68' title='bbox 911 724 1011 762; x_wconf 72' lang='lat' dir='ltr'><em>laude</em></span> <span class='ocrx_word' id='word_1_69' title='bbox 1024 722 1182 775; x_wconf 81' lang='lat' dir='ltr'><em>peremni.</em></span> 
     </span>
     <span class='ocr_line' id='line_1_12' title="bbox 201 775 1066 828; baseline 0.002 -16"><span class='ocrx_word' id='word_1_70' title='bbox 201 775 297 812; x_wconf 89' lang='lat' dir='ltr'><em>Nam</em></span> <span class='ocrx_word' id='word_1_71' title='bbox 316 788 394 828; x_wconf 80' lang='lat' dir='ltr'><em>quot</em></span> <span class='ocrx_word' id='word_1_72' title='bbox 410 792 494 815; x_wconf 83' lang='lat' dir='ltr'><em>aves</em></span> <span class='ocrx_word' id='word_1_73' title='bbox 512 788 610 815; x_wconf 83' lang='lat' dir='ltr'><em>taetro</em></span> <span class='ocrx_word' id='word_1_74' title='bbox 629 788 796 816; x_wconf 84' lang='lat' dir='ltr'><em>mactatas</em></span> <span class='ocrx_word' id='word_1_75' title='bbox 815 778 910 816; x_wconf 85' lang='lat' dir='ltr'><em>dente</em></span> <span class='ocrx_word' id='word_1_76' title='bbox 927 778 1066 822; x_wconf 81' lang='lat' dir='ltr'><em>videtis,</em></span> 
     </span>
    </p>

    <p class='ocr_par' dir='ltr' id='par_1_8' title="bbox 200 828 1152 990">
     <span class='ocr_line' id='line_1_13' title="bbox 203 828 1077 879; baseline 0.003 -14"><span class='ocrx_word' id='word_1_77' title='bbox 203 828 268 866; x_wconf 83' lang='lat' dir='ltr'><em>Tot</em></span> <span class='ocrx_word' id='word_1_78' title='bbox 283 844 340 867; x_wconf 88' lang='lat' dir='ltr'><em>nos</em></span> <span class='ocrx_word' id='word_1_79' title='bbox 358 831 409 868; x_wconf 89' lang='lat' dir='ltr'><em>ad</em></span> <span class='ocrx_word' id='word_1_80' title='bbox 426 832 561 879; x_wconf 69' lang='lat' dir='ltr'><em>Tny’am</em></span> <span class='ocrx_word' id='word_1_81' title='bbox 582 832 658 870; x_wconf 88' lang='lat' dir='ltr'><em>belli</em></span> <span class='ocrx_word' id='word_1_82' title='bbox 677 832 930 870; x_wconf 80' lang='lat' dir='ltr'><em>exanclabimus</em></span> <span class='ocrx_word' id='word_1_83' title='bbox 947 845 1051 869; x_wconf 91' lang='lat' dir='ltr'><em>annos</em></span> <span class='ocrx_word' id='word_1_84' title='bbox 1064 847 1077 868; x_wconf 80' lang='lat'><em>.-</em></span> 
     </span>
     <span class='ocr_line' id='line_1_14' title="bbox 200 884 1079 936; baseline 0.002 -17"><span class='ocrx_word' id='word_1_85' title='bbox 200 884 300 930; x_wconf 61' lang='lat' dir='ltr'><em>Qlae</em></span> <span class='ocrx_word' id='word_1_86' title='bbox 316 884 438 921; x_wconf 83' lang='lat' dir='ltr'><em>decimo</em></span> <span class='ocrx_word' id='word_1_87' title='bbox 456 885 564 929; x_wconf 80' lang='lat' dir='ltr'><em>cadet,</em></span> <span class='ocrx_word' id='word_1_88' title='bbox 584 895 615 923; x_wconf 85' lang='lat' dir='ltr'><em>et</em></span> <span class='ocrx_word' id='word_1_89' title='bbox 626 897 732 936; x_wconf 84' lang='lat' dir='ltr'><em>poena</em></span> <span class='ocrx_word' id='word_1_90' title='bbox 751 886 896 923; x_wconf 81' lang='lat' dir='ltr'><em>satiabit</em></span> <span class='ocrx_word' id='word_1_91' title='bbox 916 885 1079 922; x_wconf 78' lang='lat' dir='ltr'><em>Achivos.</em></span> 
     </span>
     <span class='ocr_line' id='line_1_15' title="bbox 201 936 1152 990; baseline 0.002 -17"><span class='ocrx_word' id='word_1_92' title='bbox 201 936 322 974; x_wconf 83' lang='lat' dir='ltr'><em>Edidit</em></span> <span class='ocrx_word' id='word_1_93' title='bbox 341 938 414 975; x_wconf 74' lang='lat' dir='ltr'><em>haec</em></span> <span class='ocrx_word' id='word_1_94' title='bbox 433 939 578 976; x_wconf 78' lang='lat' dir='ltr'><em>Calchas</em></span> <span class='ocrx_word' id='word_1_95' title='bbox 593 955 606 976; x_wconf 92' lang='lat'><em>.·</em></span> <span class='ocrx_word' id='word_1_96' title='bbox 637 947 674 970; x_wconf 84' lang='lat'><em>5⁵</em></span> <span class='ocrx_word' id='word_1_97' title='bbox 687 953 764 990; x_wconf 77' lang='lat' dir='ltr'><em>quae</em></span> <span class='ocrx_word' id='word_1_98' title='bbox 771 939 850 987; x_wconf 86' lang='lat' dir='ltr'><em>jam</em></span> <span class='ocrx_word' id='word_1_99' title='bbox 866 946 1004 976; x_wconf 83' lang='lat' dir='ltr'><em>matura</em></span> <span class='ocrx_word' id='word_1_100' title='bbox 1016 937 1152 976; x_wconf 80' lang='lat' dir='ltr'><em>videtis.</em></span> 
     </span>
    </p>
   </div>
   <div class='ocr_carea' id='block_1_3' title="bbox 94 1008 1547 2597">
    <p class='ocr_par' dir='ltr' id='par_1_9' title="bbox 94 1008 1547 2597">
     <span class='ocr_line' id='line_1_16' title="bbox 95 1008 1531 1068; baseline 0 -18"><span class='ocrx_word' id='word_1_101' title='bbox 95 1008 208 1051; x_wconf 77' lang='lat' dir='ltr'><em>Quae</em></span> <span class='ocrx_word' id='word_1_102' title='bbox 237 1009 406 1051; x_wconf 81' lang='lat' dir='ltr'><em>tandem</em></span> <span class='ocrx_word' id='word_1_103' title='bbox 435 1011 517 1053; x_wconf 86' lang='lat' dir='ltr'><em>ista</em></span> <span class='ocrx_word' id='word_1_104' title='bbox 541 1011 765 1067; x_wconf 87' lang='lat' dir='ltr'><em>auguratio</em></span> <span class='ocrx_word' id='word_1_105' title='bbox 787 1020 851 1054; x_wconf 87' lang='lat' dir='ltr'><em>est</em></span> <span class='ocrx_word' id='word_1_106' title='bbox 880 1026 932 1054; x_wconf 84' lang='lat' dir='ltr'><em>ex</em></span> <span class='ocrx_word' id='word_1_107' title='bbox 951 1010 1203 1068; x_wconf 80' lang='lat' dir='ltr'><em>passeribus,</em></span> <span class='ocrx_word' id='word_1_108' title='bbox 1225 1023 1430 1051; x_wconf 83' lang='lat' dir='ltr'><em>annorum</em></span> <span class='ocrx_word' id='word_1_109' title='bbox 1453 1022 1531 1065; x_wconf 91' lang='lat' dir='ltr'><em>po-</em></span> 
     </span>
     <span class='ocr_line' id='line_1_17' title="bbox 94 1066 1532 1121; baseline 0 -15"><span class='ocrx_word' id='word_1_110' title='bbox 94 1066 194 1116; x_wconf 86' lang='lat' dir='ltr'><em>tius,</em></span> <span class='ocrx_word' id='word_1_111' title='bbox 216 1081 343 1121; x_wconf 86' lang='lat' dir='ltr'><em>quam</em></span> <span class='ocrx_word' id='word_1_112' title='bbox 369 1075 444 1109; x_wconf 88' lang='lat' dir='ltr'><em>aut</em></span> <span class='ocrx_word' id='word_1_113' title='bbox 464 1068 689 1120; x_wconf 84' lang='lat' dir='ltr'><em>mensium,</em></span> <span class='ocrx_word' id='word_1_114' title='bbox 710 1079 784 1110; x_wconf 88' lang='lat' dir='ltr'><em>aut</em></span> <span class='ocrx_word' id='word_1_115' title='bbox 808 1069 971 1110; x_wconf 89' lang='lat' dir='ltr'><em>dierum</em></span> <span class='ocrx_word' id='word_1_116' title='bbox 990 1070 1004 1110; x_wconf 83' lang='lat'>?</span> <span class='ocrx_word' id='word_1_117' title='bbox 1037 1083 1112 1110; x_wconf 88' lang='lat' dir='ltr'><em>cur</em></span> <span class='ocrx_word' id='word_1_118' title='bbox 1131 1075 1273 1109; x_wconf 81' lang='lat' dir='ltr'><em>autem</em></span> <span class='ocrx_word' id='word_1_119' title='bbox 1296 1066 1349 1107; x_wconf 90' lang='lat' dir='ltr'><em>de</em></span> <span class='ocrx_word' id='word_1_120' title='bbox 1372 1080 1532 1121; x_wconf 87' lang='lat' dir='ltr'><em>passer-</em></span> 
     </span>
     <span class='ocr_line' id='line_1_18' title="bbox 96 1122 1535 1182; baseline 0.001 -20"><span class='ocrx_word' id='word_1_121' title='bbox 96 1122 203 1163; x_wconf 88' lang='lat' dir='ltr'><em>culis</em></span> <span class='ocrx_word' id='word_1_122' title='bbox 231 1122 518 1179; x_wconf 87' lang='lat' dir='ltr'><em>conjecturam</em></span> <span class='ocrx_word' id='word_1_123' title='bbox 549 1125 675 1176; x_wconf 85' lang='lat' dir='ltr'><em>facit3</em></span> <span class='ocrx_word' id='word_1_124' title='bbox 707 1125 750 1166; x_wconf 88' lang='lat' dir='ltr'><em>in</em></span> <span class='ocrx_word' id='word_1_125' title='bbox 780 1126 933 1182; x_wconf 88' lang='lat' dir='ltr'><em>quibus</em></span> <span class='ocrx_word' id='word_1_126' title='bbox 962 1125 1127 1167; x_wconf 89' lang='lat' dir='ltr'><em>nullum</em></span> <span class='ocrx_word' id='word_1_127' title='bbox 1157 1132 1246 1165; x_wconf 89' lang='lat' dir='ltr'><em>erat</em></span> <span class='ocrx_word' id='word_1_128' title='bbox 1269 1132 1535 1164; x_wconf 87' lang='lat' dir='ltr'><em>monstrum:</em></span> 
     </span>
     <span class='ocr_line' id='line_1_19' title="bbox 97 1178 1533 1238; baseline 0 -19"><span class='ocrx_word' id='word_1_129' title='bbox 97 1178 151 1219; x_wconf 88' lang='lat' dir='ltr'><em>de</em></span> <span class='ocrx_word' id='word_1_130' title='bbox 180 1178 361 1221; x_wconf 87' lang='lat' dir='ltr'><em>dracone</em></span> <span class='ocrx_word' id='word_1_131' title='bbox 391 1181 499 1232; x_wconf 88' lang='lat' dir='ltr'><em>silet,</em></span> <span class='ocrx_word' id='word_1_132' title='bbox 519 1182 606 1238; x_wconf 90' lang='lat' dir='ltr'><em>qui,</em></span> <span class='ocrx_word' id='word_1_133' title='bbox 636 1182 680 1223; x_wconf 90' lang='lat' dir='ltr'><em>id</em></span> <span class='ocrx_word' id='word_1_134' title='bbox 709 1182 825 1238; x_wconf 93' lang='lat' dir='ltr'><em>quod</em></span> <span class='ocrx_word' id='word_1_135' title='bbox 855 1182 941 1224; x_wconf 86' lang='lat' dir='ltr'><em>fieri</em></span> <span class='ocrx_word' id='word_1_136' title='bbox 972 1197 1057 1223; x_wconf 92' lang='lat' dir='ltr'><em>non</em></span> <span class='ocrx_word' id='word_1_137' title='bbox 1085 1180 1239 1238; x_wconf 87' lang='lat' dir='ltr'><em>potuit,</em></span> <span class='ocrx_word' id='word_1_138' title='bbox 1261 1179 1448 1235; x_wconf 88' lang='lat' dir='ltr'><em>lapideus</em></span> <span class='ocrx_word' id='word_1_139' title='bbox 1469 1179 1533 1220; x_wconf 91' lang='lat' dir='ltr'><em>di-</em></span> 
     </span>
     <span class='ocr_line' id='line_1_20' title="bbox 96 1235 1535 1294; baseline 0.001 -19"><span class='ocrx_word' id='word_1_140' title='bbox 96 1235 207 1276; x_wconf 77' lang='lat' dir='ltr'><em>citur</em></span> <span class='ocrx_word' id='word_1_141' title='bbox 226 1236 362 1277; x_wconf 87' lang='lat' dir='ltr'><em>factus</em></span> <span class='ocrx_word' id='word_1_142' title='bbox 380 1239 393 1278; x_wconf 87' lang='lat'>?</span> <span class='ocrx_word' id='word_1_143' title='bbox 427 1247 643 1293; x_wconf 87' lang='lat' dir='ltr'><em>postremo</em></span> <span class='ocrx_word' id='word_1_144' title='bbox 665 1239 768 1294; x_wconf 88' lang='lat' dir='ltr'><em>quid</em></span> <span class='ocrx_word' id='word_1_145' title='bbox 790 1239 925 1280; x_wconf 85' lang='lat' dir='ltr'><em>simile</em></span> <span class='ocrx_word' id='word_1_146' title='bbox 945 1238 1076 1280; x_wconf 89' lang='lat' dir='ltr'><em>habet</em></span> <span class='ocrx_word' id='word_1_147' title='bbox 1093 1251 1234 1294; x_wconf 80' lang='lat' dir='ltr'><em>passer</em></span> <span class='ocrx_word' id='word_1_148' title='bbox 1254 1236 1371 1277; x_wconf 89' lang='lat' dir='ltr'><em>annis</em></span> <span class='ocrx_word' id='word_1_149' title='bbox 1390 1237 1403 1276; x_wconf 88' lang='lat'>?</span> <span class='ocrx_word' id='word_1_150' title='bbox 1437 1250 1535 1277; x_wconf 85' lang='lat' dir='ltr'><em>nam</em></span> 
     </span>
     <span class='ocr_line' id='line_1_21' title="bbox 98 1291 1536 1351; baseline 0.001 -19"><span class='ocrx_word' id='word_1_151' title='bbox 98 1291 151 1332; x_wconf 91' lang='grc'><em>(16</em></span> <span class='ocrx_word' id='word_1_152' title='bbox 172 1307 312 1348; x_wconf 86' lang='lat' dir='ltr'><em>angue</em></span> <span class='ocrx_word' id='word_1_153' title='bbox 342 1293 432 1345; x_wconf 85' lang='lat' dir='ltr'><em>illo,</em></span> <span class='ocrx_word' id='word_1_154' title='bbox 452 1294 524 1350; x_wconf 90' lang='lat' dir='ltr'><em>qui</em></span> <span class='ocrx_word' id='word_1_155' title='bbox 555 1295 684 1336; x_wconf 85' lang='lat' dir='ltr'><em>Sullae</em></span> <span class='ocrx_word' id='word_1_156' title='bbox 714 1296 907 1351; x_wconf 88' lang='lat' dir='ltr'><em>apparuit</em></span> <span class='ocrx_word' id='word_1_157' title='bbox 923 1295 1178 1345; x_wconf 78' lang='lat' dir='ltr'><em>immolanti,</em></span> <span class='ocrx_word' id='word_1_158' title='bbox 1199 1302 1427 1349; x_wconf 88' lang='lat' dir='ltr'><em>utrumque</em></span> <span class='ocrx_word' id='word_1_159' title='bbox 1447 1307 1536 1333; x_wconf 88' lang='lat' dir='ltr'><em>me-</em></span> 
     </span>
     <span class='ocr_line' id='line_1_22' title="bbox 99 1348 1535 1407; baseline 0.002 -20"><span class='ocrx_word' id='word_1_160' title='bbox 99 1348 216 1400; x_wconf 86' lang='lat' dir='ltr'><em>mini,</em></span> <span class='ocrx_word' id='word_1_161' title='bbox 248 1358 290 1390; x_wconf 91' lang='lat' dir='ltr'><em>et</em></span> <span class='ocrx_word' id='word_1_162' title='bbox 318 1350 496 1402; x_wconf 84' lang='lat' dir='ltr'><em>Sullam,</em></span> <span class='ocrx_word' id='word_1_163' title='bbox 518 1367 617 1393; x_wconf 86' lang='lat' dir='ltr'><em>cum</em></span> <span class='ocrx_word' id='word_1_164' title='bbox 644 1352 685 1393; x_wconf 91' lang='lat' dir='ltr'><em>in</em></span> <span class='ocrx_word' id='word_1_165' title='bbox 714 1352 1024 1407; x_wconf 80' lang='lat' dir='ltr'><em>expeditionem</em></span> <span class='ocrx_word' id='word_1_166' title='bbox 1054 1351 1284 1392; x_wconf 83' lang='lat' dir='ltr'><em>educturus</em></span> <span class='ocrx_word' id='word_1_167' title='bbox 1308 1358 1431 1400; x_wconf 88' lang='lat' dir='ltr'><em>esset,</em></span> <span class='ocrx_word' id='word_1_168' title='bbox 1454 1349 1535 1391; x_wconf 85' lang='lat' dir='ltr'><em>im-</em></span> 
     </span>
     <span class='ocr_line' id='line_1_23' title="bbox 99 1404 1535 1464; baseline 0.001 -20"><span class='ocrx_word' id='word_1_169' title='bbox 99 1404 334 1458; x_wconf 87' lang='lat' dir='ltr'><em>molavisse,</em></span> <span class='ocrx_word' id='word_1_170' title='bbox 367 1416 409 1448; x_wconf 88' lang='lat' dir='ltr'><em>et</em></span> <span class='ocrx_word' id='word_1_171' title='bbox 437 1423 621 1463; x_wconf 83' lang='lat' dir='ltr'><em>anguem</em></span> <span class='ocrx_word' id='word_1_172' title='bbox 651 1409 704 1449; x_wconf 90' lang='lat' dir='ltr'><em>ab</em></span> <span class='ocrx_word' id='word_1_173' title='bbox 734 1423 804 1449; x_wconf 85' lang='lat' dir='ltr'><em>ara</em></span> <span class='ocrx_word' id='word_1_174' title='bbox 823 1408 1043 1460; x_wconf 80' lang='lat' dir='ltr'><em>exstitisse,</em></span> <span class='ocrx_word' id='word_1_175' title='bbox 1065 1422 1201 1464; x_wconf 87' lang='lat' dir='ltr'><em>eoque</em></span> <span class='ocrx_word' id='word_1_176' title='bbox 1230 1406 1296 1447; x_wconf 85' lang='lat' dir='ltr'><em>die</em></span> <span class='ocrx_word' id='word_1_177' title='bbox 1316 1421 1405 1447; x_wconf 84' lang='lat' dir='ltr'><em>rem</em></span> <span class='ocrx_word' id='word_1_178' title='bbox 1426 1420 1535 1461; x_wconf 87' lang='lat' dir='ltr'><em>prae-</em></span> 
     </span>
     <span class='ocr_line' id='line_1_24' title="bbox 98 1461 1534 1521; baseline 0.001 -20"><span class='ocrx_word' id='word_1_179' title='bbox 98 1461 209 1502; x_wconf 86' lang='lat' dir='ltr'><em>clare</em></span> <span class='ocrx_word' id='word_1_180' title='bbox 240 1477 330 1504; x_wconf 84' lang='lat' dir='ltr'><em>esse</em></span> <span class='ocrx_word' id='word_1_181' title='bbox 357 1473 539 1519; x_wconf 84' lang='lat' dir='ltr'><em>gestam,</em></span> <span class='ocrx_word' id='word_1_182' title='bbox 568 1480 653 1508; x_wconf 89' lang='lat' dir='ltr'><em>non</em></span> <span class='ocrx_word' id='word_1_183' title='bbox 683 1465 914 1521; x_wconf 82' lang='lat' dir='ltr'><em>haruspicis</em></span> <span class='ocrx_word' id='word_1_184' title='bbox 945 1465 1135 1514; x_wconf 86' lang='lat' dir='ltr'><em>consilio,</em></span> <span class='ocrx_word' id='word_1_185' title='bbox 1157 1463 1228 1505; x_wconf 89' lang='lat' dir='ltr'><em>sed</em></span> <span class='ocrx_word' id='word_1_186' title='bbox 1256 1463 1534 1519; x_wconf 86' lang='lat' dir='ltr'><em>imperatoris.</em></span> 
     </span>
     <span class='ocr_line' id='line_1_25' title="bbox 98 1518 1534 1577; baseline 0.001 -19"><span class='ocrx_word' id='word_1_187' title='bbox 98 1518 244 1573; x_wconf 88' lang='lat' dir='ltr'><em>Atque</em></span> <span class='ocrx_word' id='word_1_188' title='bbox 269 1519 359 1561; x_wconf 85' lang='lat' dir='ltr'><em>haec</em></span> <span class='ocrx_word' id='word_1_189' title='bbox 390 1529 656 1563; x_wconf 88' lang='lat' dir='ltr'><em>ostentorum</em></span> <span class='ocrx_word' id='word_1_190' title='bbox 687 1537 845 1577; x_wconf 84' lang='lat' dir='ltr'><em>genera</em></span> <span class='ocrx_word' id='word_1_191' title='bbox 875 1522 1067 1563; x_wconf 86' lang='lat' dir='ltr'><em>mirabile</em></span> <span class='ocrx_word' id='word_1_192' title='bbox 1101 1521 1203 1562; x_wconf 83' lang='lat' dir='ltr'><em>nihil</em></span> <span class='ocrx_word' id='word_1_193' title='bbox 1237 1520 1408 1560; x_wconf 83' lang='lat' dir='ltr'><em>habent.</em></span> <span class='ocrx_word' id='word_1_194' title='bbox 1440 1535 1534 1575; x_wconf 89' lang='lat' dir='ltr'><em>quae</em></span> 
     </span>
     <span class='ocr_line' id='line_1_26' title="bbox 97 1575 1534 1634; baseline 0.003 -21"><span class='ocrx_word' id='word_1_195' title='bbox 97 1589 196 1614; x_wconf 90' lang='lat' dir='ltr'><em>cum</em></span> <span class='ocrx_word' id='word_1_196' title='bbox 224 1575 339 1617; x_wconf 84' lang='lat' dir='ltr'><em>-facta</em></span> <span class='ocrx_word' id='word_1_197' title='bbox 369 1586 480 1629; x_wconf 90' lang='lat' dir='ltr'><em>sunt,</em></span> <span class='ocrx_word' id='word_1_198' title='bbox 501 1585 592 1619; x_wconf 89' lang='lat' dir='ltr'><em>tum</em></span> <span class='ocrx_word' id='word_1_199' title='bbox 619 1578 672 1619; x_wconf 91' lang='lat' dir='ltr'><em>ad</em></span> <span class='ocrx_word' id='word_1_200' title='bbox 693 1578 982 1634; x_wconf 83' lang='lat' dir='ltr'><em>conjecturam</em></span> <span class='ocrx_word' id='word_1_201' title='bbox 1002 1578 1142 1633; x_wconf 85' lang='lat' dir='ltr'><em>aliqua</em></span> <span class='ocrx_word' id='word_1_202' title='bbox 1173 1576 1534 1632; x_wconf 78' lang='lat' dir='ltr'><em>⁵6i11terpretatio-</em></span> 
     </span>
     <span class='ocr_line' id='line_1_27' title="bbox 99 1632 1536 1690; baseline 0.001 -19"><span class='ocrx_word' id='word_1_203' title='bbox 99 1645 152 1671; x_wconf 86' lang='lat' dir='ltr'><em>ne</em></span> <span class='ocrx_word' id='word_1_204' title='bbox 182 1641 457 1675; x_wconf 84' lang='lat' dir='ltr'><em>revocantur:</em></span> <span class='ocrx_word' id='word_1_205' title='bbox 488 1642 535 1675; x_wconf 91' lang='lat' dir='ltr'><em>ut</em></span> <span class='ocrx_word' id='word_1_206' title='bbox 564 1635 636 1676; x_wconf 87' lang='lat' dir='ltr'><em>illa</em></span> <span class='ocrx_word' id='word_1_207' title='bbox 665 1634 792 1676; x_wconf 88' lang='lat' dir='ltr'><em>tritici</em></span> <span class='ocrx_word' id='word_1_208' title='bbox 821 1649 954 1690; x_wconf 84' lang='lat' dir='ltr'><em>grana</em></span> <span class='ocrx_word' id='word_1_209' title='bbox 982 1635 1024 1676; x_wconf 89' lang='lat' dir='ltr'><em>in</em></span> <span class='ocrx_word' id='word_1_210' title='bbox 1055 1650 1102 1675; x_wconf 90' lang='lat' dir='ltr'><em>os</em></span> <span class='ocrx_word' id='word_1_211' title='bbox 1132 1634 1251 1689; x_wconf 87' lang='lat' dir='ltr'><em>pueri</em></span> <span class='ocrx_word' id='word_1_212' title='bbox 1278 1632 1412 1674; x_wconf 82' lang='lat' dir='ltr'><em>Midae</em></span> <span class='ocrx_word' id='word_1_213' title='bbox 1434 1647 1536 1673; x_wconf 90' lang='lat' dir='ltr'><em>con-</em></span> 
     </span>
     <span class='ocr_line' id='line_1_28' title="bbox 99 1688 1538 1746; baseline 0.001 -18"><span class='ocrx_word' id='word_1_214' title='bbox 99 1697 249 1742; x_wconf 84' lang='lat' dir='ltr'><em>gesta3</em></span> <span class='ocrx_word' id='word_1_215' title='bbox 281 1697 355 1730; x_wconf 85' lang='lat' dir='ltr'><em>aut</em></span> <span class='ocrx_word' id='word_1_216' title='bbox 385 1704 497 1746; x_wconf 85' lang='lat' dir='ltr'><em>apes,</em></span> <span class='ocrx_word' id='word_1_217' title='bbox 535 1706 640 1746; x_wconf 88' lang='lat' dir='ltr'><em>quas</em></span> <span class='ocrx_word' id='word_1_218' title='bbox 671 1690 813 1732; x_wconf 77' lang='lat' dir='ltr'><em>dixisti</em></span> <span class='ocrx_word' id='word_1_219' title='bbox 844 1691 886 1731; x_wconf 90' lang='lat' dir='ltr'><em>in</em></span> <span class='ocrx_word' id='word_1_220' title='bbox 918 1691 1046 1732; x_wconf 89' lang='lat' dir='ltr'><em>labris</em></span> <span class='ocrx_word' id='word_1_221' title='bbox 1082 1690 1267 1731; x_wconf 81' lang='lat' dir='ltr'><em>Platonis</em></span> <span class='ocrx_word' id='word_1_222' title='bbox 1298 1688 1538 1731; x_wconf 87' lang='lat' dir='ltr'><em>consedisse</em></span> 
     </span>
     <span class='ocr_line' id='line_1_29' title="bbox 99 1744 1537 1803; baseline 0.001 -19"><span class='ocrx_word' id='word_1_223' title='bbox 99 1744 234 1798; x_wconf 85' lang='lat' dir='ltr'><em>pueri,</em></span> <span class='ocrx_word' id='word_1_224' title='bbox 265 1759 351 1786; x_wconf 88' lang='lat' dir='ltr'><em>non</em></span> <span class='ocrx_word' id='word_1_225' title='bbox 380 1755 467 1787; x_wconf 89' lang='lat' dir='ltr'><em>tam</em></span> <span class='ocrx_word' id='word_1_226' title='bbox 503 1747 710 1789; x_wconf 87' lang='lat' dir='ltr'><em>mirabilia</em></span> <span class='ocrx_word' id='word_1_227' title='bbox 742 1748 839 1799; x_wconf 88' lang='lat' dir='ltr'><em>sint,</em></span> <span class='ocrx_word' id='word_1_228' title='bbox 875 1762 1001 1803; x_wconf 88' lang='lat' dir='ltr'><em>quam</em></span> <span class='ocrx_word' id='word_1_229' title='bbox 1038 1748 1231 1803; x_wconf 86' lang='lat' dir='ltr'><em>conjecta</em></span> <span class='ocrx_word' id='word_1_230' title='bbox 1263 1746 1398 1787; x_wconf 89' lang='lat' dir='ltr'><em>belle:</em></span> <span class='ocrx_word' id='word_1_231' title='bbox 1443 1761 1537 1801; x_wconf 86' lang='lat' dir='ltr'><em>quae</em></span> 
     </span>
     <span class='ocr_line' id='line_1_30' title="bbox 101 1802 1539 1860; baseline 0.001 -20"><span class='ocrx_word' id='word_1_232' title='bbox 101 1808 246 1841; x_wconf 86' lang='lat' dir='ltr'><em>tamen</em></span> <span class='ocrx_word' id='word_1_233' title='bbox 266 1802 329 1842; x_wconf 88' lang='lat' dir='ltr'><em>vel</em></span> <span class='ocrx_word' id='word_1_234' title='bbox 356 1802 447 1857; x_wconf 90' lang='lat' dir='ltr'><em>ipsa</em></span> <span class='ocrx_word' id='word_1_235' title='bbox 466 1803 570 1843; x_wconf 86' lang='lat' dir='ltr'><em>falsa</em></span> <span class='ocrx_word' id='word_1_236' title='bbox 601 1818 705 1854; x_wconf 88' lang='lat' dir='ltr'><em>esse,</em></span> <span class='ocrx_word' id='word_1_237' title='bbox 727 1804 791 1845; x_wconf 88' lang='lat' dir='ltr'><em>vel</em></span> <span class='ocrx_word' id='word_1_238' title='bbox 823 1819 872 1845; x_wconf 88' lang='lat' dir='ltr'><em>ea</em></span> <span class='ocrx_word' id='word_1_239' title='bbox 891 1820 984 1860; x_wconf 85' lang='lat' dir='ltr'><em>quae</em></span> <span class='ocrx_word' id='word_1_240' title='bbox 1005 1803 1208 1859; x_wconf 71' lang='lat' dir='ltr'><em>praedicta</em></span> <span class='ocrx_word' id='word_1_241' title='bbox 1229 1812 1340 1853; x_wconf 84' lang='lat' dir='ltr'><em>sunt,</em></span> <span class='ocrx_word' id='word_1_242' title='bbox 1362 1803 1539 1843; x_wconf 88' lang='lat' dir='ltr'><em>fortuito</em></span> 
     </span>
     <span class='ocr_line' id='line_1_31' title="bbox 102 1856 1539 1916; baseline 0.001 -19"><span class='ocrx_word' id='word_1_243' title='bbox 102 1856 304 1899; x_wconf 87' lang='lat' dir='ltr'><em>cecidisse</em></span> <span class='ocrx_word' id='word_1_244' title='bbox 335 1868 579 1913; x_wconf 89' lang='lat' dir='ltr'><em>potuerunt.</em></span> <span class='ocrx_word' id='word_1_245' title='bbox 639 1861 708 1901; x_wconf 87' lang='lat' dir='ltr'><em>De</em></span> <span class='ocrx_word' id='word_1_246' title='bbox 744 1860 838 1916; x_wconf 89' lang='lat' dir='ltr'><em>ipso</em></span> <span class='ocrx_word' id='word_1_247' title='bbox 873 1861 1026 1901; x_wconf 88' lang='lat' dir='ltr'><em>Roscio</em></span> <span class='ocrx_word' id='word_1_248' title='bbox 1056 1867 1198 1915; x_wconf 86' lang='lat' dir='ltr'><em>potest</em></span> <span class='ocrx_word' id='word_1_249' title='bbox 1225 1859 1332 1900; x_wconf 87' lang='lat' dir='ltr'><em>illud</em></span> <span class='ocrx_word' id='word_1_250' title='bbox 1367 1858 1539 1915; x_wconf 87' lang='lat' dir='ltr'><em>quidem</em></span> 
     </span>
     <span class='ocr_line' id='line_1_32' title="bbox 101 1914 1540 1971; baseline 0.001 -18"><span class='ocrx_word' id='word_1_251' title='bbox 101 1927 193 1954; x_wconf 87' lang='lat' dir='ltr'><em>esse</em></span> <span class='ocrx_word' id='word_1_252' title='bbox 224 1914 392 1965; x_wconf 87' lang='lat' dir='ltr'><em>falsum,</em></span> <span class='ocrx_word' id='word_1_253' title='bbox 424 1924 471 1956; x_wconf 91' lang='lat' dir='ltr'><em>ut</em></span> <span class='ocrx_word' id='word_1_254' title='bbox 500 1916 818 1971; x_wconf 87' lang='lat' dir='ltr'><em>circumligatus</em></span> <span class='ocrx_word' id='word_1_255' title='bbox 849 1916 975 1957; x_wconf 84' lang='lat' dir='ltr'><em>fuerit</em></span> <span class='ocrx_word' id='word_1_256' title='bbox 1004 1916 1160 1971; x_wconf 85' lang='lat' dir='ltr'><em>angui:</em></span> <span class='ocrx_word' id='word_1_257' title='bbox 1193 1916 1267 1957; x_wconf 87' lang='lat' dir='ltr'><em>sed</em></span> <span class='ocrx_word' id='word_1_258' title='bbox 1293 1924 1340 1957; x_wconf 86' lang='lat' dir='ltr'><em>ut</em></span> <span class='ocrx_word' id='word_1_259' title='bbox 1359 1915 1401 1956; x_wconf 88' lang='lat' dir='ltr'><em>in</em></span> <span class='ocrx_word' id='word_1_260' title='bbox 1421 1916 1540 1956; x_wconf 86' lang='lat' dir='ltr'><em>cunis</em></span> 
     </span>
     <span class='ocr_line' id='line_1_33' title="bbox 101 1969 1541 2028; baseline 0.001 -18"><span class='ocrx_word' id='word_1_261' title='bbox 101 1969 229 2011; x_wconf 85' lang='lat' dir='ltr'><em>fuerit</em></span> <span class='ocrx_word' id='word_1_262' title='bbox 251 1971 416 2026; x_wconf 84' lang='lat' dir='ltr'><em>anguis,</em></span> <span class='ocrx_word' id='word_1_263' title='bbox 437 1986 520 2013; x_wconf 89' lang='lat' dir='ltr'><em>non</em></span> <span class='ocrx_word' id='word_1_264' title='bbox 550 1981 638 2014; x_wconf 86' lang='lat' dir='ltr'><em>tam</em></span> <span class='ocrx_word' id='word_1_265' title='bbox 666 1982 731 2014; x_wconf 89' lang='lat' dir='ltr'><em>est</em></span> <span class='ocrx_word' id='word_1_266' title='bbox 749 1973 918 2024; x_wconf 85' lang='lat' dir='ltr'><em>mirum,</em></span> <span class='ocrx_word' id='word_1_267' title='bbox 941 1974 981 2013; x_wconf 89' lang='lat' dir='ltr'><em>in</em></span> <span class='ocrx_word' id='word_1_268' title='bbox 1002 1973 1177 2014; x_wconf 86' lang='lat' dir='ltr'><em>Solonio</em></span> <span class='ocrx_word' id='word_1_269' title='bbox 1198 1972 1444 2028; x_wconf 70' lang='lat' dir='ltr'><em>praesertim,</em></span> <span class='ocrx_word' id='word_1_270' title='bbox 1466 1972 1541 2013; x_wconf 90' lang='lat' dir='ltr'><em>ubi</em></span> 
     </span>
     <span class='ocr_line' id='line_1_34' title="bbox 101 2026 1540 2084; baseline 0.001 -17"><span class='ocrx_word' id='word_1_271' title='bbox 101 2026 156 2067; x_wconf 86' lang='lat' dir='ltr'><em>ad</em></span> <span class='ocrx_word' id='word_1_272' title='bbox 186 2026 332 2068; x_wconf 87' lang='lat' dir='ltr'><em>focum</em></span> <span class='ocrx_word' id='word_1_273' title='bbox 363 2043 524 2083; x_wconf 86' lang='lat' dir='ltr'><em>angues</em></span> <span class='ocrx_word' id='word_1_274' title='bbox 554 2029 773 2070; x_wconf 88' lang='lat' dir='ltr'><em>nundi-nari</em></span> <span class='ocrx_word' id='word_1_275' title='bbox 804 2029 954 2071; x_wconf 89' lang='lat' dir='ltr'><em>solent.</em></span> <span class='ocrx_word' id='word_1_276' title='bbox 1012 2031 1126 2071; x_wconf 81' lang='lat' dir='ltr'><em>Nam</em></span> <span class='ocrx_word' id='word_1_277' title='bbox 1153 2029 1268 2084; x_wconf 87' lang='lat' dir='ltr'><em>quod</em></span> <span class='ocrx_word' id='word_1_278' title='bbox 1298 2029 1540 2083; x_wconf 85' lang='lat' dir='ltr'><em>haruspices</em></span> 
     </span>
     <span class='ocr_line' id='line_1_35' title="bbox 101 2083 1541 2139; baseline 0.001 -15"><span class='ocrx_word' id='word_1_279' title='bbox 101 2083 426 2139; x_wconf 83' lang='lat' dir='ltr'><em>responderunt,</em></span> <span class='ocrx_word' id='word_1_280' title='bbox 457 2085 562 2126; x_wconf 89' lang='lat' dir='ltr'><em>nihil</em></span> <span class='ocrx_word' id='word_1_281' title='bbox 590 2085 664 2127; x_wconf 92' lang='lat' dir='ltr'><em>illo</em></span> <span class='ocrx_word' id='word_1_282' title='bbox 694 2086 860 2137; x_wconf 84' lang='lat' dir='ltr'><em>clarius,</em></span> <span class='ocrx_word' id='word_1_283' title='bbox 891 2086 995 2127; x_wconf 86' lang='lat' dir='ltr'><em>nihil</em></span> <span class='ocrx_word' id='word_1_284' title='bbox 1025 2085 1210 2126; x_wconf 90' lang='lat' dir='ltr'><em>nobilius</em></span> <span class='ocrx_word' id='word_1_285' title='bbox 1248 2086 1364 2126; x_wconf 82' lang='lat' dir='ltr'><em>fore:</em></span> <span class='ocrx_word' id='word_1_286' title='bbox 1396 2084 1541 2136; x_wconf 87' lang='lat' dir='ltr'><em>miror,</em></span> 
     </span>
     <span class='ocr_line' id='line_1_36' title="bbox 102 2138 1539 2191; baseline 0.001 -11"><span class='ocrx_word' id='word_1_287' title='bbox 102 2138 206 2181; x_wconf 86' lang='lat' dir='ltr'><em>deos</em></span> <span class='ocrx_word' id='word_1_288' title='bbox 237 2141 499 2182; x_wconf 88' lang='lat' dir='ltr'><em>immortales</em></span> <span class='ocrx_word' id='word_1_289' title='bbox 530 2141 724 2184; x_wconf 84' lang='lat' dir='ltr'><em>histrioni</em></span> <span class='ocrx_word' id='word_1_290' title='bbox 752 2143 896 2184; x_wconf 90' lang='lat' dir='ltr'><em>futuro</em></span> <span class='ocrx_word' id='word_1_291' title='bbox 921 2143 1155 2184; x_wconf 85' lang='lat' dir='ltr'><em>claritatem</em></span> <span class='ocrx_word' id='word_1_292' title='bbox 1177 2141 1423 2191; x_wconf 86' lang='lat' dir='ltr'><em>ostendisse,</em></span> <span class='ocrx_word' id='word_1_293' title='bbox 1446 2141 1539 2182; x_wconf 86' lang='lat' dir='ltr'><em>nul-</em></span> 
     </span>
     <span class='ocr_line' id='line_1_37' title="bbox 102 2195 1542 2255; baseline 0.001 -18"><span class='ocrx_word' id='word_1_294' title='bbox 102 2195 190 2237; x_wconf 89' lang='lat' dir='ltr'><em>lam</em></span> <span class='ocrx_word' id='word_1_295' title='bbox 229 2197 463 2239; x_wconf 81' lang='lat' dir='ltr'><em>ostendisse.</em></span> <span class='ocrx_word' id='word_1_296' title='bbox 499 2198 716 2241; x_wconf 84' lang='lat' dir='ltr'><em>Africano.</em></span> <span class='ocrx_word' id='word_1_297' title='bbox 790 2199 935 2255; x_wconf 87' lang='lat' dir='ltr'><em>Atque</em></span> <span class='ocrx_word' id='word_1_298' title='bbox 974 2199 1100 2241; x_wconf 87' lang='lat' dir='ltr'><em>etiam</em></span> <span class='ocrx_word' id='word_1_299' title='bbox 1137 2213 1161 2239; x_wconf 90' lang='lat' dir='ltr'><em>a</em></span> <span class='ocrx_word' id='word_1_300' title='bbox 1199 2207 1242 2239; x_wconf 93' lang='lat' dir='ltr'><em>te</em></span> <span class='ocrx_word' id='word_1_301' title='bbox 1279 2197 1542 2239; x_wconf 85' lang='lat' dir='ltr'><em>Flaminiana</em></span> 
     </span>
     <span class='ocr_line' id='line_1_38' title="bbox 104 2254 1542 2312; baseline 0.001 -19"><span class='ocrx_word' id='word_1_302' title='bbox 104 2262 274 2294; x_wconf 89' lang='lat' dir='ltr'><em>ostenta</em></span> <span class='ocrx_word' id='word_1_303' title='bbox 304 2254 483 2296; x_wconf 85' lang='lat' dir='ltr'><em>collecta</em></span> <span class='ocrx_word' id='word_1_304' title='bbox 517 2263 628 2307; x_wconf 87' lang='lat' dir='ltr'><em>sunt,</em></span> <span class='ocrx_word' id='word_1_305' title='bbox 649 2256 765 2312; x_wconf 90' lang='lat' dir='ltr'><em>quod</em></span> <span class='ocrx_word' id='word_1_306' title='bbox 792 2256 897 2312; x_wconf 86' lang='lat' dir='ltr'><em>ipse,</em></span> <span class='ocrx_word' id='word_1_307' title='bbox 917 2264 961 2297; x_wconf 88' lang='lat' dir='ltr'><em>et</em></span> <span class='ocrx_word' id='word_1_308' title='bbox 988 2270 1120 2312; x_wconf 89' lang='lat' dir='ltr'><em>equus</em></span> <span class='ocrx_word' id='word_1_309' title='bbox 1139 2255 1229 2312; x_wconf 86' lang='lat' dir='ltr'><em>ejus</em></span> <span class='ocrx_word' id='word_1_310' title='bbox 1249 2263 1420 2310; x_wconf 87' lang='lat' dir='ltr'><em>repente</em></span> <span class='ocrx_word' id='word_1_311' title='bbox 1439 2269 1542 2295; x_wconf 90' lang='lat' dir='ltr'><em>con-</em></span> 
     </span>
     <span class='ocr_line' id='line_1_39' title="bbox 103 2308 1545 2368; baseline 0.002 -19"><span class='ocrx_word' id='word_1_312' title='bbox 103 2308 267 2351; x_wconf 86' lang='lat' dir='ltr'><em>ciderit.</em></span> <span class='ocrx_word' id='word_1_313' title='bbox 303 2325 389 2351; x_wconf 91' lang='lat' dir='ltr'><em>non</em></span> <span class='ocrx_word' id='word_1_314' title='bbox 425 2326 523 2352; x_wconf 87' lang='lat' dir='ltr'><em>sane</em></span> <span class='ocrx_word' id='word_1_315' title='bbox 555 2313 746 2354; x_wconf 86' lang='lat' dir='ltr'><em>mirabile</em></span> <span class='ocrx_word' id='word_1_316' title='bbox 778 2312 862 2354; x_wconf 92' lang='lat' dir='ltr'><em>hoc</em></span> <span class='ocrx_word' id='word_1_317' title='bbox 895 2312 1080 2368; x_wconf 90' lang='lat' dir='ltr'><em>quidem,</em></span> <span class='ocrx_word' id='word_1_318' title='bbox 1116 2312 1232 2368; x_wconf 90' lang='lat' dir='ltr'><em>quod</em></span> <span class='ocrx_word' id='word_1_319' title='bbox 1267 2311 1386 2353; x_wconf 92' lang='lat' dir='ltr'><em>evelli</em></span> <span class='ocrx_word' id='word_1_320' title='bbox 1417 2311 1545 2367; x_wconf 86' lang='lat' dir='ltr'><em>primi</em></span> 
     </span>
     <span class='ocr_line' id='line_1_40' title="bbox 105 2365 1544 2424; baseline 0.001 -18"><span class='ocrx_word' id='word_1_321' title='bbox 105 2365 260 2407; x_wconf 82' lang='lat' dir='ltr'><em>hastati</em></span> <span class='ocrx_word' id='word_1_322' title='bbox 289 2367 460 2423; x_wconf 86' lang='lat' dir='ltr'><em>signum</em></span> <span class='ocrx_word' id='word_1_323' title='bbox 486 2383 571 2409; x_wconf 92' lang='lat' dir='ltr'><em>non</em></span> <span class='ocrx_word' id='word_1_324' title='bbox 597 2370 795 2424; x_wconf 87' lang='lat' dir='ltr'><em>potuerit.</em></span> <span class='ocrx_word' id='word_1_325' title='bbox 827 2369 975 2411; x_wconf 86' lang='lat' dir='ltr'><em>timide</em></span> <span class='ocrx_word' id='word_1_326' title='bbox 1004 2369 1181 2411; x_wconf 85' lang='lat' dir='ltr'><em>fortasse</em></span> <span class='ocrx_word' id='word_1_327' title='bbox 1202 2368 1376 2424; x_wconf 87' lang='lat' dir='ltr'><em>signifer</em></span> <span class='ocrx_word' id='word_1_328' title='bbox 1393 2367 1544 2410; x_wconf 85' lang='lat' dir='ltr'><em>evelle—</em></span> 
     </span>
     <span class='ocr_line' id='line_1_41' title="bbox 106 2421 1547 2483; baseline 0.002 -21"><span class='ocrx_word' id='word_1_329' title='bbox 106 2421 195 2473; x_wconf 86' lang='lat' dir='ltr'><em>bat,</em></span> <span class='ocrx_word' id='word_1_330' title='bbox 218 2424 333 2478; x_wconf 91' lang='lat' dir='ltr'><em>quod</em></span> <span class='ocrx_word' id='word_1_331' title='bbox 363 2424 539 2466; x_wconf 87' lang='lat' dir='ltr'><em>fidenter</em></span> <span class='ocrx_word' id='word_1_332' title='bbox 565 2425 766 2467; x_wconf 83' lang='lat' dir='ltr'><em>infixerat.</em></span> <span class='ocrx_word' id='word_1_333' title='bbox 824 2427 940 2468; x_wconf 85' lang='lat' dir='ltr'><em>Nam</em></span> <span class='ocrx_word' id='word_1_334' title='bbox 967 2426 1167 2483; x_wconf 88' lang='lat' dir='ltr'><em>Dionysii</em></span> <span class='ocrx_word' id='word_1_335' title='bbox 1192 2441 1340 2482; x_wconf 88' lang='lat' dir='ltr'><em>equus,</em></span> <span class='ocrx_word' id='word_1_336' title='bbox 1362 2424 1464 2481; x_wconf 88' lang='lat' dir='ltr'><em>quid</em></span> <span class='ocrx_word' id='word_1_337' title='bbox 1483 2433 1547 2465; x_wconf 88' lang='lat' dir='ltr'><em>at-</em></span> 
     </span>
     <span class='ocr_line' id='line_1_42' title="bbox 107 2477 1547 2539; baseline 0.003 -21"><span class='ocrx_word' id='word_1_338' title='bbox 107 2477 208 2519; x_wconf 84' lang='lat' dir='ltr'><em>tulit</em></span> <span class='ocrx_word' id='word_1_339' title='bbox 228 2479 530 2532; x_wconf 80' lang='lat' dir='ltr'><em>admirationis,</em></span> <span class='ocrx_word' id='word_1_340' title='bbox 550 2482 666 2538; x_wconf 91' lang='lat' dir='ltr'><em>quod</em></span> <span class='ocrx_word' id='word_1_341' title='bbox 685 2482 856 2524; x_wconf 86' lang='lat' dir='ltr'><em>emersit</em></span> <span class='ocrx_word' id='word_1_342' title='bbox 873 2498 925 2524; x_wconf 83' lang='lat' dir='ltr'><em>ex</em></span> <span class='ocrx_word' id='word_1_343' title='bbox 942 2483 1115 2525; x_wconf 87' lang='lat' dir='ltr'><em>flumine</em></span> <span class='ocrx_word' id='word_1_344' title='bbox 1133 2485 1146 2524; x_wconf 87' lang='lat'>?</span> <span class='ocrx_word' id='word_1_345' title='bbox 1179 2482 1377 2539; x_wconf 88' lang='lat' dir='ltr'><em>quodque</em></span> <span class='ocrx_word' id='word_1_346' title='bbox 1397 2481 1547 2523; x_wconf 84' lang='lat' dir='ltr'><em>habuit</em></span> 
     </span>
     <span class='ocr_line' id='line_1_43' title="bbox 108 2534 1547 2597; baseline 0.002 -22"><span class='ocrx_word' id='word_1_347' title='bbox 108 2548 209 2590; x_wconf 86' lang='lat' dir='ltr'><em>apes</em></span> <span class='ocrx_word' id='word_1_348' title='bbox 241 2534 284 2576; x_wconf 85' lang='lat' dir='ltr'><em>in</em></span> <span class='ocrx_word' id='word_1_349' title='bbox 309 2535 448 2592; x_wconf 86' lang='lat' dir='ltr'><em>juba?</em></span> <span class='ocrx_word' id='word_1_350' title='bbox 482 2538 555 2580; x_wconf 88' lang='lat' dir='ltr'><em>sed</em></span> <span class='ocrx_word' id='word_1_351' title='bbox 584 2539 683 2595; x_wconf 84' lang='lat' dir='ltr'><em>quia</em></span> <span class='ocrx_word' id='word_1_352' title='bbox 707 2540 822 2582; x_wconf 89' lang='lat' dir='ltr'><em>brevi</em></span> <span class='ocrx_word' id='word_1_353' title='bbox 849 2547 1042 2597; x_wconf 88' lang='lat' dir='ltr'><em>tempore</em></span> <span class='ocrx_word' id='word_1_354' title='bbox 1067 2554 1243 2596; x_wconf 85' lang='lat' dir='ltr'><em>regnare</em></span> <span class='ocrx_word' id='word_1_355' title='bbox 1263 2539 1411 2596; x_wconf 85' lang='lat' dir='ltr'><em>coepit,</em></span> <span class='ocrx_word' id='word_1_356' title='bbox 1430 2535 1547 2594; x_wconf 88' lang='lat' dir='ltr'><em>quod</em></span> 
     </span>
    </p>
   </div>
   <div class='ocr_carea' id='block_1_4' title="bbox 111 2692 1552 2823">
    <p class='ocr_par' dir='ltr' id='par_1_10' title="bbox 111 2692 1552 2823">
     <span class='ocr_line' id='line_1_44' title="bbox 155 2692 1187 2737; baseline 0.003 -13"><span class='ocrx_word' id='word_1_357' title='bbox 155 2699 194 2724; x_wconf 79' lang='grc'><em>54</em></span> <span class='ocrx_word' id='word_1_358' title='bbox 217 2693 286 2723; x_wconf 71' lang='lat' dir='ltr'><em>dura</em></span> <span class='ocrx_word' id='word_1_359' title='bbox 302 2692 458 2733; x_wconf 73' lang='lat' dir='ltr'><em>firmavit</em></span> <span class='ocrx_word' id='word_1_360' title='bbox 482 2696 604 2736; x_wconf 78' lang='lat' dir='ltr'><em>tegmine</em></span> <span class='ocrx_word' id='word_1_361' title='bbox 630 2694 712 2737; x_wconf 77' lang='lat' dir='ltr'><em>saxi]</em></span> <span class='ocrx_word' id='word_1_362' title='bbox 741 2697 807 2727; x_wconf 88' lang='lat' dir='ltr'><em>Ms.</em></span> <span class='ocrx_word' id='word_1_363' title='bbox 850 2697 1046 2737; x_wconf 83' lang='lat' dir='ltr'><em>propediem,</em></span> <span class='ocrx_word' id='word_1_364' title='bbox 1062 2697 1187 2728; x_wconf 84' lang='lat' dir='ltr'><em>instare.</em></span> 
     </span>
     <span class='ocr_line' id='line_1_45' title="bbox 111 2734 1549 2780; baseline -0.001 -12"><span class='ocrx_word' id='word_1_365' title='bbox 111 2736 219 2768; x_wconf 86' lang='lat' dir='ltr'><em>Guelf.</em></span> <span class='ocrx_word' id='word_1_366' title='bbox 236 2736 305 2766; x_wconf 75' lang='lat' dir='ltr'><em>duro</em></span> <span class='ocrx_word' id='word_1_367' title='bbox 315 2736 462 2776; x_wconf 80' lang='lat' dir='ltr'><em>firmavit</em></span> <span class='ocrx_word' id='word_1_368' title='bbox 485 2740 611 2777; x_wconf 78' lang='lat' dir='ltr'><em>tegmina</em></span> <span class='ocrx_word' id='word_1_369' title='bbox 631 2750 711 2770; x_wconf 72' lang='lat' dir='ltr'><em>saxa.</em></span> <span class='ocrx_word' id='word_1_370' title='bbox 756 2740 808 2769; x_wconf 76' lang='lat' dir='ltr'><em>Sic</em></span> <span class='ocrx_word' id='word_1_371' title='bbox 898 2746 936 2771; x_wconf 85' lang='lat'><em>56</em></span> <span class='ocrx_word' id='word_1_372' title='bbox 959 2740 1193 2780; x_wconf 67' lang='lat' dir='ltr'><em>interpretatione</em></span> <span class='ocrx_word' id='word_1_373' title='bbox 1219 2734 1407 2776; x_wconf 81' lang='lat' dir='ltr'><em>revocantur]</em></span> <span class='ocrx_word' id='word_1_374' title='bbox 1433 2735 1549 2767; x_wconf 74' lang='lat' dir='ltr'><em>Malim</em></span> 
     </span>
     <span class='ocr_line' id='line_1_46' title="bbox 111 2778 1552 2823; baseline 0.001 -14"><span class='ocrx_word' id='word_1_375' title='bbox 111 2785 142 2809; x_wconf 88' lang='lat' dir='ltr'><em>et</em></span> <span class='ocrx_word' id='word_1_376' title='bbox 158 2779 237 2810; x_wconf 85' lang='lat' dir='ltr'><em>Mss.</em></span> <span class='ocrx_word' id='word_1_377' title='bbox 254 2780 386 2817; x_wconf 85' lang='lat' dir='ltr'><em>Davisii,</em></span> <span class='ocrx_word' id='word_1_378' title='bbox 403 2781 463 2810; x_wconf 83' lang='lat' dir='ltr'><em>nisi</em></span> <span class='ocrx_word' id='word_1_379' title='bbox 478 2782 564 2820; x_wconf 87' lang='lat' dir='ltr'><em>quod</em></span> <span class='ocrx_word' id='word_1_380' title='bbox 568 2782 722 2823; x_wconf 83' lang='lat' dir='ltr'><em>formavit</em></span> <span class='ocrx_word' id='word_1_381' title='bbox 737 2783 809 2812; x_wconf 83' lang='lat' dir='ltr'><em>reti·</em></span> <span class='ocrx_word' id='word_1_382' title='bbox 851 2789 1007 2820; x_wconf 80' lang='lat' dir='ltr'><em>vocantur,</em></span> <span class='ocrx_word' id='word_1_383' title='bbox 1032 2795 1062 2812; x_wconf 81' lang='lat' dir='ltr'><em>re</em></span> <span class='ocrx_word' id='word_1_384' title='bbox 1082 2784 1168 2814; x_wconf 75' lang='lat' dir='ltr'><em>nasci</em></span> <span class='ocrx_word' id='word_1_385' title='bbox 1190 2782 1293 2821; x_wconf 83' lang='lat' dir='ltr'><em>potuit</em></span> <span class='ocrx_word' id='word_1_386' title='bbox 1314 2791 1331 2811; x_wconf 88' lang='lat' dir='ltr'><em>e</em></span> <span class='ocrx_word' id='word_1_387' title='bbox 1353 2779 1441 2811; x_wconf 77' lang='lat' dir='ltr'><em>finali</em></span> <span class='ocrx_word' id='word_1_388' title='bbox 1465 2778 1552 2809; x_wconf 64' lang='lat' dir='ltr'><em>verbi</em></span> 
     </span>
    </p>
   </div>
   <div class='ocr_carea' id='block_1_5' title="bbox 113 2823 1068 2912">
    <p class='ocr_par' dir='ltr' id='par_1_11' title="bbox 113 2823 1068 2912">
     <span class='ocr_line' id='line_1_47' title="bbox 113 2823 1068 2864; baseline 0.003 -12"><span class='ocrx_word' id='word_1_389' title='bbox 113 2828 193 2852; x_wconf 86' lang='lat' dir='ltr'><em>nent</em></span> <span class='ocrx_word' id='word_1_390' title='bbox 207 2834 213 2851; x_wconf 89' lang='lat'>:</span> <span class='ocrx_word' id='word_1_391' title='bbox 238 2823 330 2853; x_wconf 77' lang='lat' dir='ltr'><em>bene.</em></span> <span class='ocrx_word' id='word_1_392' title='bbox 628 2849 630 2852; x_wconf 75' lang='grc'>,</span> <span class='ocrx_word' id='word_1_393' title='bbox 853 2827 1068 2864; x_wconf 73' lang='lat' dir='ltr'><em>praecedentis.</em></span> 
     </span>
     <span class='ocr_line' id='line_1_48' title="bbox 157 2865 811 2912; baseline 0.008 -17"><span class='ocrx_word' id='word_1_394' title='bbox 157 2872 195 2897; x_wconf 70' lang='grc'><em>55</em></span> <span class='ocrx_word' id='word_1_395' title='bbox 220 2866 362 2908; x_wconf 78' lang='lat' dir='ltr'><em>quaejam</em></span> <span class='ocrx_word' id='word_1_396' title='bbox 377 2871 495 2897; x_wconf 73' lang='lat' dir='ltr'><em>matura</em></span> <span class='ocrx_word' id='word_1_397' title='bbox 509 2865 635 2912; x_wconf 71' lang='lat' dir='ltr'><em>videtis]</em></span> <span class='ocrx_word' id='word_1_398' title='bbox 650 2868 811 2900; x_wconf 75' lang='lat' dir='ltr'><em>Eventura</em></span> 
     </span>
    </p>
   </div>
   <div class='ocr_carea' id='block_1_6' title="bbox 839 2920 958 2962">
    <p class='ocr_par' dir='ltr' id='par_1_12' title="bbox 839 2920 958 2962">
     <span class='ocr_line' id='line_1_49' title="bbox 839 2920 958 2962; baseline 0.025 -14"><span class='ocrx_word' id='word_1_399' title='bbox 839 2920 958 2962; x_wconf 69' lang='lat' dir='ltr'><em>ppz</em></span> 
     </span>
    </p>
   </div>
   <div class='ocr_carea' id='block_1_7' title="bbox 1537 275 1588 335">
    <p class='ocr_par' dir='ltr' id='par_1_13' title="bbox 1537 275 1588 335">
     <span class='ocr_line' id='line_1_50' title="bbox 1537 275 1588 335; baseline 0.02 -1"><span class='ocrx_word' id='word_1_400' title='bbox 1537 275 1588 335; x_wconf 75' lang='lat'><em>64</em></span> 
     </span>
    </p>
   </div>
   <div class='ocr_carea' id='block_1_8' title="bbox 1540 781 1655 814">
    <p class='ocr_par' dir='ltr' id='par_1_14' title="bbox 1540 781 1655 814">
     <span class='ocr_line' id='line_1_51' title="bbox 1540 781 1655 814; baseline -0.009 -8"><span class='ocrx_word' id='word_1_401' title='bbox 1540 784 1571 814; x_wconf 87' lang='lat' dir='ltr'><em>p.</em></span> <span class='ocrx_word' id='word_1_402' title='bbox 1586 781 1655 805; x_wconf 76' lang='lat'><em>122.</em></span> 
     </span>
    </p>
   </div>
   <div class='ocr_carea' id='block_1_9' title="bbox 1544 1011 1592 1048">
    <p class='ocr_par' dir='ltr' id='par_1_15' title="bbox 1544 1011 1592 1048">
     <span class='ocr_line' id='line_1_52' title="bbox 1544 1011 1592 1048; baseline -0.021 0"><span class='ocrx_word' id='word_1_403' title='bbox 1544 1011 1592 1048; x_wconf 89' lang='lat'><em>65</em></span> 
     </span>
    </p>
   </div>
   <div class='ocr_carea' id='block_1_10' title="bbox 1548 1521 1615 1627">
    <p class='ocr_par' dir='ltr' id='par_1_16' title="bbox 1548 1521 1615 1627">
     <span class='ocr_line' id='line_1_53' title="bbox 1548 1521 1615 1568; baseline -0.015 0"><span class='ocrx_word' id='word_1_404' title='bbox 1548 1521 1615 1568; x_wconf 79' lang='lat'><em>31</em></span> 
     </span>
     <span class='ocr_line' id='line_1_54' title="bbox 1548 1589 1599 1627; baseline -0.02 0"><span class='ocrx_word' id='word_1_405' title='bbox 1548 1589 1599 1627; x_wconf 81' lang='lat'><em>66</em></span> 
     </span>
    </p>
   </div>
   <div class='ocr_carea' id='block_1_11' title="bbox 1553 2152 1604 2239">
    <p class='ocr_par' dir='ltr' id='par_1_17' title="bbox 1553 2152 1604 2239">
     <span class='ocr_line' id='line_1_55' title="bbox 1553 2152 1584 2181; baseline 0 0"><span class='ocrx_word' id='word_1_406' title='bbox 1553 2152 1584 2181; x_wconf 89' lang='lat' dir='ltr'><em>b.</em></span> 
     </span>
     <span class='ocr_line' id='line_1_56' title="bbox 1554 2196 1604 2239; baseline 0 0"><span class='ocrx_word' id='word_1_407' title='bbox 1554 2196 1604 2239; x_wconf 83' lang='lat'><em>67</em></span> 
     </span>
    </p>
   </div>
  </div>
 </body>
</html>
