1778 3095
466 197 468 199 ¹
508 203 684 240 LIBER
713 201 1049 241 SECUNDUS.
1423 204 1504 240 463·

78 311 269 352 tenebras
291 310 526 366 cogitemus
555 316 704 359 tantas,
735 316 900 363 quantae
927 309 1140 364 quondam
1168 309 1385 362 eruptione
1405 312 1500 353 AEt-
1513 323 1565 370 96

79 382 266 408 naeorum
288 368 447 422 ignium
477 365 671 405 finitimas
701 365 892 420 regiones
918 365 1201 406 obscuravisse
1221 364 1431 417 dicuntur,
1454 377 1501 408 ut

76 437 152 478 per
172 424 348 464 biduum
375 437 496 463 nemo
526 421 740 461 hominem
773 420 902 461 homo
933 430 1209 476 agnosceret:
1241 436 1337 461 cum
1361 432 1501 463 autem

77 481 202 520 tertio
243 480 309 521 die
343 478 405 519 sol
442 478 657 527 illuxisset,
694 487 785 518 tum
821 487 868 518 ut
907 477 1098 517 revixisse
1136 478 1214 517 sibi
1252 477 1502 519 viderentur.

79 537 208 591 Quod
230 537 263 576 si
284 535 363 575 hoc
385 534 494 574 idem
517 549 567 575 ex
595 534 758 574 aeternis
786 533 966 574 tenebris
995 534 1273 588 contingeret,
1294 543 1342 574 ut
1362 534 1502 574 subito

76 592 213 633 lucem
248 591 582 646 adspiceremus:
614 605 807 646 quaenam
840 590 997 645 species
1028 590 1120 630 caeli
1148 589 1384 630 videretur?
1419 590 1502 631 Sed

76 648 316 689 assiduitate
345 647 588 702 quotidiana
617 657 660 687 et
687 646 988 688 consuetudine
1014 646 1236 687 oculorum
1258 655 1502 687 assuescunt
1514 657 1545 687 b.

76 705 230 745 animi:
263 717 397 758 neque
431 703 703 754 admirantur,
737 718 871 759 neque
905 704 1122 758 requirunt
1151 703 1333 743 rationes
1358 716 1501 744 earum

77 775 230 811 rerum,
251 774 353 815 quas
375 774 540 815 semper
565 760 731 800 vident:
763 759 936 815 proinde
967 760 1085 815 quasi
1116 759 1274 800 novitas
1305 773 1380 800 nos
1412 774 1503 799 ma-

75 817 156 872 gis,
190 831 316 871 quam
346 816 596 871 magnitudo
629 831 766 857 rerum
801 817 954 857 debeat
975 816 1027 857 ad
1056 815 1329 871 exquirendas
1358 830 1503 856 causas

77 873 269 914 excitare.
329 873 436 929 Quis
457 873 568 913 enim
603 873 713 914 hunc
746 873 960 914 hominem
990 873 1154 923 dixerit,
1185 872 1256 927 qui
1286 887 1384 912 cum
1415 880 1501 912 tam
1516 882 1566 924 97

76 938 213 970 certos
235 929 327 970 caeli
347 938 504 980 motus,
524 939 610 970 tam
639 939 748 970 ratos
781 938 988 970 astrorum
1020 929 1199 979 ordines,
1220 937 1389 984 tamque
1409 943 1504 969 om-

77 985 146 1026 nia
164 986 271 1026 inter
288 1000 331 1026 se
351 1000 537 1026 connexa
557 994 598 1026 et
620 994 717 1040 apta
737 985 899 1035 viderit,
923 995 1050 1040 neget
1071 986 1110 1025 in
1133 985 1197 1025 his
1220 985 1347 1026 ullam
1371 985 1505 1026 inesse

75 1042 295 1092 rationem,
315 1057 447 1097 eaque
468 1056 567 1082 casu
587 1042 674 1082 fieri
694 1041 819 1091 dicat,
840 1057 934 1097 quae
960 1051 1118 1097 quanto
1150 1042 1327 1082 consilio
1355 1055 1505 1097 geran-

75 1106 158 1148 tur,
181 1098 297 1138 nullo
318 1098 494 1139 consilio
515 1098 680 1154 assequi
700 1099 951 1153 possumus?
986 1099 1055 1138 An
1074 1113 1170 1138 cum
1193 1098 1505 1140 machinatione

77 1154 257 1210 quadam
278 1155 434 1195 moveri
455 1155 613 1210 aliquid
642 1155 844 1204 videmus,
866 1164 911 1195 ut
941 1155 1161 1209 sphaeram,
1188 1162 1203 1185 8
1222 1165 1270 1195 ut
1300 1154 1438 1205 horas,
1458 1164 1507 1196 ut

78 1211 158 1251 alia
177 1211 411 1266 permulta3
444 1226 527 1252 non
557 1211 812 1262 dubitamus,
835 1211 934 1266 quin
956 1211 1026 1252 illa
1046 1225 1173 1267 opera
1195 1210 1277 1251 sint
1306 1212 1475 1252 rationis
1495 1229 1505 1252 ε

77 1281 174 1308 cum
197 1278 339 1308 autem
369 1268 576 1323 impetum
605 1268 697 1308 caeli
727 1268 961 1308 admirabili
981 1282 1077 1309 cum
1104 1268 1315 1308 celeritate
1334 1268 1506 1318 moveri,

77 1323 261 1379 vertique
283 1324 509 1374 videamus,
528 1324 864 1365 constantissime
883 1324 1174 1366 conficientem
1204 1324 1506 1365 vicissitudines

79 1381 386 1431 anniversarias,
408 1395 505 1421 cum
526 1395 691 1421 summa
712 1381 843 1421 salute
861 1389 903 1421 et
924 1380 1238 1422 conservatione
1258 1395 1395 1421 rerum
1415 1395 1508 1421 om-

80 1437 219 1477 nium:
241 1437 498 1487 dubitamus,
521 1437 619 1492 quin
639 1451 688 1477 ea
709 1452 794 1477 non
816 1436 951 1477 solum
972 1438 1133 1478 ratione
1154 1437 1267 1487 fiant,
1286 1437 1357 1478 sed
1379 1437 1506 1477 etiam

79 1493 297 1533 excellenti
327 1493 524 1548 quadam,
546 1493 764 1548 divinaque
796 1493 987 1533 ratione?
1021 1495 1142 1536 Licet
1171 1493 1282 1533 enim
1311 1493 1417 1549 jam,
1440 1508 1505 1534 re-
1519 1500 1570 1542 98

80 1557 199 1589 mota
218 1550 448 1591 subtilitate
467 1550 719 1605 disputandi,
740 1549 872 1589 oculis
894 1549 1209 1603 quodammodo
1231 1550 1508 1605 contemplari

78 1605 404 1660 pulcritudinem
426 1620 563 1648 rerum
584 1620 740 1656 earum,
763 1620 864 1661 quas
886 1606 1022 1647 divina
1041 1606 1303 1662 providentia
1330 1606 1509 1648 dicimus

81 1670 346 1702 consututas.

137 1719 204 1759 Ac
226 1718 429 1774 principio
450 1728 558 1759 terra
576 1719 763 1760 universa
777 1727 983 1766 cernatur,
999 1716 1138 1759 locata
1154 1719 1195 1760 in
1212 1719 1349 1761 media
1365 1720 1510 1762 mundi
1522 1719 1593 1773 39

80 1773 194 1824 sede,
216 1774 363 1826 solida,
383 1784 425 1815 et
454 1775 648 1830 globosa,
670 1784 712 1816 et
741 1775 927 1831 undique
946 1776 1035 1830 ipsa
1055 1773 1097 1814 in
1118 1789 1205 1816 sese
1233 1777 1401 1818 nutibus
1425 1777 1509 1817 suis

80 1830 351 1886 conglobata,
373 1832 519 1872 vestita
533 1832 721 1881 floribus,
743 1832 897 1882 herbis,
918 1831 1153 1881 arboribus,
1175 1833 1382 1888 frugibus.
1404 1848 1512 1888 quo-

82 1902 177 1928 rum
205 1888 393 1928 omnium
427 1888 680 1929 incredibilis
711 1888 954 1938 multitudo,
976 1888 1200 1930 insatiabili
1229 1889 1426 1930 varietate
1447 1890 1511 1930 di-

84 1942 324 1998 stinguitur.
383 1943 507 1984 Adde
536 1944 619 1985 huc
641 1944 820 1985 fontium
853 1945 1014 2000 gelidas
1044 1946 1354 1999 peremnitates,
1377 1946 1514 2001 liquo-

83 2013 148 2040 res
181 1999 418 2054 perlucidos
452 2001 655 2050 amnium,
686 2001 868 2056 riparum
901 2002 1073 2042 vestitus
1104 2001 1389 2053 viridissimos,
1416 2017 1514 2058 spe-

83 2055 302 2096 luncarum
324 2070 525 2097 concavas
555 2056 812 2108 altitudines,
835 2072 1029 2098 saxorum
1060 2059 1319 2113 asperitates,
1348 2061 1513 2114 impen-

86 2112 275 2152 dentium
306 2113 513 2153 montium
545 2113 800 2164 altitudines,
822 2114 1206 2170 immensitatesque
1237 2130 1513 2171 camporum:

84 2168 191 2209 adde
221 2169 347 2209 etiam
379 2169 614 2210 reconditas
645 2170 749 2220 auri,
778 2171 1025 2226 argentique
1054 2185 1193 2221 venas,
1223 2172 1513 2227 infinitamque

86 2224 166 2264 vim
187 2225 421 2266 marmoris.
480 2226 590 2267 Quae
612 2240 722 2276 vero,
744 2234 787 2266 et
817 2242 941 2282 quam
974 2227 1082 2268 varia
1109 2241 1265 2282 genera
1283 2228 1509 2270 bestiarum
1523 2238 1596 2277 99·

83 2281 147 2321 vel
176 2281 380 2332 cicurum,
400 2282 465 2323 vel
496 2282 707 2323 ferarum?
740 2282 812 2338 qui
833 2283 1047 2323 volucrum
1079 2283 1233 2338 lapsus,
1256 2293 1381 2339 atque
1412 2299 1510 2325 can·
1523 2296 1617 2330 p.4⁶.

85 2345 152 2378 tus
171 2338 184 2377 ?
218 2338 289 2393 qui
310 2338 520 2393 pecudum
543 2348 686 2393 pastus
705 2340 718 2379 ?
752 2354 844 2394 quae
866 2339 948 2380 vita
972 2339 1221 2380 silvestrium
1244 2342 1257 2381 ?
1289 2341 1404 2396 Quid
1418 2341 1511 2397 jam
1521 2343 1551 2364 a.

85 2393 136 2433 de
154 2392 373 2435 hominum
394 2409 548 2450 genere
568 2395 732 2435 dicam?
767 2395 839 2451 qui
868 2396 985 2451 quasi
1012 2396 1194 2437 cultores
1215 2405 1335 2437 terrae
1355 2398 1512 2438 consti-

86 2449 186 2500 tuti,
203 2465 288 2491 non
317 2452 533 2506 patiuntur
562 2466 671 2502 eam,
693 2466 769 2492 nec
797 2452 1058 2493 immanitate
1089 2452 1305 2494 beluarum
1337 2454 1514 2504 efferari,

90 2518 164 2546 nec
199 2507 390 2561 stirpium
420 2508 643 2564 asperitate
674 2509 849 2549 vastari:
881 2523 1147 2564 quorumque
1179 2510 1376 2564 operibus
1409 2510 1514 2565 agri,

88 2561 247 2613 insulae,
268 2563 473 2620 litoraque
494 2564 721 2614 collucent,
742 2564 939 2605 distincta
959 2566 1094 2616 tectis,
1110 2574 1153 2607 et
1167 2566 1357 2607 urbibus.
1404 2568 1513 2622 Quae

89 2617 138 2667 si,
160 2626 207 2658 ut
229 2619 390 2671 animis,
412 2621 469 2662 sic
489 2621 622 2662 oculis
653 2621 789 2662 videre
819 2635 1052 2676 possemus,
1074 2636 1198 2663 nemo
1228 2632 1425 2664 cunctam
1451 2623 1516 2663 in-

91 2682 212 2714 tuens
243 2683 409 2726 terram,
431 2677 482 2717 de
516 2677 652 2718 divina
682 2678 842 2719 ratione
872 2677 1095 2719 dubitaret.
1154 2679 1216 2720 At
1236 2694 1332 2720 vero
1362 2688 1517 2734 quanta
1531 2693 1608 2725 100

92 2730 216 2770 maris
236 2739 299 2770 est
320 2731 558 2786 pulcritudo
578 2735 591 2774 ?
624 2749 719 2789 quae
749 2734 906 2789 species
934 2735 1141 2776 universi?
1174 2750 1268 2791 quae
1289 2734 1519 2777 multitudo

91 2794 133 2825 et
151 2786 324 2828 varietas
354 2787 611 2831 insularum?
644 2805 738 2846 quae
769 2791 1032 2833 amoenitates
1058 2806 1224 2833 orarum
1248 2802 1291 2833 et
1310 2792 1480 2833 litorum
1497 2791 1522 2831 ἒ·

261 2937 278 2960 8
295 2937 326 2959 nt
342 2929 437 2971 horas]
458 2932 519 2962 Hic
535 2934 708 2965 necessario
725 2933 928 2974 horologium
945 2933 1076 2974 intelligi
1093 2935 1196 2965 debet.
1210 2944 1240 2965 v.
1255 2934 1342 2964 clav.
