1778 3095
556 118 740 156 LIBER
766 117 1050 157 TERTrus.
1441 127 1518 169 49⁵

89 236 260 265 necesse
295 233 373 266 est.
431 223 759 264 Innumerabilia
789 230 901 273 sunt,
931 237 981 264 ex
1013 222 1165 279 quibus
1200 221 1308 264 effici
1337 225 1518 281 cogique
1530 234 1583 269 34

89 282 237 336 possit,
259 281 363 321 nihil
382 293 486 330 esse,
506 279 621 343 quod
643 293 811 320 sensum
836 279 1006 329 habeat,
1028 280 1129 334 quin
1148 279 1193 320 id
1210 279 1402 321 intereat.
1433 292 1520 324 ete-

91 337 178 377 nim
202 352 250 378 ea
269 338 373 393 ipsa,
392 351 486 393 quae
517 335 766 385 sentiuntur,
787 343 836 377 ut
863 335 996 390 frigus
1027 344 1070 376 et
1101 336 1230 386 calor,
1250 345 1299 377 ut
1326 336 1520 393 voluptas

90 402 134 434 et
165 394 301 444 dolor,
335 402 382 434 ut
412 401 564 443 cetera,
594 407 692 433 cum
723 391 981 456 amplificata
1010 402 1122 443 sunt,
1152 393 1413 434 interimunt.
1445 410 1522 436 nee

91 450 227 491 ullum
247 449 401 491 animal
421 457 484 490 est
503 449 592 489 sine
620 463 757 490 sensu.
778 448 942 489 nullum
972 448 1104 512 igitur
1130 449 1284 489 animal
1309 461 1372 490 est
1401 460 1524 491 aeter-

94 521 210 547 num.
270 505 436 547 Etenim
457 514 531 546 aut
551 505 729 560 simplex
749 514 812 546 est
833 513 981 546 natura
1010 505 1248 555 animantis,
1268 514 1316 546 ut
1346 505 1410 547 vel
1440 515 1525 548 ter·
1542 507 1610 554 14

91 577 193 604 rena
212 563 279 613 sit,
299 563 359 603 vel
390 562 529 617 ignea,
550 562 613 603 vel
634 568 674 593 36
687 561 892 613 animalis,
926 561 991 602 vel
1021 561 1225 602 humida:
1258 562 1373 617 quod
1403 563 1527 618 quale

92 619 161 670 sit,
195 634 246 660 ne
275 618 453 674 intelligi
485 618 657 675 quidem
689 626 854 674 potest.
886 626 923 655 37
940 627 1012 659 aut
1032 627 1230 659 concreta
1258 633 1308 659 ex
1335 619 1526 674 pluribus

93 676 266 725 naturis,
289 690 467 730 quarum
485 690 608 716 suum
640 690 820 732 quaeque
848 675 992 716 locum
1019 675 1186 726 habeat,
1207 682 1246 705 38
1262 690 1346 731 quo
1366 685 1528 718 naturae

94 731 133 773 vi
154 732 334 772 feratur.
366 732 447 772 alia
467 732 674 783 infimum,
695 732 775 773 alia
805 747 1034 783 summum,
1055 732 1135 772 alia
1158 731 1359 773 medium.
1420 734 1529 774 Haee

94 787 148 829 ad
169 787 384 843 quoddam
406 797 572 845 tempus
593 788 803 830 cohaerere
823 798 1026 844 possunt:
1059 802 1223 844 semper
1246 797 1387 830 autem
1410 789 1529 830 nullo

95 845 227 886 modo
260 854 452 909 possunt.
484 860 651 886 necesse
685 854 750 885 est
783 846 909 895 enim,
945 860 1067 886 suum
1101 860 1280 909 quaeque
1313 846 1354 887 in
1385 846 1529 887 locum

96 910 246 942 natura
266 902 464 957 rapiatur.
496 902 660 943 nullum
681 901 813 956 igitur
833 901 988 942 animal
1008 910 1071 942 est
1093 903 1409 957 sempiternum.

154 958 238 999 Sed
274 958 416 998 omnia
446 958 584 1008 vestri,
617 958 763 1008 Balbe,
798 958 934 998 solent
963 958 1017 998 ad
1048 959 1215 1021 igneam
1246 960 1327 999 vim
1362 959 1529 1012 referre,
1542 971 1592 1005 35

99 1014 380 1064 Heraclitum,
402 1023 449 1055 ut
473 1015 638 1069 opinor,
660 1023 910 1070 sequentes:
943 1029 1066 1079 que-m
1099 1029 1239 1070 ipsum
1270 1031 1353 1057 non
1384 1021 1576 1057 omnesb·

96 1070 422 1126 interpretantur
452 1086 536 1112 uno
568 1071 712 1112 modo.
743 1079 783 1105 39
800 1071 873 1127 qui
904 1071 1119 1127 quoniam,
1146 1071 1250 1135 quid
1280 1072 1449 1123 diceret,
1469 1073 1533 1113 in-

98 1127 234 1183 telligi
255 1127 404 1178 noluit,
426 1129 688 1169 omittamus
720 1143 791 1169 vos
814 1136 955 1169 autem
986 1128 1046 1169 ita
1075 1127 1228 1178 dicitis,
1251 1143 1422 1170 omnem
1452 1130 1537 1170 vim

98 1197 189 1224 esse
213 1184 375 1248 ignem.
394 1185 548 1248 itaque
577 1194 619 1225 et
649 1184 894 1235 animantes,
927 1199 1026 1226 cum
1058 1185 1174 1226 calor
1202 1185 1414 1237 defecerit,
1443 1194 1536 1227 tum

100 1239 298 1282 interire:
330 1250 373 1281 et
394 1240 435 1281 in
457 1241 573 1282 omni
593 1250 742 1282 natura
771 1256 911 1282 rerum
941 1240 985 1281 id
1014 1241 1160 1292 vivere,
1181 1241 1224 1282 id
1249 1242 1401 1297 vigere,
1423 1242 1539 1298 quod

101 1297 252 1338 caleat.
283 1312 364 1361 ego
384 1306 526 1338 autem
548 1312 632 1338 non
654 1298 862 1353 intelligo,
884 1312 970 1353 quo
991 1297 1135 1348 modo,
1157 1299 1296 1339 calore
1315 1299 1538 1350 exstineto,

102 1367 281 1409 corpora
309 1355 528 1404 intereant,
552 1370 636 1395 non
667 1355 886 1405 intereant,
908 1354 1086 1395 humore
1106 1364 1178 1395 aut
1197 1355 1344 1410 spiritu
1368 1355 1539 1407 amisso,

104 1410 340 1464 praesertim
362 1426 459 1452 cum
480 1412 687 1453 intereant
715 1411 842 1452 etiam
873 1411 1004 1452 nimio
1032 1410 1186 1452 calore.
1244 1412 1538 1454 Quamobrem
1550 1419 1604 1458 36

102 1466 147 1506 id
170 1467 340 1522 quidem
363 1477 403 1500 40
416 1482 641 1509 commune
662 1478 725 1508 est
746 1468 797 1508 de
818 1467 982 1508 calido·
1014 1477 1301 1509 xerumtamen
1326 1468 1540 1510 rideamus

102 1523 278 1564 exitum.
341 1525 405 1564 Ita
435 1525 572 1575 tultis,
602 1525 767 1579 opinor,
793 1533 828 1555 41
847 1524 952 1564 1111111
982 1539 1072 1565 6556
1102 1525 1257 1566 animal
1283 1525 1542 1567 extrinsecus

103 1577 146 1619 in
183 1589 332 1621 natura
365 1590 491 1636 atque
527 1581 703 1631 mundo,
738 1589 890 1636 praeter
922 1581 1079 1636 ignem.
1115 1596 1186 1636 qui
1224 1582 1376 1637 magis,
1413 1597 1542 1646 quam

103 1644 257 1690 praeter
277 1637 476 1687 animam,
498 1638 609 1678 unde
638 1638 913 1678 animantium
935 1652 1105 1693 quoque
1125 1646 1164 1669 ⁴2
1178 1647 1342 1679 constet
1362 1639 1544 1690 animus,

104 1706 156 1733 ex
176 1708 261 1748 quo
280 1694 419 1735 anima
439 1694 618 1736 dicitur.
611 1696 623 1726 ³
658 1708 742 1751 quo
765 1694 894 1734 modo
915 1702 1057 1734 autem
1078 1694 1174 1745 hoc,
1195 1695 1314 1750 quasi
1335 1695 1544 1737 conceda-

106 1757 190 1800 tur,
225 1751 404 1801 sumitis,
438 1751 543 1791 nihil
580 1766 671 1792 esse
705 1751 908 1801 animum,
946 1750 1024 1790 nisi
1060 1751 1241 1806 ignem?
1283 1752 1544 1816 probabilius

107 1806 220 1847 enim
241 1807 416 1858 videtur,
437 1807 521 1849 tale
542 1808 741 1864 quiddam
768 1822 858 1848 6556
889 1807 1092 1858 animum,
1113 1816 1163 1849 ut
1193 1807 1247 1849 sit
1273 1822 1324 1849 ex
1353 1808 1453 1864 igne
1483 1818 1547 1851 at-

153 1912 194 1937 36
211 1905 363 1947 animalis]
383 1908 401 1938 i.
418 1917 445 1938 6.
461 1909 555 1938 aeria.
571 1918 602 1938 v.
620 1907 707 1938 Clav.

851 1914 913 1937 est:
939 1917 1004 1938 non
1026 1909 1055 1939 id
1075 1910 1238 1948 proprium
1256 1909 1368 1947 calido,
1386 1911 1440 1941 sed
1460 1921 1550 1942 com-

154 1955 192 1985 37
211 1957 263 1979 aut
275 1950 417 1989 concreta]
440 1951 491 1981 Sic
508 1952 656 1981 Davisius
673 1951 808 1981 correxit

852 1961 951 1981 mune
978 1961 1055 1982 cum
1081 1952 1149 1983 aliis
1175 1955 1293 1984 naturis
1318 1955 1440 1994 primis,
1464 1956 1548 1994 affre,

109 1992 274 2031 vulgatam
299 1993 483 2031 lectionem,
499 2005 571 2034 quae
594 2001 624 2024 et
647 1995 679 2024 in
703 1995 810 2034 pleris-
851 2003 945 2033 aqua,
963 2001 1052 2024 terra.

109 2046 174 2074 que
191 2037 269 2066 Mss.
286 2044 344 2073 est,
361 2047 401 2066 ex
423 2038 493 2068 edd.
510 2038 703 2076 quibusdam
726 2044 808 2067 vete-

112 2079 215 2109 ribus:
240 2086 271 2109 et
286 2089 332 2110 res
349 2080 486 2119 postulat
502 2081 545 2110 516
562 2081 688 2120 corrigi:
716 2081 808 2110 refer-

110 2129 162 2152 tur
177 2123 265 2152 enim
287 2124 326 2153 ad
348 2124 454 2161 verba,
470 2131 574 2153 natura
598 2124 754 2153 animantis
769 2130 810 2153 est

114 2164 250 2204 simplex.

156 2215 195 2238 38
215 2219 269 2249 quo
293 2215 407 2238 naturae
422 2209 457 2239 vi
473 2207 624 2250 qfferatur]
655 2209 730 2239 Sine
752 2210 811 2239 du-

112 2251 166 2281 bio
188 2251 395 2282 scribendum
418 2262 495 2282 curn
514 2253 662 2282 Walkero
674 2253 808 2293 feratur.

113 2304 192 2324 nam
207 2304 272 2324 non
289 2301 416 2325 tantum
439 2297 477 2325 de
498 2296 568 2326 loco
583 2297 733 2334 superiori
749 2305 812 2325 ser-

116 2347 171 2366 mo
186 2345 244 2374 est,
261 2339 314 2367 sed
331 2339 426 2368 etiam
442 2340 547 2369 medio
559 2346 588 2368 et
605 2339 719 2369 infimo
735 2350 744 2376 ;
760 2340 812 2368 (16-

114 2379 230 2419 betque
254 2382 386 2412 verbum
409 2383 561 2412 omnibus
586 2389 697 2421 aptum
720 2392 809 2412 esse:

115 2424 201 2461 quod
225 2424 256 2453 in
283 2424 390 2454 solum
403 2425 529 2465 feratur
551 2426 652 2455 cadit:
676 2432 707 2454 et
732 2435 814 2464 saepe

116 2466 218 2495 verbis
237 2466 459 2506 incipientibus
476 2468 515 2498 ab
531 2469 553 2497 f.
569 2468 673 2498 addita
695 2475 740 2498 est
762 2468 816 2499 1116

117 2507 240 2547 syllaba
255 2509 294 2548 ef.
310 2509 350 2539 ab
366 2511 507 2541 librariis.
533 2518 602 2541 turn
620 2518 689 2551 post
704 2518 749 2540 est
765 2523 814 2540 ra-

112 2551 231 2590 piatur,
248 2553 333 2589 quod
345 2553 438 2591 plane
453 2563 508 2593 par
523 2561 569 2584 est
585 2555 764 2595 ‹rq'iferatun

162 2600 202 2626 39
240 2594 291 2634 qui
327 2596 475 2635 quoniam]
514 2597 662 2628 Davisius
706 2596 817 2628 mallet

119 2647 218 2678 quem,
235 2637 294 2667 nisi
311 2647 422 2668 omnes
438 2639 507 2670 libri
531 2641 564 2670 in
587 2640 637 2682 qui
659 2641 817 2671 consenti-

120 2686 200 2709 rent.
223 2685 253 2709 et
276 2681 307 2710 id
329 2681 407 2711 foret
427 2682 544 2713 durum
567 2685 678 2722 pariter
694 2692 731 2714 ac
746 2684 816 2714 vul-

120 2728 245 2761 gatum,
261 2723 337 2762 quia
351 2735 433 2765 quem
450 2735 527 2755 mox
542 2728 708 2764 praecessit.

165 2773 206 2795 40
219 2776 361 2795 commune
372 2773 412 2795 est
427 2766 462 2796 de
477 2767 585 2808 calido]
604 2770 624 2800 i.
639 2779 657 2799 e
671 2769 756 2808 quod
778 2769 817 2799 de

121 2807 225 2837 calido
241 2809 353 2844 dicitis,
378 2810 407 2839 id
431 2811 552 2847 ceteris,
568 2811 717 2849 humido,
734 2813 818 2842 aerio

125 2851 182 2881 &c
201 2851 339 2883 malim
331 2861 437 2885 amen
461 2852 495 2884 de
516 2853 622 2886 deleri.
644 2856 687 2887 ita
707 2864 818 2888 sensus

894 2045 931 2067 41
956 2037 1033 2066 nihil
1052 2049 1108 2067 esse
1128 2038 1243 2068 animal
1262 2039 1436 2070 extrinsecus
1453 2039 1482 2069 in
1496 2052 1550 2070 na·

852 2087 917 2109 tura
935 2080 1006 2120 &e.]
1027 2082 1128 2111 Locus
1151 2082 1304 2113 obscurus
1320 2089 1350 2112 et
1364 2083 1432 2113 sine
1452 2084 1551 2114 dubio

851 2124 1003 2161 vitiosus3
1041 2124 1207 2164 placetque
1243 2127 1392 2156 correctio
1423 2126 1553 2157 Buherii

855 2166 1023 2195 intrinsecus
1040 2167 1211 2206 legendum
1223 2168 1405 2205 judicantis.
1423 2169 1464 2198 ita
1481 2179 1554 2200 5611-

853 2219 906 2239 5115
930 2210 998 2245 erit,
1016 2210 1095 2239 nihil
1120 2210 1234 2240 habere
1252 2211 1283 2240 in
1299 2222 1332 2241 se
1347 2212 1413 2242 vim
1429 2213 1553 2242 anima-

854 2252 932 2288 lem,
956 2259 987 2282 et
1011 2253 1091 2282 nihil
1115 2254 1235 2283 animal
1256 2254 1306 2284 vel
1330 2255 1469 2284 animale
1491 2256 1552 2285 dici

855 2305 956 2334 posse,
981 2303 1090 2335 praeter
1113 2296 1231 2335 ignem.
1278 2297 1364 2328 Huic
1387 2299 1554 2337 respondet

857 2338 948 2368 Cotta
962 2350 968 2367 ι
993 2349 1026 2369 56
1042 2349 1106 2368 11011
1122 2340 1239 2376 videre,
1256 2349 1352 2379 quare
1368 2341 1398 2370 id
1414 2342 1479 2380 igni
1497 2351 1554 2381 po-

857 2383 918 2411 tius
935 2381 1100 2418 tribuatur,
1117 2392 1216 2421 quam
1239 2383 1357 2420 animae,
1375 2393 1393 2413 a
1408 2393 1471 2424 qua
1485 2385 1554 2414 ani-

858 2432 980 2454 mantes
996 2425 1152 2461 dicantur‚
1170 2427 1190 2456 i.
1206 2435 1233 2457 6.
1249 2427 1323 2456 a'eri.

902 2475 940 2497 42
967 2475 1070 2497 constet
1093 2468 1217 2505 animus,
1235 2481 1270 2498 ex
1294 2480 1347 2511 quo
1367 2469 1465 2499 anima
1481 2469 1555 2500 dici-

858 2510 919 2549 tur]
940 2511 1010 2540 Hoc
1026 2511 1163 2541 dubium
1178 2519 1236 2549 est,
1252 2514 1326 2551 quia
1349 2512 1459 2542 Cicero
1479 2513 1555 2543 alibi

858 2554 933 2584 dicit
957 2554 1106 2584 animum
1132 2554 1194 2585 dici
1216 2556 1256 2585 ab
1278 2556 1397 2592 anima,
1412 2557 1509 2586 Τ1156.
1527 2557 1555 2593 1,

861 2605 890 2630 9.
921 2598 1006 2626 unde
1042 2598 1180 2627 Buherio
1216 2598 1319 2638 placet
1351 2578 1557 2639 Lescaloperii

860 2641 1032 2670 correctio:
1056 2651 1091 2670 ex
1118 2652 1171 2682 quo
1197 2641 1312 2670 animal
1333 2641 1450 2672 dicitur.
1496 2642 1557 2671 Sed

859 2683 979 2713 animal
999 2684 1113 2714 dicitur
1133 2685 1236 2723 potius
1257 2685 1296 2714 ab
1318 2685 1447 2714 anima:
1472 2685 1557 2715 unde

858 2734 890 2756 et
905 2727 1012 2756 bestiae
1028 2728 1156 2757 rationis
1179 2734 1332 2766 expertes,
1351 2727 1467 2766 quibus
1490 2737 1556 2757 non

860 2770 1008 2800 tribuitur
1036 2771 1178 2806 6111111115,
1208 2771 1359 2800 dicuntur
1394 2769 1558 2810 animalia,

861 2813 909 2844 An
927 2812 978 2855 qui
991 2824 1026 2843 ex
1041 2813 1139 2845 anima
1150 2812 1258 2845 dicitur
1271 2812 1320 2844 vel
1337 2812 1451 2843 ducitur
1461 2812 1479 2841 ?
