<?xml version="1.0" encoding="UTF-8"?>
<!DOCTYPE html PUBLIC "-//W3C//DTD XHTML 1.0 Transitional//EN"
    "http://www.w3.org/TR/xhtml1/DTD/xhtml1-transitional.dtd">
<html xmlns="http://www.w3.org/1999/xhtml" xml:lang="en" lang="en">
 <head>
  <title>
</title>
<meta http-equiv="Content-Type" content="text/html;charset=utf-8" />
  <meta name='ocr-system' content='tesseract 3.04.00' />
  <meta name='ocr-capabilities' content='ocr_page ocr_carea ocr_par ocr_line ocrx_word'/>
</head>
<body>
  <div class='ocr_page' id='page_1' title='image "./p1operaomnia04ciceuoft_0291.png"; bbox 0 0 1778 3095; ppageno 0'>
   <div class='ocr_carea' id='block_1_1' title="bbox 547 75 1554 116">
    <p class='ocr_par' dir='ltr' id='par_1_1' title="bbox 547 75 1554 116">
     <span class='ocr_line' id='line_1_1' title="bbox 547 75 1554 116; baseline -0.003 0"><span class='ocrx_word' id='word_1_1' title='bbox 547 78 737 116; x_wconf 83' lang='lat' dir='ltr'>LIBER</span> <span class='ocrx_word' id='word_1_2' title='bbox 765 75 1103 114; x_wconf 85' lang='lat' dir='ltr'><strong>SECUNDUS.</strong></span> <span class='ocrx_word' id='word_1_3' title='bbox 1477 81 1554 113; x_wconf 81' lang='lat'><strong>283</strong></span> 
     </span>
    </p>
   </div>
   <div class='ocr_carea' id='block_1_2' title="bbox 114 181 1687 2561">
    <p class='ocr_par' dir='ltr' id='par_1_2' title="bbox 123 181 1687 357">
     <span class='ocr_line' id='line_1_2' title="bbox 125 181 1687 244; baseline -0.006 -15"><span class='ocrx_word' id='word_1_4' title='bbox 125 187 303 239; x_wconf 83' lang='lat' dir='ltr'><strong>eundus,</strong></span> <span class='ocrx_word' id='word_1_5' title='bbox 324 185 590 244; x_wconf 84' lang='lat' dir='ltr'><strong>excipiendus</strong></span> <span class='ocrx_word' id='word_1_6' title='bbox 617 185 772 226; x_wconf 88' lang='lat' dir='ltr'><strong>dolor?</strong></span> <span class='ocrx_word' id='word_1_7' title='bbox 804 182 860 224; x_wconf 91' lang='lat' dir='ltr'><strong>A.</strong></span> <span class='ocrx_word' id='word_1_8' title='bbox 884 183 951 223; x_wconf 90' lang='lat' dir='ltr'><strong>Ita</strong></span> <span class='ocrx_word' id='word_1_9' title='bbox 982 196 1153 238; x_wconf 87' lang='lat' dir='ltr'><strong>prorsus</strong></span> <span class='ocrx_word' id='word_1_10' title='bbox 1183 181 1391 223; x_wconf 85' lang='lat' dir='ltr'><strong>existimo.</strong></span> <span class='ocrx_word' id='word_1_11' title='bbox 1426 197 1555 239; x_wconf 87' lang='lat' dir='ltr'><strong>quare</strong></span> <span class='ocrx_word' id='word_1_12' title='bbox 1568 194 1687 228; x_wconf 62' lang='lat' dir='ltr'><strong>p.17⁸,</strong></span> 
     </span>
     <span class='ocr_line' id='line_1_3' title="bbox 126 238 1598 288; baseline -0.005 -4"><span class='ocrx_word' id='word_1_13' title='bbox 126 259 178 284; x_wconf 92' lang='lat' dir='ltr'><strong>ne</strong></span> <span class='ocrx_word' id='word_1_14' title='bbox 211 245 262 287; x_wconf 86' lang='lat' dir='ltr'><strong>sit</strong></span> <span class='ocrx_word' id='word_1_15' title='bbox 295 260 394 288; x_wconf 87' lang='lat' dir='ltr'><strong>sane</strong></span> <span class='ocrx_word' id='word_1_16' title='bbox 425 256 638 285; x_wconf 89' lang='lat' dir='ltr'><strong>summum</strong></span> <span class='ocrx_word' id='word_1_17' title='bbox 669 240 826 282; x_wconf 85' lang='lat' dir='ltr'><strong>malum</strong></span> <span class='ocrx_word' id='word_1_18' title='bbox 858 238 1006 280; x_wconf 90' lang='lat' dir='ltr'><strong>dolor:</strong></span> <span class='ocrx_word' id='word_1_19' title='bbox 1034 239 1194 280; x_wconf 84' lang='lat' dir='ltr'><strong>malum</strong></span> <span class='ocrx_word' id='word_1_20' title='bbox 1216 245 1328 278; x_wconf 90' lang='lat' dir='ltr'><strong>certe</strong></span> <span class='ocrx_word' id='word_1_21' title='bbox 1351 247 1428 279; x_wconf 88' lang='lat' dir='ltr'><strong>est.</strong></span> <span class='ocrx_word' id='word_1_22' title='bbox 1489 241 1598 282; x_wconf 43' lang='grc' dir='ltr'><strong>ΜΕ·</strong></span> 
     </span>
     <span class='ocr_line' id='line_1_4' title="bbox 123 294 1556 357; baseline -0.003 -15"><span class='ocrx_word' id='word_1_23' title='bbox 123 300 309 343; x_wconf 87' lang='lat' dir='ltr'><strong>Videsne</strong></span> <span class='ocrx_word' id='word_1_24' title='bbox 329 301 472 357; x_wconf 84' lang='lat' dir='ltr'><strong>igitur,</strong></span> <span class='ocrx_word' id='word_1_25' title='bbox 492 306 713 355; x_wconf 87' lang='lat' dir='ltr'><strong>quantum,</strong></span> <span class='ocrx_word' id='word_1_26' title='bbox 733 296 913 339; x_wconf 88' lang='lat' dir='ltr'><strong>breviter</strong></span> <span class='ocrx_word' id='word_1_27' title='bbox 937 295 1194 345; x_wconf 83' lang='lat' dir='ltr'><strong>admonitus,</strong></span> <span class='ocrx_word' id='word_1_28' title='bbox 1216 294 1269 335; x_wconf 92' lang='lat' dir='ltr'><strong>de</strong></span> <span class='ocrx_word' id='word_1_29' title='bbox 1291 294 1449 335; x_wconf 86' lang='lat' dir='ltr'><strong>doloris</strong></span> <span class='ocrx_word' id='word_1_30' title='bbox 1471 306 1556 338; x_wconf 89' lang='lat' dir='ltr'><strong>ter-</strong></span> 
     </span>
    </p>

    <p class='ocr_par' dir='ltr' id='par_1_3' title="bbox 123 351 1619 470">
     <span class='ocr_line' id='line_1_5' title="bbox 126 351 1619 415; baseline -0.001 -17"><span class='ocrx_word' id='word_1_31' title='bbox 126 372 220 400; x_wconf 86' lang='lat' dir='ltr'><strong>rore</strong></span> <span class='ocrx_word' id='word_1_32' title='bbox 241 356 464 415; x_wconf 81' lang='lat' dir='ltr'><strong>dejeceris?</strong></span> <span class='ocrx_word' id='word_1_33' title='bbox 496 356 552 396; x_wconf 90' lang='lat' dir='ltr'><strong>A.</strong></span> <span class='ocrx_word' id='word_1_34' title='bbox 569 354 709 397; x_wconf 87' lang='lat' dir='ltr'><strong>Video</strong></span> <span class='ocrx_word' id='word_1_35' title='bbox 728 353 875 409; x_wconf 91' lang='lat' dir='ltr'><strong>plane:</strong></span> <span class='ocrx_word' id='word_1_36' title='bbox 907 353 982 393; x_wconf 89' lang='lat' dir='ltr'><strong>sed</strong></span> <span class='ocrx_word' id='word_1_37' title='bbox 1000 353 1095 408; x_wconf 89' lang='lat' dir='ltr'><strong>plus</strong></span> <span class='ocrx_word' id='word_1_38' title='bbox 1117 351 1323 393; x_wconf 87' lang='lat' dir='ltr'><strong>desidero.</strong></span> <span class='ocrx_word' id='word_1_39' title='bbox 1383 352 1451 391; x_wconf 89' lang='lat' dir='ltr'><strong>M.</strong></span> <span class='ocrx_word' id='word_1_40' title='bbox 1474 353 1557 393; x_wconf 84' lang='lat' dir='ltr'><strong>Ex·</strong></span> <span class='ocrx_word' id='word_1_41' title='bbox 1577 366 1619 396; x_wconf 87' lang='lat'><strong>15</strong></span> 
     </span>
     <span class='ocr_line' id='line_1_6' title="bbox 123 406 1558 470; baseline -0.004 -15"><span class='ocrx_word' id='word_1_42' title='bbox 123 414 260 470; x_wconf 88' lang='lat' dir='ltr'><strong>periar</strong></span> <span class='ocrx_word' id='word_1_43' title='bbox 289 413 509 469; x_wconf 85' lang='lat' dir='ltr'><strong>equidem:</strong></span> <span class='ocrx_word' id='word_1_44' title='bbox 540 411 616 452; x_wconf 91' lang='lat' dir='ltr'><strong>sed</strong></span> <span class='ocrx_word' id='word_1_45' title='bbox 649 425 806 466; x_wconf 86' lang='lat' dir='ltr'><strong>magna</strong></span> <span class='ocrx_word' id='word_1_46' title='bbox 838 424 903 450; x_wconf 90' lang='lat' dir='ltr'><strong>res</strong></span> <span class='ocrx_word' id='word_1_47' title='bbox 934 418 1023 459; x_wconf 85' lang='lat' dir='ltr'><strong>est3</strong></span> <span class='ocrx_word' id='word_1_48' title='bbox 1055 409 1281 464; x_wconf 87' lang='lat' dir='ltr'><strong>animoque</strong></span> <span class='ocrx_word' id='word_1_49' title='bbox 1313 406 1417 448; x_wconf 86' lang='lat' dir='ltr'><strong>mihi</strong></span> <span class='ocrx_word' id='word_1_50' title='bbox 1451 422 1558 463; x_wconf 88' lang='lat' dir='ltr'><strong>opus</strong></span> 
     </span>
    </p>

    <p class='ocr_par' dir='ltr' id='par_1_4' title="bbox 125 464 1559 524">
     <span class='ocr_line' id='line_1_7' title="bbox 125 464 1559 524; baseline -0.004 -12"><span class='ocrx_word' id='word_1_51' title='bbox 125 480 190 512; x_wconf 89' lang='lat' dir='ltr'><strong>est</strong></span> <span class='ocrx_word' id='word_1_52' title='bbox 224 485 306 512; x_wconf 90' lang='lat' dir='ltr'><strong>non</strong></span> <span class='ocrx_word' id='word_1_53' title='bbox 338 477 614 524; x_wconf 81' lang='lat' dir='ltr'><strong>repugnante.</strong></span> <span class='ocrx_word' id='word_1_54' title='bbox 671 469 728 508; x_wconf 90' lang='lat' dir='ltr'><strong>A.</strong></span> <span class='ocrx_word' id='word_1_55' title='bbox 753 466 944 508; x_wconf 84' lang='lat' dir='ltr'><strong>Habebis</strong></span> <span class='ocrx_word' id='word_1_56' title='bbox 974 466 1018 507; x_wconf 92' lang='lat' dir='ltr'><strong>id</strong></span> <span class='ocrx_word' id='word_1_57' title='bbox 1048 465 1236 521; x_wconf 88' lang='lat' dir='ltr'><strong>quidem.</strong></span> <span class='ocrx_word' id='word_1_58' title='bbox 1267 475 1315 505; x_wconf 93' lang='lat' dir='ltr'><strong>ut</strong></span> <span class='ocrx_word' id='word_1_59' title='bbox 1335 464 1445 505; x_wconf 89' lang='lat' dir='ltr'><strong>enim</strong></span> <span class='ocrx_word' id='word_1_60' title='bbox 1468 464 1559 506; x_wconf 88' lang='lat' dir='ltr'><strong>heri</strong></span> 
     </span>
    </p>

    <p class='ocr_par' dir='ltr' id='par_1_5' title="bbox 123 522 1474 580">
     <span class='ocr_line' id='line_1_8' title="bbox 123 522 1474 580; baseline -0.005 -12"><span class='ocrx_word' id='word_1_61' title='bbox 123 527 217 577; x_wconf 86' lang='lat' dir='ltr'><strong>feci,</strong></span> <span class='ocrx_word' id='word_1_62' title='bbox 237 527 295 568; x_wconf 88' lang='lat' dir='ltr'><strong>sic</strong></span> <span class='ocrx_word' id='word_1_63' title='bbox 314 540 424 567; x_wconf 90' lang='lat' dir='ltr'><strong>nunc</strong></span> <span class='ocrx_word' id='word_1_64' title='bbox 444 525 665 576; x_wconf 85' lang='lat' dir='ltr'><strong>rationem,</strong></span> <span class='ocrx_word' id='word_1_65' title='bbox 688 539 773 580; x_wconf 89' lang='lat' dir='ltr'><strong>quo</strong></span> <span class='ocrx_word' id='word_1_66' title='bbox 795 538 843 565; x_wconf 89' lang='lat' dir='ltr'><strong>ea</strong></span> <span class='ocrx_word' id='word_1_67' title='bbox 861 538 929 563; x_wconf 87' lang='lat' dir='ltr'><strong>me</strong></span> <span class='ocrx_word' id='word_1_68' title='bbox 949 537 1132 578; x_wconf 88' lang='lat' dir='ltr'><strong>cumque</strong></span> <span class='ocrx_word' id='word_1_69' title='bbox 1148 522 1287 573; x_wconf 87' lang='lat' dir='ltr'><strong>ducet,</strong></span> <span class='ocrx_word' id='word_1_70' title='bbox 1310 536 1474 577; x_wconf 89' lang='lat' dir='ltr'><strong>sequar.</strong></span> 
     </span>
    </p>

    <p class='ocr_par' dir='ltr' id='par_1_6' title="bbox 114 578 1621 2561">
     <span class='ocr_line' id='line_1_9' title="bbox 179 578 1606 637; baseline -0.003 -13"><span class='ocrx_word' id='word_1_71' title='bbox 179 584 244 624; x_wconf 88' lang='lat' dir='ltr'><strong>M.</strong></span> <span class='ocrx_word' id='word_1_72' title='bbox 265 583 452 623; x_wconf 84' lang='lat' dir='ltr'><strong>Primum</strong></span> <span class='ocrx_word' id='word_1_73' title='bbox 480 582 613 637; x_wconf 86' lang='lat' dir='ltr'><strong>igitur</strong></span> <span class='ocrx_word' id='word_1_74' title='bbox 642 582 694 622; x_wconf 86' lang='lat' dir='ltr'><strong>de</strong></span> <span class='ocrx_word' id='word_1_75' title='bbox 723 580 1012 621; x_wconf 83' lang='lat' dir='ltr'><strong>imbecillitate</strong></span> <span class='ocrx_word' id='word_1_76' title='bbox 1033 579 1280 629; x_wconf 87' lang='lat' dir='ltr'><strong>multorum,</strong></span> <span class='ocrx_word' id='word_1_77' title='bbox 1300 587 1342 619; x_wconf 87' lang='lat' dir='ltr'><strong>et</strong></span> <span class='ocrx_word' id='word_1_78' title='bbox 1362 578 1413 618; x_wconf 86' lang='lat' dir='ltr'><strong>de</strong></span> <span class='ocrx_word' id='word_1_79' title='bbox 1434 578 1558 620; x_wconf 88' lang='lat' dir='ltr'><strong>variis</strong></span> <span class='ocrx_word' id='word_1_80' title='bbox 1572 582 1606 635; x_wconf 73' lang='lat' dir='ltr'><strong>(j</strong></span> 
     </span>
     <span class='ocr_line' id='line_1_10' title="bbox 123 635 1560 695; baseline -0.003 -15"><span class='ocrx_word' id='word_1_81' title='bbox 123 639 352 695; x_wconf 89' lang='lat' dir='ltr'><strong>disciplinis</strong></span> <span class='ocrx_word' id='word_1_82' title='bbox 382 638 736 694; x_wconf 86' lang='lat' dir='ltr'><strong>philosophorum</strong></span> <span class='ocrx_word' id='word_1_83' title='bbox 766 638 941 693; x_wconf 87' lang='lat' dir='ltr'><strong>loquar:</strong></span> <span class='ocrx_word' id='word_1_84' title='bbox 982 651 1163 693; x_wconf 91' lang='lat' dir='ltr'><strong>quorum</strong></span> <span class='ocrx_word' id='word_1_85' title='bbox 1192 635 1386 691; x_wconf 87' lang='lat' dir='ltr'><strong>princeps</strong></span> <span class='ocrx_word' id='word_1_86' title='bbox 1414 643 1456 675; x_wconf 91' lang='lat' dir='ltr'><strong>et</strong></span> <span class='ocrx_word' id='word_1_87' title='bbox 1483 650 1560 676; x_wconf 87' lang='lat' dir='ltr'><strong>au-</strong></span> 
     </span>
     <span class='ocr_line' id='line_1_11' title="bbox 121 691 1559 751; baseline -0.003 -14"><span class='ocrx_word' id='word_1_88' title='bbox 121 696 330 747; x_wconf 86' lang='lat' dir='ltr'><strong>ctoritate,</strong></span> <span class='ocrx_word' id='word_1_89' title='bbox 350 705 393 736; x_wconf 92' lang='lat' dir='ltr'><strong>et</strong></span> <span class='ocrx_word' id='word_1_90' title='bbox 412 696 675 751; x_wconf 82' lang='lat' dir='ltr'><strong>antiquitate,</strong></span> <span class='ocrx_word' id='word_1_91' title='bbox 699 695 938 736; x_wconf 88' lang='lat' dir='ltr'><strong>Socraticus</strong></span> <span class='ocrx_word' id='word_1_92' title='bbox 957 693 1214 749; x_wconf 79' lang='lat' dir='ltr'><strong>AristippUS,</strong></span> <span class='ocrx_word' id='word_1_93' title='bbox 1236 707 1320 733; x_wconf 91' lang='lat' dir='ltr'><strong>non</strong></span> <span class='ocrx_word' id='word_1_94' title='bbox 1352 691 1559 733; x_wconf 72' lang='lat' dir='ltr'><strong>dubitavit</strong></span> 
     </span>
     <span class='ocr_line' id='line_1_12' title="bbox 120 749 1556 803; baseline -0.002 -11"><span class='ocrx_word' id='word_1_95' title='bbox 120 768 331 803; x_wconf 86' lang='lat' dir='ltr'><strong>summum</strong></span> <span class='ocrx_word' id='word_1_96' title='bbox 355 753 515 793; x_wconf 86' lang='lat' dir='ltr'><strong>malum</strong></span> <span class='ocrx_word' id='word_1_97' title='bbox 546 752 738 793; x_wconf 90' lang='lat' dir='ltr'><strong>dolorem</strong></span> <span class='ocrx_word' id='word_1_98' title='bbox 758 751 911 792; x_wconf 84' lang='lat' dir='ltr'><strong>dicere.</strong></span> <span class='ocrx_word' id='word_1_99' title='bbox 943 750 1094 791; x_wconf 92' lang='lat' dir='ltr'><strong>deinde</strong></span> <span class='ocrx_word' id='word_1_100' title='bbox 1115 749 1168 790; x_wconf 86' lang='lat' dir='ltr'><strong>ad</strong></span> <span class='ocrx_word' id='word_1_101' title='bbox 1188 749 1298 790; x_wconf 87' lang='lat' dir='ltr'><strong>hanc</strong></span> <span class='ocrx_word' id='word_1_102' title='bbox 1319 758 1556 790; x_wconf 84' lang='lat' dir='ltr'><strong>enervatam</strong></span> 
     </span>
     <span class='ocr_line' id='line_1_13' title="bbox 119 806 1556 865; baseline -0.003 -15"><span class='ocrx_word' id='word_1_103' title='bbox 119 809 455 865; x_wconf 83' lang='lat' dir='ltr'><strong>muliebremque</strong></span> <span class='ocrx_word' id='word_1_104' title='bbox 475 809 724 850; x_wconf 88' lang='lat' dir='ltr'><strong>sententiam</strong></span> <span class='ocrx_word' id='word_1_105' title='bbox 746 808 843 849; x_wconf 90' lang='lat' dir='ltr'><strong>satis</strong></span> <span class='ocrx_word' id='word_1_106' title='bbox 866 807 1048 848; x_wconf 85' lang='lat' dir='ltr'><strong>docilem</strong></span> <span class='ocrx_word' id='word_1_107' title='bbox 1070 822 1113 847; x_wconf 88' lang='lat' dir='ltr'><strong>se</strong></span> <span class='ocrx_word' id='word_1_108' title='bbox 1132 807 1339 862; x_wconf 84' lang='lat' dir='ltr'><strong>Epicurus</strong></span> <span class='ocrx_word' id='word_1_109' title='bbox 1360 806 1556 861; x_wconf 85' lang='lat' dir='ltr'><strong>praebuit.</strong></span> 
     </span>
     <span class='ocr_line' id='line_1_14' title="bbox 120 863 1553 922; baseline -0.001 -17"><span class='ocrx_word' id='word_1_110' title='bbox 120 865 233 906; x_wconf 89' lang='lat' dir='ltr'><strong>hunc</strong></span> <span class='ocrx_word' id='word_1_111' title='bbox 269 876 368 922; x_wconf 89' lang='lat' dir='ltr'><strong>post</strong></span> <span class='ocrx_word' id='word_1_112' title='bbox 402 865 594 907; x_wconf 88' lang='lat' dir='ltr'><strong>Rhodius</strong></span> <span class='ocrx_word' id='word_1_113' title='bbox 629 866 934 921; x_wconf 83' lang='lat' dir='ltr'><strong>Hieronymus,</strong></span> <span class='ocrx_word' id='word_1_114' title='bbox 971 863 1117 904; x_wconf 84' lang='lat' dir='ltr'><strong>dolore</strong></span> <span class='ocrx_word' id='word_1_115' title='bbox 1147 877 1307 913; x_wconf 85' lang='lat' dir='ltr'><strong>vacare,</strong></span> <span class='ocrx_word' id='word_1_116' title='bbox 1341 877 1553 904; x_wconf 81' lang='lat' dir='ltr'><strong>summum</strong></span> 
     </span>
     <span class='ocr_line' id='line_1_15' title="bbox 119 919 1558 975; baseline -0.001 -13"><span class='ocrx_word' id='word_1_117' title='bbox 119 922 281 963; x_wconf 90' lang='lat' dir='ltr'><strong>bonum</strong></span> <span class='ocrx_word' id='word_1_118' title='bbox 315 923 446 964; x_wconf 83' lang='lat' dir='ltr'><strong>dixit:</strong></span> <span class='ocrx_word' id='word_1_119' title='bbox 478 930 643 963; x_wconf 88' lang='lat' dir='ltr'><strong>tantum</strong></span> <span class='ocrx_word' id='word_1_120' title='bbox 679 922 722 962; x_wconf 94' lang='lat' dir='ltr'><strong>in</strong></span> <span class='ocrx_word' id='word_1_121' title='bbox 754 921 899 962; x_wconf 91' lang='lat' dir='ltr'><strong>dolore</strong></span> <span class='ocrx_word' id='word_1_122' title='bbox 933 920 1053 961; x_wconf 77' lang='lat' dir='ltr'><strong>duxit</strong></span> <span class='ocrx_word' id='word_1_123' title='bbox 1084 919 1197 960; x_wconf 84' lang='lat' dir='ltr'><strong>mali.</strong></span> <span class='ocrx_word' id='word_1_124' title='bbox 1229 919 1370 970; x_wconf 88' lang='lat' dir='ltr'><strong>ceteri,</strong></span> <span class='ocrx_word' id='word_1_125' title='bbox 1406 929 1558 975; x_wconf 81' lang='lat' dir='ltr'><strong>praeter</strong></span> 
     </span>
     <span class='ocr_line' id='line_1_16' title="bbox 121 976 1555 1035; baseline -0.002 -16"><span class='ocrx_word' id='word_1_126' title='bbox 121 980 352 1030; x_wconf 83' lang='lat' dir='ltr'><strong>Zenonem,</strong></span> <span class='ocrx_word' id='word_1_127' title='bbox 388 979 649 1027; x_wconf 85' lang='lat' dir='ltr'><strong>Aristonem,</strong></span> <span class='ocrx_word' id='word_1_128' title='bbox 684 977 960 1035; x_wconf 80' lang='lat' dir='ltr'><strong>Pyrrhonem,</strong></span> <span class='ocrx_word' id='word_1_129' title='bbox 992 977 1103 1018; x_wconf 87' lang='lat' dir='ltr'><strong>idem</strong></span> <span class='ocrx_word' id='word_1_130' title='bbox 1140 976 1241 1026; x_wconf 85' lang='lat' dir='ltr'><strong>fere,</strong></span> <span class='ocrx_word' id='word_1_131' title='bbox 1276 976 1390 1031; x_wconf 89' lang='lat' dir='ltr'><strong>quod</strong></span> <span class='ocrx_word' id='word_1_132' title='bbox 1425 976 1555 1017; x_wconf 85' lang='lat' dir='ltr'><strong>modo</strong></span> 
     </span>
     <span class='ocr_line' id='line_1_17' title="bbox 119 1032 1621 1091; baseline -0.003 -14"><span class='ocrx_word' id='word_1_133' title='bbox 119 1045 191 1077; x_wconf 87' lang='lat' dir='ltr'><strong>tu:</strong></span> <span class='ocrx_word' id='word_1_134' title='bbox 223 1037 384 1077; x_wconf 87' lang='lat' dir='ltr'><strong>malum</strong></span> <span class='ocrx_word' id='word_1_135' title='bbox 416 1035 521 1076; x_wconf 87' lang='lat' dir='ltr'><strong>illud</strong></span> <span class='ocrx_word' id='word_1_136' title='bbox 551 1035 737 1091; x_wconf 88' lang='lat' dir='ltr'><strong>quidem,</strong></span> <span class='ocrx_word' id='word_1_137' title='bbox 770 1034 843 1075; x_wconf 89' lang='lat' dir='ltr'><strong>sed</strong></span> <span class='ocrx_word' id='word_1_138' title='bbox 877 1034 958 1075; x_wconf 90' lang='lat' dir='ltr'><strong>alia</strong></span> <span class='ocrx_word' id='word_1_139' title='bbox 987 1033 1145 1090; x_wconf 86' lang='lat' dir='ltr'><strong>pejora.</strong></span> <span class='ocrx_word' id='word_1_140' title='bbox 1204 1034 1335 1088; x_wconf 81' lang='lat' dir='ltr'><strong>Ergo,</strong></span> <span class='ocrx_word' id='word_1_141' title='bbox 1367 1032 1408 1073; x_wconf 87' lang='lat' dir='ltr'><strong>id</strong></span> <span class='ocrx_word' id='word_1_142' title='bbox 1439 1034 1554 1089; x_wconf 89' lang='lat' dir='ltr'><strong>quod</strong></span> <span class='ocrx_word' id='word_1_143' title='bbox 1574 1042 1621 1078; x_wconf 83' lang='lat'><strong>16</strong></span> 
     </span>
     <span class='ocr_line' id='line_1_18' title="bbox 120 1090 1557 1149; baseline -0.003 -15"><span class='ocrx_word' id='word_1_144' title='bbox 120 1102 268 1134; x_wconf 86' lang='lat' dir='ltr'><strong>natura</strong></span> <span class='ocrx_word' id='word_1_145' title='bbox 303 1094 407 1149; x_wconf 85' lang='lat' dir='ltr'><strong>ipsa,</strong></span> <span class='ocrx_word' id='word_1_146' title='bbox 441 1102 485 1134; x_wconf 90' lang='lat' dir='ltr'><strong>et</strong></span> <span class='ocrx_word' id='word_1_147' title='bbox 516 1092 711 1148; x_wconf 77' lang='lat' dir='ltr'><strong>quaedam</strong></span> <span class='ocrx_word' id='word_1_148' title='bbox 743 1106 950 1147; x_wconf 84' lang='lat' dir='ltr'><strong>generosa</strong></span> <span class='ocrx_word' id='word_1_149' title='bbox 979 1091 1107 1131; x_wconf 83' lang='lat' dir='ltr'><strong>virtus</strong></span> <span class='ocrx_word' id='word_1_150' title='bbox 1139 1090 1281 1131; x_wconf 87' lang='lat' dir='ltr'><strong>statim</strong></span> <span class='ocrx_word' id='word_1_151' title='bbox 1310 1091 1482 1144; x_wconf 80' lang='lat' dir='ltr'><strong>respuit,</strong></span> <span class='ocrx_word' id='word_1_152' title='bbox 1506 1106 1557 1130; x_wconf 84' lang='lat' dir='ltr'><strong>ne</strong></span> 
     </span>
     <span class='ocr_line' id='line_1_19' title="bbox 120 1146 1558 1202; baseline -0.003 -11"><span class='ocrx_word' id='word_1_153' title='bbox 120 1150 310 1191; x_wconf 90' lang='lat' dir='ltr'><strong>dolorem</strong></span> <span class='ocrx_word' id='word_1_154' title='bbox 351 1164 565 1190; x_wconf 86' lang='lat' dir='ltr'><strong>summum</strong></span> <span class='ocrx_word' id='word_1_155' title='bbox 604 1149 764 1189; x_wconf 88' lang='lat' dir='ltr'><strong>malum</strong></span> <span class='ocrx_word' id='word_1_156' title='bbox 803 1148 978 1198; x_wconf 81' lang='lat' dir='ltr'><strong>diceres,</strong></span> <span class='ocrx_word' id='word_1_157' title='bbox 1017 1146 1301 1202; x_wconf 88' lang='lat' dir='ltr'><strong>oppositoque</strong></span> <span class='ocrx_word' id='word_1_158' title='bbox 1351 1146 1558 1188; x_wconf 88' lang='lat' dir='ltr'><strong>dedecore</strong></span> 
     </span>
     <span class='ocr_line' id='line_1_20' title="bbox 121 1203 1557 1261; baseline -0.003 -14"><span class='ocrx_word' id='word_1_159' title='bbox 121 1207 327 1248; x_wconf 76' lang='lat' dir='ltr'><strong>sententia</strong></span> <span class='ocrx_word' id='word_1_160' title='bbox 346 1206 615 1261; x_wconf 78' lang='lat' dir='ltr'><strong>depellerere,</strong></span> <span class='ocrx_word' id='word_1_161' title='bbox 637 1205 677 1246; x_wconf 93' lang='lat' dir='ltr'><strong>in</strong></span> <span class='ocrx_word' id='word_1_162' title='bbox 699 1220 749 1246; x_wconf 88' lang='lat' dir='ltr'><strong>eo</strong></span> <span class='ocrx_word' id='word_1_163' title='bbox 771 1205 973 1260; x_wconf 84' lang='lat' dir='ltr'><strong>magistra</strong></span> <span class='ocrx_word' id='word_1_164' title='bbox 991 1205 1085 1245; x_wconf 78' lang='lat' dir='ltr'><strong>vitae</strong></span> <span class='ocrx_word' id='word_1_165' title='bbox 1103 1203 1375 1259; x_wconf 85' lang='lat' dir='ltr'><strong>philosophia</strong></span> <span class='ocrx_word' id='word_1_166' title='bbox 1393 1213 1459 1244; x_wconf 93' lang='lat' dir='ltr'><strong>tot</strong></span> <span class='ocrx_word' id='word_1_167' title='bbox 1479 1219 1557 1244; x_wconf 82' lang='lat' dir='ltr'><strong>sae-</strong></span> 
     </span>
     <span class='ocr_line' id='line_1_21' title="bbox 122 1260 1558 1318; baseline -0.001 -14"><span class='ocrx_word' id='word_1_168' title='bbox 122 1264 217 1304; x_wconf 87' lang='lat' dir='ltr'><strong>cula</strong></span> <span class='ocrx_word' id='word_1_169' title='bbox 235 1271 465 1318; x_wconf 86' lang='lat' dir='ltr'><strong>permanet.</strong></span> <span class='ocrx_word' id='word_1_170' title='bbox 525 1262 657 1304; x_wconf 75' lang='lat' dir='ltr'><strong>Quod</strong></span> <span class='ocrx_word' id='word_1_171' title='bbox 679 1262 777 1302; x_wconf 91' lang='lat' dir='ltr'><strong>huic</strong></span> <span class='ocrx_word' id='word_1_172' title='bbox 801 1262 1000 1312; x_wconf 86' lang='lat' dir='ltr'><strong>officium,</strong></span> <span class='ocrx_word' id='word_1_173' title='bbox 1023 1276 1119 1316; x_wconf 85' lang='lat' dir='ltr'><strong>quae</strong></span> <span class='ocrx_word' id='word_1_174' title='bbox 1148 1260 1254 1309; x_wconf 78' lang='lat' dir='ltr'><strong>laus,</strong></span> <span class='ocrx_word' id='word_1_175' title='bbox 1285 1260 1399 1315; x_wconf 91' lang='lat' dir='ltr'><strong>quod</strong></span> <span class='ocrx_word' id='word_1_176' title='bbox 1430 1260 1558 1302; x_wconf 89' lang='lat' dir='ltr'><strong>decus</strong></span> 
     </span>
     <span class='ocr_line' id='line_1_22' title="bbox 120 1317 1608 1375; baseline -0.003 -14"><span class='ocrx_word' id='word_1_177' title='bbox 120 1321 198 1362; x_wconf 89' lang='lat' dir='ltr'><strong>erit</strong></span> <span class='ocrx_word' id='word_1_178' title='bbox 219 1320 338 1370; x_wconf 86' lang='lat' dir='ltr'><strong>tanti,</strong></span> <span class='ocrx_word' id='word_1_179' title='bbox 360 1318 473 1375; x_wconf 92' lang='lat' dir='ltr'><strong>quod</strong></span> <span class='ocrx_word' id='word_1_180' title='bbox 493 1318 669 1374; x_wconf 90' lang='lat' dir='ltr'><strong>adipisci</strong></span> <span class='ocrx_word' id='word_1_181' title='bbox 688 1333 787 1359; x_wconf 91' lang='lat' dir='ltr'><strong>cum</strong></span> <span class='ocrx_word' id='word_1_182' title='bbox 818 1318 965 1359; x_wconf 89' lang='lat' dir='ltr'><strong>dolore</strong></span> <span class='ocrx_word' id='word_1_183' title='bbox 994 1317 1184 1372; x_wconf 89' lang='lat' dir='ltr'><strong>corporis</strong></span> <span class='ocrx_word' id='word_1_184' title='bbox 1208 1317 1321 1367; x_wconf 74' lang='lat' dir='ltr'><strong>velit,</strong></span> <span class='ocrx_word' id='word_1_185' title='bbox 1343 1317 1414 1372; x_wconf 91' lang='lat' dir='ltr'><strong>qui</strong></span> <span class='ocrx_word' id='word_1_186' title='bbox 1434 1317 1557 1358; x_wconf 86' lang='lat' dir='ltr'><strong>dolo·</strong></span> <span class='ocrx_word' id='word_1_187' title='bbox 1605 1340 1608 1343; x_wconf 91' lang='lat'>·</span> 
     </span>
     <span class='ocr_line' id='line_1_23' title="bbox 116 1375 1557 1430; baseline -0.002 -12"><span class='ocrx_word' id='word_1_188' title='bbox 116 1391 208 1418; x_wconf 89' lang='lat' dir='ltr'><strong>rem</strong></span> <span class='ocrx_word' id='word_1_189' title='bbox 229 1391 443 1416; x_wconf 87' lang='lat' dir='ltr'><strong>summum</strong></span> <span class='ocrx_word' id='word_1_190' title='bbox 463 1376 622 1419; x_wconf 86' lang='lat' dir='ltr'><strong>malum</strong></span> <span class='ocrx_word' id='word_1_191' title='bbox 646 1375 724 1416; x_wconf 87' lang='lat' dir='ltr'><strong>sibi</strong></span> <span class='ocrx_word' id='word_1_192' title='bbox 745 1389 833 1416; x_wconf 89' lang='lat' dir='ltr'><strong>esse</strong></span> <span class='ocrx_word' id='word_1_193' title='bbox 854 1375 1133 1430; x_wconf 83' lang='lat' dir='ltr'><strong>persuaserit?</strong></span> <span class='ocrx_word' id='word_1_194' title='bbox 1167 1388 1292 1429; x_wconf 88' lang='lat' dir='ltr'><strong>quam</strong></span> <span class='ocrx_word' id='word_1_195' title='bbox 1314 1388 1442 1428; x_wconf 84' lang='lat' dir='ltr'><strong>porro</strong></span> <span class='ocrx_word' id='word_1_196' title='bbox 1464 1375 1557 1429; x_wconf 86' lang='lat' dir='ltr'><strong>quis</strong></span> 
     </span>
     <span class='ocr_line' id='line_1_24' title="bbox 115 1431 1557 1489; baseline -0.001 -15"><span class='ocrx_word' id='word_1_197' title='bbox 115 1433 409 1489; x_wconf 81' lang='lat' dir='ltr'><strong>ignominiam,</strong></span> <span class='ocrx_word' id='word_1_198' title='bbox 439 1447 565 1488; x_wconf 89' lang='lat' dir='ltr'><strong>quam</strong></span> <span class='ocrx_word' id='word_1_199' title='bbox 599 1431 903 1487; x_wconf 87' lang='lat' dir='ltr'><strong>turpitudinem</strong></span> <span class='ocrx_word' id='word_1_200' title='bbox 935 1446 1019 1472; x_wconf 90' lang='lat' dir='ltr'><strong>non</strong></span> <span class='ocrx_word' id='word_1_201' title='bbox 1047 1431 1279 1486; x_wconf 83' lang='lat' dir='ltr'><strong>pertulerit,</strong></span> <span class='ocrx_word' id='word_1_202' title='bbox 1301 1439 1349 1471; x_wconf 91' lang='lat' dir='ltr'><strong>ut</strong></span> <span class='ocrx_word' id='word_1_203' title='bbox 1380 1431 1557 1486; x_wconf 78' lang='lat' dir='ltr'><strong>effugiat</strong></span> 
     </span>
     <span class='ocr_line' id='line_1_25' title="bbox 117 1487 1553 1542; baseline -0.001 -12"><span class='ocrx_word' id='word_1_204' title='bbox 117 1490 325 1540; x_wconf 86' lang='lat' dir='ltr'><strong>dolorem,</strong></span> <span class='ocrx_word' id='word_1_205' title='bbox 346 1489 379 1529; x_wconf 89' lang='lat' dir='ltr'><strong>si</strong></span> <span class='ocrx_word' id='word_1_206' title='bbox 398 1488 441 1530; x_wconf 91' lang='lat' dir='ltr'><strong>id</strong></span> <span class='ocrx_word' id='word_1_207' title='bbox 461 1503 674 1529; x_wconf 88' lang='lat' dir='ltr'><strong>summum</strong></span> <span class='ocrx_word' id='word_1_208' title='bbox 697 1488 857 1528; x_wconf 85' lang='lat' dir='ltr'><strong>malum</strong></span> <span class='ocrx_word' id='word_1_209' title='bbox 879 1502 970 1528; x_wconf 85' lang='lat' dir='ltr'><strong>esse</strong></span> <span class='ocrx_word' id='word_1_210' title='bbox 990 1487 1222 1528; x_wconf 83' lang='lat' dir='ltr'><strong>decreverit</strong></span> <span class='ocrx_word' id='word_1_211' title='bbox 1240 1488 1252 1527; x_wconf 83' lang='lat'>?</span> <span class='ocrx_word' id='word_1_212' title='bbox 1288 1487 1380 1542; x_wconf 89' lang='lat' dir='ltr'><strong>quis</strong></span> <span class='ocrx_word' id='word_1_213' title='bbox 1411 1499 1553 1529; x_wconf 88' lang='lat' dir='ltr'><strong>autem</strong></span> 
     </span>
     <span class='ocr_line' id='line_1_26' title="bbox 118 1543 1554 1601; baseline -0.002 -13"><span class='ocrx_word' id='word_1_214' title='bbox 118 1561 201 1588; x_wconf 89' lang='lat' dir='ltr'><strong>non</strong></span> <span class='ocrx_word' id='word_1_215' title='bbox 234 1546 376 1596; x_wconf 86' lang='lat' dir='ltr'><strong>miser,</strong></span> <span class='ocrx_word' id='word_1_216' title='bbox 397 1560 482 1587; x_wconf 91' lang='lat' dir='ltr'><strong>non</strong></span> <span class='ocrx_word' id='word_1_217' title='bbox 514 1546 644 1586; x_wconf 84' lang='lat' dir='ltr'><strong>modo</strong></span> <span class='ocrx_word' id='word_1_218' title='bbox 676 1554 792 1595; x_wconf 84' lang='lat' dir='ltr'><strong>tunc,</strong></span> <span class='ocrx_word' id='word_1_219' title='bbox 813 1559 911 1586; x_wconf 89' lang='lat' dir='ltr'><strong>cum</strong></span> <span class='ocrx_word' id='word_1_220' title='bbox 942 1552 1156 1601; x_wconf 87' lang='lat' dir='ltr'><strong>premetur</strong></span> <span class='ocrx_word' id='word_1_221' title='bbox 1187 1544 1363 1584; x_wconf 90' lang='lat' dir='ltr'><strong>summis</strong></span> <span class='ocrx_word' id='word_1_222' title='bbox 1395 1543 1554 1585; x_wconf 88' lang='lat' dir='ltr'><strong>dolori-</strong></span> 
     </span>
     <span class='ocr_line' id='line_1_27' title="bbox 116 1600 1556 1654; baseline -0.001 -10"><span class='ocrx_word' id='word_1_223' title='bbox 116 1604 210 1654; x_wconf 90' lang='lat' dir='ltr'><strong>bus,</strong></span> <span class='ocrx_word' id='word_1_224' title='bbox 231 1604 266 1644; x_wconf 92' lang='lat' dir='ltr'><strong>si</strong></span> <span class='ocrx_word' id='word_1_225' title='bbox 294 1602 336 1643; x_wconf 88' lang='lat' dir='ltr'><strong>in</strong></span> <span class='ocrx_word' id='word_1_226' title='bbox 367 1602 431 1643; x_wconf 91' lang='lat' dir='ltr'><strong>his</strong></span> <span class='ocrx_word' id='word_1_227' title='bbox 461 1611 526 1643; x_wconf 88' lang='lat' dir='ltr'><strong>est</strong></span> <span class='ocrx_word' id='word_1_228' title='bbox 555 1617 770 1643; x_wconf 87' lang='lat' dir='ltr'><strong>summum</strong></span> <span class='ocrx_word' id='word_1_229' title='bbox 798 1600 974 1651; x_wconf 87' lang='lat' dir='ltr'><strong>malum,</strong></span> <span class='ocrx_word' id='word_1_230' title='bbox 996 1600 1070 1641; x_wconf 88' lang='lat' dir='ltr'><strong>sed</strong></span> <span class='ocrx_word' id='word_1_231' title='bbox 1095 1600 1221 1641; x_wconf 86' lang='lat' dir='ltr'><strong>etiam</strong></span> <span class='ocrx_word' id='word_1_232' title='bbox 1255 1615 1354 1641; x_wconf 87' lang='lat' dir='ltr'><strong>cum</strong></span> <span class='ocrx_word' id='word_1_233' title='bbox 1387 1601 1491 1642; x_wconf 88' lang='lat' dir='ltr'><strong>sciet</strong></span> <span class='ocrx_word' id='word_1_234' title='bbox 1512 1602 1556 1643; x_wconf 91' lang='lat' dir='ltr'><strong>id</strong></span> 
     </span>
     <span class='ocr_line' id='line_1_28' title="bbox 117 1657 1617 1716; baseline -0.001 -15"><span class='ocrx_word' id='word_1_235' title='bbox 117 1661 196 1701; x_wconf 88' lang='lat' dir='ltr'><strong>sibi</strong></span> <span class='ocrx_word' id='word_1_236' title='bbox 228 1674 351 1716; x_wconf 89' lang='lat' dir='ltr'><strong>posse</strong></span> <span class='ocrx_word' id='word_1_237' title='bbox 381 1659 572 1700; x_wconf 80' lang='lat' dir='ltr'><strong>evenire?</strong></span> <span class='ocrx_word' id='word_1_238' title='bbox 607 1667 651 1699; x_wconf 89' lang='lat' dir='ltr'><strong>et</strong></span> <span class='ocrx_word' id='word_1_239' title='bbox 682 1658 775 1714; x_wconf 88' lang='lat' dir='ltr'><strong>quis</strong></span> <span class='ocrx_word' id='word_1_240' title='bbox 807 1666 884 1709; x_wconf 87' lang='lat' dir='ltr'><strong>est,</strong></span> <span class='ocrx_word' id='word_1_241' title='bbox 906 1658 974 1699; x_wconf 93' lang='lat' dir='ltr'><strong>cui</strong></span> <span class='ocrx_word' id='word_1_242' title='bbox 1008 1673 1091 1699; x_wconf 91' lang='lat' dir='ltr'><strong>non</strong></span> <span class='ocrx_word' id='word_1_243' title='bbox 1121 1657 1285 1712; x_wconf 86' lang='lat' dir='ltr'><strong>possit?</strong></span> <span class='ocrx_word' id='word_1_244' title='bbox 1320 1658 1386 1698; x_wconf 86' lang='lat' dir='ltr'><strong>Ita</strong></span> <span class='ocrx_word' id='word_1_245' title='bbox 1418 1658 1476 1709; x_wconf 85' lang='lat' dir='ltr'><strong>fit,</strong></span> <span class='ocrx_word' id='word_1_246' title='bbox 1507 1668 1617 1710; x_wconf 90' lang='lat' dir='ltr'><strong>ut17</strong></span> 
     </span>
     <span class='ocr_line' id='line_1_29' title="bbox 117 1713 1599 1771; baseline -0.001 -13"><span class='ocrx_word' id='word_1_247' title='bbox 117 1719 291 1758; x_wconf 89' lang='lat' dir='ltr'><strong>omnino</strong></span> <span class='ocrx_word' id='word_1_248' title='bbox 312 1730 436 1757; x_wconf 87' lang='lat' dir='ltr'><strong>nemo</strong></span> <span class='ocrx_word' id='word_1_249' title='bbox 457 1730 550 1757; x_wconf 88' lang='lat' dir='ltr'><strong>esse</strong></span> <span class='ocrx_word' id='word_1_250' title='bbox 570 1715 704 1771; x_wconf 92' lang='lat' dir='ltr'><strong>possit</strong></span> <span class='ocrx_word' id='word_1_251' title='bbox 731 1715 895 1756; x_wconf 88' lang='lat' dir='ltr'><strong>beatus.</strong></span> <span class='ocrx_word' id='word_1_252' title='bbox 955 1713 1232 1756; x_wconf 87' lang='lat' dir='ltr'><strong>Metrodorus</strong></span> <span class='ocrx_word' id='word_1_253' title='bbox 1262 1714 1433 1769; x_wconf 88' lang='lat' dir='ltr'><strong>quidem</strong></span> <span class='ocrx_word' id='word_1_254' title='bbox 1456 1729 1553 1756; x_wconf 90' lang='lat' dir='ltr'><strong>eum</strong></span> <span class='ocrx_word' id='word_1_255' title='bbox 1567 1720 1599 1751; x_wconf 90' lang='lat' dir='ltr'><strong>b-</strong></span> 
     </span>
     <span class='ocr_line' id='line_1_30' title="bbox 117 1771 1555 1830; baseline -0.001 -15"><span class='ocrx_word' id='word_1_256' title='bbox 117 1775 301 1830; x_wconf 83' lang='lat' dir='ltr'><strong>perfecte</strong></span> <span class='ocrx_word' id='word_1_257' title='bbox 333 1782 458 1828; x_wconf 87' lang='lat' dir='ltr'><strong>putat</strong></span> <span class='ocrx_word' id='word_1_258' title='bbox 490 1773 677 1823; x_wconf 89' lang='lat' dir='ltr'><strong>beatum,</strong></span> <span class='ocrx_word' id='word_1_259' title='bbox 698 1772 768 1813; x_wconf 92' lang='lat' dir='ltr'><strong>cui</strong></span> <span class='ocrx_word' id='word_1_260' title='bbox 799 1786 951 1826; x_wconf 90' lang='lat' dir='ltr'><strong>corpus</strong></span> <span class='ocrx_word' id='word_1_261' title='bbox 977 1772 1084 1812; x_wconf 86' lang='lat' dir='ltr'><strong>bene</strong></span> <span class='ocrx_word' id='word_1_262' title='bbox 1112 1771 1391 1812; x_wconf 87' lang='lat' dir='ltr'><strong>constitutum</strong></span> <span class='ocrx_word' id='word_1_263' title='bbox 1424 1771 1491 1823; x_wconf 89' lang='lat' dir='ltr'><strong>sit,</strong></span> <span class='ocrx_word' id='word_1_264' title='bbox 1512 1781 1555 1813; x_wconf 90' lang='lat' dir='ltr'><strong>et</strong></span> 
     </span>
     <span class='ocr_line' id='line_1_31' title="bbox 117 1828 1555 1886; baseline -0.003 -14"><span class='ocrx_word' id='word_1_265' title='bbox 117 1830 397 1886; x_wconf 86' lang='lat' dir='ltr'><strong>exploratum,</strong></span> <span class='ocrx_word' id='word_1_266' title='bbox 418 1830 478 1870; x_wconf 89' lang='lat' dir='ltr'><strong>ita</strong></span> <span class='ocrx_word' id='word_1_267' title='bbox 507 1843 671 1884; x_wconf 89' lang='lat' dir='ltr'><strong>semper</strong></span> <span class='ocrx_word' id='word_1_268' title='bbox 692 1830 797 1870; x_wconf 83' lang='lat' dir='ltr'><strong>fore.</strong></span> <span class='ocrx_word' id='word_1_269' title='bbox 829 1829 922 1884; x_wconf 87' lang='lat' dir='ltr'><strong>quis</strong></span> <span class='ocrx_word' id='word_1_270' title='bbox 953 1838 1094 1869; x_wconf 86' lang='lat' dir='ltr'><strong>autem</strong></span> <span class='ocrx_word' id='word_1_271' title='bbox 1125 1836 1190 1869; x_wconf 92' lang='lat' dir='ltr'><strong>est</strong></span> <span class='ocrx_word' id='word_1_272' title='bbox 1218 1828 1310 1878; x_wconf 90' lang='lat' dir='ltr'><strong>iste,</strong></span> <span class='ocrx_word' id='word_1_273' title='bbox 1331 1828 1399 1868; x_wconf 92' lang='lat' dir='ltr'><strong>cui</strong></span> <span class='ocrx_word' id='word_1_274' title='bbox 1419 1828 1463 1869; x_wconf 91' lang='lat' dir='ltr'><strong>id</strong></span> <span class='ocrx_word' id='word_1_275' title='bbox 1484 1843 1555 1869; x_wconf 78' lang='lat' dir='ltr'><strong>ex-</strong></span> 
     </span>
     <span class='ocr_line' id='line_1_32' title="bbox 118 1880 1598 1943; baseline -0.001 -15"><span class='ocrx_word' id='word_1_276' title='bbox 118 1887 331 1943; x_wconf 88' lang='lat' dir='ltr'><strong>ploratum</strong></span> <span class='ocrx_word' id='word_1_277' title='bbox 364 1885 499 1942; x_wconf 90' lang='lat' dir='ltr'><strong>possit</strong></span> <span class='ocrx_word' id='word_1_278' title='bbox 527 1887 648 1926; x_wconf 87' lang='lat' dir='ltr'><strong>esse?</strong></span> <span class='ocrx_word' id='word_1_279' title='bbox 680 1885 890 1940; x_wconf 88' lang='lat' dir='ltr'><strong>Epicurus</strong></span> <span class='ocrx_word' id='word_1_280' title='bbox 920 1900 1016 1926; x_wconf 89' lang='lat' dir='ltr'><strong>vero</strong></span> <span class='ocrx_word' id='word_1_281' title='bbox 1046 1899 1096 1925; x_wconf 87' lang='lat' dir='ltr'><strong>ea</strong></span> <span class='ocrx_word' id='word_1_282' title='bbox 1125 1884 1241 1935; x_wconf 85' lang='lat' dir='ltr'><strong>dicit,</strong></span> <span class='ocrx_word' id='word_1_283' title='bbox 1264 1893 1309 1925; x_wconf 86' lang='lat' dir='ltr'><strong>ut</strong></span> <span class='ocrx_word' id='word_1_284' title='bbox 1334 1885 1439 1925; x_wconf 87' lang='lat' dir='ltr'><strong>mihi</strong></span> <span class='ocrx_word' id='word_1_285' title='bbox 1460 1880 1598 1940; x_wconf 81' lang='lat' dir='ltr'><strong>qui-7</strong></span> 
     </span>
     <span class='ocr_line' id='line_1_33' title="bbox 118 1941 1554 1997; baseline -0.001 -13"><span class='ocrx_word' id='word_1_286' title='bbox 118 1945 217 1984; x_wconf 88' lang='lat' dir='ltr'><strong>dem</strong></span> <span class='ocrx_word' id='word_1_287' title='bbox 247 1943 353 1984; x_wconf 87' lang='lat' dir='ltr'><strong>risus</strong></span> <span class='ocrx_word' id='word_1_288' title='bbox 386 1950 554 1997; x_wconf 88' lang='lat' dir='ltr'><strong>captare</strong></span> <span class='ocrx_word' id='word_1_289' title='bbox 584 1941 787 1983; x_wconf 83' lang='lat' dir='ltr'><strong>videatur.</strong></span> <span class='ocrx_word' id='word_1_290' title='bbox 817 1941 996 1983; x_wconf 85' lang='lat' dir='ltr'><strong>affirmat</strong></span> <span class='ocrx_word' id='word_1_291' title='bbox 1027 1942 1136 1982; x_wconf 84' lang='lat' dir='ltr'><strong>enin]</strong></span> <span class='ocrx_word' id='word_1_292' title='bbox 1170 1941 1356 1997; x_wconf 88' lang='lat' dir='ltr'><strong>quodam</strong></span> <span class='ocrx_word' id='word_1_293' title='bbox 1387 1941 1498 1993; x_wconf 90' lang='lat' dir='ltr'><strong>loco,</strong></span> <span class='ocrx_word' id='word_1_294' title='bbox 1521 1943 1554 1983; x_wconf 93' lang='lat' dir='ltr'><strong>si</strong></span> 
     </span>
     <span class='ocr_line' id='line_1_34' title="bbox 117 1998 1555 2055; baseline -0.001 -14"><span class='ocrx_word' id='word_1_295' title='bbox 117 2009 262 2041; x_wconf 86' lang='lat' dir='ltr'><strong>uratur</strong></span> <span class='ocrx_word' id='word_1_296' title='bbox 294 2000 471 2055; x_wconf 85' lang='lat' dir='ltr'><strong>sapienS,</strong></span> <span class='ocrx_word' id='word_1_297' title='bbox 503 1999 537 2039; x_wconf 90' lang='lat' dir='ltr'><strong>si</strong></span> <span class='ocrx_word' id='word_1_298' title='bbox 572 1998 807 2039; x_wconf 83' lang='lat' dir='ltr'><strong>crucietur:</strong></span> <span class='ocrx_word' id='word_1_299' title='bbox 840 2008 1056 2054; x_wconf 84' lang='lat' dir='ltr'><strong>exspectas</strong></span> <span class='ocrx_word' id='word_1_300' title='bbox 1084 1999 1262 2039; x_wconf 88' lang='lat' dir='ltr'><strong>fortasse</strong></span> <span class='ocrx_word' id='word_1_301' title='bbox 1293 1998 1395 2039; x_wconf 82' lang='lat' dir='ltr'><strong>dun]</strong></span> <span class='ocrx_word' id='word_1_302' title='bbox 1428 1998 1555 2049; x_wconf 84' lang='lat' dir='ltr'><strong>dicat,</strong></span> 
     </span>
     <span class='ocr_line' id='line_1_35' title="bbox 117 2054 1554 2111; baseline -0.002 -13"><span class='ocrx_word' id='word_1_303' title='bbox 117 2057 317 2107; x_wconf 88' lang='lat' dir='ltr'><strong>Patietur,</strong></span> <span class='ocrx_word' id='word_1_304' title='bbox 338 2056 532 2111; x_wconf 87' lang='lat' dir='ltr'><strong>perferet,</strong></span> <span class='ocrx_word' id='word_1_305' title='bbox 553 2069 638 2095; x_wconf 91' lang='lat' dir='ltr'><strong>non</strong></span> <span class='ocrx_word' id='word_1_306' title='bbox 660 2056 922 2096; x_wconf 89' lang='lat' dir='ltr'><strong>succumbet.</strong></span> <span class='ocrx_word' id='word_1_307' title='bbox 982 2056 1147 2110; x_wconf 87' lang='lat' dir='ltr'><strong>Magna</strong></span> <span class='ocrx_word' id='word_1_308' title='bbox 1176 2054 1417 2097; x_wconf 87' lang='lat' dir='ltr'><strong>mehercule</strong></span> <span class='ocrx_word' id='word_1_309' title='bbox 1448 2055 1554 2106; x_wconf 83' lang='lat' dir='ltr'><strong>laus,</strong></span> 
     </span>
     <span class='ocr_line' id='line_1_36' title="bbox 115 2111 1553 2168; baseline -0.002 -13"><span class='ocrx_word' id='word_1_310' title='bbox 115 2124 159 2155; x_wconf 88' lang='lat' dir='ltr'><strong>et</strong></span> <span class='ocrx_word' id='word_1_311' title='bbox 188 2127 240 2154; x_wconf 89' lang='lat' dir='ltr'><strong>eo</strong></span> <span class='ocrx_word' id='word_1_312' title='bbox 271 2114 380 2168; x_wconf 87' lang='lat' dir='ltr'><strong>ipso,</strong></span> <span class='ocrx_word' id='word_1_313' title='bbox 411 2126 485 2167; x_wconf 89' lang='lat' dir='ltr'><strong>per</strong></span> <span class='ocrx_word' id='word_1_314' title='bbox 515 2126 641 2167; x_wconf 92' lang='lat' dir='ltr'><strong>quem</strong></span> <span class='ocrx_word' id='word_1_315' title='bbox 667 2111 819 2167; x_wconf 86' lang='lat' dir='ltr'><strong>juravi,</strong></span> <span class='ocrx_word' id='word_1_316' title='bbox 843 2112 1032 2153; x_wconf 87' lang='lat' dir='ltr'><strong>Hercule</strong></span> <span class='ocrx_word' id='word_1_317' title='bbox 1060 2112 1218 2167; x_wconf 85' lang='lat' dir='ltr'><strong>digna3</strong></span> <span class='ocrx_word' id='word_1_318' title='bbox 1251 2112 1325 2152; x_wconf 88' lang='lat' dir='ltr'><strong>sed</strong></span> <span class='ocrx_word' id='word_1_319' title='bbox 1351 2111 1553 2167; x_wconf 88' lang='lat' dir='ltr'><strong>Epicuro,</strong></span> 
     </span>
     <span class='ocr_line' id='line_1_37' title="bbox 116 2168 1553 2225; baseline -0.001 -14"><span class='ocrx_word' id='word_1_320' title='bbox 116 2170 279 2211; x_wconf 88' lang='lat' dir='ltr'><strong>homini</strong></span> <span class='ocrx_word' id='word_1_321' title='bbox 301 2183 464 2225; x_wconf 87' lang='lat' dir='ltr'><strong>asperO,</strong></span> <span class='ocrx_word' id='word_1_322' title='bbox 485 2178 527 2210; x_wconf 92' lang='lat' dir='ltr'><strong>et</strong></span> <span class='ocrx_word' id='word_1_323' title='bbox 548 2169 654 2210; x_wconf 89' lang='lat' dir='ltr'><strong>duro</strong></span> <span class='ocrx_word' id='word_1_324' title='bbox 676 2183 761 2209; x_wconf 89' lang='lat' dir='ltr'><strong>non</strong></span> <span class='ocrx_word' id='word_1_325' title='bbox 779 2178 844 2210; x_wconf 88' lang='lat' dir='ltr'><strong>est</strong></span> <span class='ocrx_word' id='word_1_326' title='bbox 863 2169 944 2209; x_wconf 91' lang='lat' dir='ltr'><strong>hoc</strong></span> <span class='ocrx_word' id='word_1_327' title='bbox 966 2169 1085 2209; x_wconf 86' lang='lat' dir='ltr'><strong>satis:</strong></span> <span class='ocrx_word' id='word_1_328' title='bbox 1114 2170 1163 2208; x_wconf 91' lang='lat' dir='ltr'><strong>In</strong></span> <span class='ocrx_word' id='word_1_329' title='bbox 1182 2168 1411 2209; x_wconf 83' lang='lat' dir='ltr'><strong>Phalaridis</strong></span> <span class='ocrx_word' id='word_1_330' title='bbox 1431 2177 1553 2209; x_wconf 88' lang='lat' dir='ltr'><strong>tauro</strong></span> 
     </span>
     <span class='ocr_line' id='line_1_38' title="bbox 116 2224 1550 2281; baseline -0.003 -13"><span class='ocrx_word' id='word_1_331' title='bbox 116 2227 149 2268; x_wconf 89' lang='lat' dir='ltr'><strong>si</strong></span> <span class='ocrx_word' id='word_1_332' title='bbox 181 2227 273 2278; x_wconf 87' lang='lat' dir='ltr'><strong>erit,</strong></span> <span class='ocrx_word' id='word_1_333' title='bbox 295 2226 420 2277; x_wconf 92' lang='lat' dir='ltr'><strong>dicet,</strong></span> <span class='ocrx_word' id='word_1_334' title='bbox 449 2226 593 2267; x_wconf 75' lang='lat' dir='ltr'><strong>Quam</strong></span> <span class='ocrx_word' id='word_1_335' title='bbox 628 2239 752 2267; x_wconf 87' lang='lat' dir='ltr'><strong>suave</strong></span> <span class='ocrx_word' id='word_1_336' title='bbox 784 2234 849 2266; x_wconf 89' lang='lat' dir='ltr'><strong>est</strong></span> <span class='ocrx_word' id='word_1_337' title='bbox 881 2224 992 2266; x_wconf 80' lang='lat' dir='ltr'><strong>hoc!</strong></span> <span class='ocrx_word' id='word_1_338' title='bbox 1025 2239 1153 2281; x_wconf 90' lang='lat' dir='ltr'><strong>quam</strong></span> <span class='ocrx_word' id='word_1_339' title='bbox 1185 2225 1268 2265; x_wconf 88' lang='lat' dir='ltr'><strong>hoc</strong></span> <span class='ocrx_word' id='word_1_340' title='bbox 1299 2240 1385 2265; x_wconf 90' lang='lat' dir='ltr'><strong>non</strong></span> <span class='ocrx_word' id='word_1_341' title='bbox 1417 2225 1550 2266; x_wconf 83' lang='lat' dir='ltr'><strong>curo!</strong></span> 
     </span>
     <span class='ocr_line' id='line_1_39' title="bbox 117 2280 1551 2338; baseline -0.002 -14"><span class='ocrx_word' id='word_1_342' title='bbox 117 2284 249 2324; x_wconf 85' lang='lat' dir='ltr'><strong>Suave</strong></span> <span class='ocrx_word' id='word_1_343' title='bbox 267 2283 425 2324; x_wconf 85' lang='lat' dir='ltr'><strong>etiam?</strong></span> <span class='ocrx_word' id='word_1_344' title='bbox 458 2296 511 2322; x_wconf 85' lang='lat' dir='ltr'><strong>an</strong></span> <span class='ocrx_word' id='word_1_345' title='bbox 539 2297 688 2338; x_wconf 87' lang='lat' dir='ltr'><strong>parum</strong></span> <span class='ocrx_word' id='word_1_346' title='bbox 720 2291 797 2333; x_wconf 87' lang='lat' dir='ltr'><strong>est,</strong></span> <span class='ocrx_word' id='word_1_347' title='bbox 819 2281 852 2322; x_wconf 91' lang='lat' dir='ltr'><strong>si</strong></span> <span class='ocrx_word' id='word_1_348' title='bbox 884 2296 967 2322; x_wconf 88' lang='lat' dir='ltr'><strong>non</strong></span> <span class='ocrx_word' id='word_1_349' title='bbox 999 2282 1219 2322; x_wconf 84' lang='lat' dir='ltr'><strong>amarum?</strong></span> <span class='ocrx_word' id='word_1_350' title='bbox 1253 2290 1297 2322; x_wconf 92' lang='lat' dir='ltr'><strong>at</strong></span> <span class='ocrx_word' id='word_1_351' title='bbox 1315 2281 1358 2321; x_wconf 90' lang='lat' dir='ltr'><strong>id</strong></span> <span class='ocrx_word' id='word_1_352' title='bbox 1378 2280 1551 2336; x_wconf 87' lang='lat' dir='ltr'><strong>quidem</strong></span> 
     </span>
     <span class='ocr_line' id='line_1_40' title="bbox 114 2337 1551 2396; baseline -0.001 -16"><span class='ocrx_word' id='word_1_353' title='bbox 114 2340 175 2380; x_wconf 92' lang='lat' dir='ltr'><strong>illi</strong></span> <span class='ocrx_word' id='word_1_354' title='bbox 194 2340 288 2395; x_wconf 89' lang='lat' dir='ltr'><strong>ipsi,</strong></span> <span class='ocrx_word' id='word_1_355' title='bbox 311 2339 384 2396; x_wconf 90' lang='lat' dir='ltr'><strong>qui</strong></span> <span class='ocrx_word' id='word_1_356' title='bbox 403 2338 594 2380; x_wconf 90' lang='lat' dir='ltr'><strong>dolorem</strong></span> <span class='ocrx_word' id='word_1_357' title='bbox 626 2338 784 2380; x_wconf 90' lang='lat' dir='ltr'><strong>malum</strong></span> <span class='ocrx_word' id='word_1_358' title='bbox 814 2353 904 2379; x_wconf 91' lang='lat' dir='ltr'><strong>esse</strong></span> <span class='ocrx_word' id='word_1_359' title='bbox 934 2346 1104 2393; x_wconf 80' lang='lat' dir='ltr'><strong>negant,</strong></span> <span class='ocrx_word' id='word_1_360' title='bbox 1126 2353 1209 2378; x_wconf 89' lang='lat' dir='ltr'><strong>non</strong></span> <span class='ocrx_word' id='word_1_361' title='bbox 1241 2338 1378 2378; x_wconf 85' lang='lat' dir='ltr'><strong>solent</strong></span> <span class='ocrx_word' id='word_1_362' title='bbox 1398 2337 1551 2388; x_wconf 87' lang='lat' dir='ltr'><strong>dicere,</strong></span> 
     </span>
     <span class='ocr_line' id='line_1_41' title="bbox 116 2393 1552 2452; baseline -0.002 -15"><span class='ocrx_word' id='word_1_363' title='bbox 116 2396 314 2452; x_wconf 87' lang='lat' dir='ltr'><strong>cuiquam</strong></span> <span class='ocrx_word' id='word_1_364' title='bbox 351 2410 474 2436; x_wconf 87' lang='lat' dir='ltr'><strong>suave</strong></span> <span class='ocrx_word' id='word_1_365' title='bbox 508 2410 599 2436; x_wconf 88' lang='lat' dir='ltr'><strong>esse</strong></span> <span class='ocrx_word' id='word_1_366' title='bbox 634 2395 837 2437; x_wconf 88' lang='lat' dir='ltr'><strong>cruciari:</strong></span> <span class='ocrx_word' id='word_1_367' title='bbox 874 2410 1085 2451; x_wconf 87' lang='lat' dir='ltr'><strong>asperum,</strong></span> <span class='ocrx_word' id='word_1_368' title='bbox 1121 2394 1303 2445; x_wconf 85' lang='lat' dir='ltr'><strong>difficile,</strong></span> <span class='ocrx_word' id='word_1_369' title='bbox 1338 2393 1552 2445; x_wconf 90' lang='lat' dir='ltr'><strong>odiosum,</strong></span> 
     </span>
     <span class='ocr_line' id='line_1_42' title="bbox 116 2451 1552 2507; baseline -0.001 -14"><span class='ocrx_word' id='word_1_370' title='bbox 116 2454 263 2494; x_wconf 86' lang='lat' dir='ltr'><strong>contra</strong></span> <span class='ocrx_word' id='word_1_371' title='bbox 283 2462 471 2494; x_wconf 87' lang='lat' dir='ltr'><strong>naturam</strong></span> <span class='ocrx_word' id='word_1_372' title='bbox 502 2451 664 2503; x_wconf 82' lang='lat' dir='ltr'><strong>dieunt,</strong></span> <span class='ocrx_word' id='word_1_373' title='bbox 686 2467 762 2494; x_wconf 89' lang='lat' dir='ltr'><strong>nec</strong></span> <span class='ocrx_word' id='word_1_374' title='bbox 791 2462 933 2493; x_wconf 86' lang='lat' dir='ltr'><strong>tamen</strong></span> <span class='ocrx_word' id='word_1_375' title='bbox 963 2452 1137 2493; x_wconf 86' lang='lat' dir='ltr'><strong>malum.</strong></span> <span class='ocrx_word' id='word_1_376' title='bbox 1197 2451 1297 2502; x_wconf 86' lang='lat' dir='ltr'><strong>Hic,</strong></span> <span class='ocrx_word' id='word_1_377' title='bbox 1319 2459 1359 2483; x_wconf 76' lang='lat'><strong>20</strong></span> <span class='ocrx_word' id='word_1_378' title='bbox 1373 2451 1446 2507; x_wconf 90' lang='lat' dir='ltr'><strong>qui</strong></span> <span class='ocrx_word' id='word_1_379' title='bbox 1468 2466 1552 2492; x_wconf 92' lang='lat' dir='ltr'><strong>non</strong></span> 
     </span>
     <span class='ocr_line' id='line_1_43' title="bbox 116 2508 1551 2561; baseline -0.001 -11"><span class='ocrx_word' id='word_1_380' title='bbox 116 2510 256 2550; x_wconf 91' lang='lat' dir='ltr'><strong>solum</strong></span> <span class='ocrx_word' id='word_1_381' title='bbox 289 2509 371 2550; x_wconf 90' lang='lat' dir='ltr'><strong>hoc</strong></span> <span class='ocrx_word' id='word_1_382' title='bbox 402 2509 561 2551; x_wconf 87' lang='lat' dir='ltr'><strong>malum</strong></span> <span class='ocrx_word' id='word_1_383' title='bbox 592 2509 709 2561; x_wconf 84' lang='lat' dir='ltr'><strong>dicit,</strong></span> <span class='ocrx_word' id='word_1_384' title='bbox 741 2509 813 2551; x_wconf 89' lang='lat' dir='ltr'><strong>sed</strong></span> <span class='ocrx_word' id='word_1_385' title='bbox 843 2508 1055 2550; x_wconf 90' lang='lat' dir='ltr'><strong>malorum</strong></span> <span class='ocrx_word' id='word_1_386' title='bbox 1085 2508 1275 2550; x_wconf 89' lang='lat' dir='ltr'><strong>omnium</strong></span> <span class='ocrx_word' id='word_1_387' title='bbox 1301 2516 1551 2558; x_wconf 86' lang='lat' dir='ltr'><strong>extremum,</strong></span> 
     </span>
    </p>
   </div>
   <div class='ocr_carea' id='block_1_3' title="bbox 115 2641 1553 2854">
    <p class='ocr_par' dir='ltr' id='par_1_7' title="bbox 115 2641 1550 2687">
     <span class='ocr_line' id='line_1_44' title="bbox 115 2641 1550 2687; baseline -0.002 -12"><span class='ocrx_word' id='word_1_388' title='bbox 115 2644 297 2687; x_wconf 80' lang='lat' dir='ltr'><strong>cujusmodi</strong></span> <span class='ocrx_word' id='word_1_389' title='bbox 312 2653 343 2674; x_wconf 91' lang='lat' dir='ltr'><strong>v.</strong></span> <span class='ocrx_word' id='word_1_390' title='bbox 359 2643 437 2674; x_wconf 86' lang='lat' dir='ltr'><strong>etin</strong></span> <span class='ocrx_word' id='word_1_391' title='bbox 461 2643 550 2673; x_wconf 83' lang='lat' dir='ltr'><strong>Clav.</strong></span> <span class='ocrx_word' id='word_1_392' title='bbox 573 2649 649 2673; x_wconf 86' lang='lat' dir='ltr'><strong>sunt</strong></span> <span class='ocrx_word' id='word_1_393' title='bbox 672 2650 703 2672; x_wconf 85' lang='lat' dir='ltr'><strong>et</strong></span> <span class='ocrx_word' id='word_1_394' title='bbox 727 2642 808 2672; x_wconf 87' lang='lat' dir='ltr'><strong>alia:</strong></span> <span class='ocrx_word' id='word_1_395' title='bbox 853 2643 922 2672; x_wconf 88' lang='lat' dir='ltr'><strong>sine</strong></span> <span class='ocrx_word' id='word_1_396' title='bbox 947 2641 1046 2680; x_wconf 86' lang='lat' dir='ltr'><strong>libris,</strong></span> <span class='ocrx_word' id='word_1_397' title='bbox 1073 2649 1182 2673; x_wconf 88' lang='lat' dir='ltr'><strong>tamen</strong></span> <span class='ocrx_word' id='word_1_398' title='bbox 1208 2642 1301 2672; x_wconf 84' lang='lat' dir='ltr'><strong>bene.</strong></span> <span class='ocrx_word' id='word_1_399' title='bbox 1334 2651 1440 2680; x_wconf 85' lang='lat' dir='ltr'><strong>neque</strong></span> <span class='ocrx_word' id='word_1_400' title='bbox 1464 2642 1550 2673; x_wconf 87' lang='lat' dir='ltr'><strong>enim</strong></span> 
     </span>
    </p>

    <p class='ocr_par' dir='ltr' id='par_1_8' title="bbox 116 2685 1553 2729">
     <span class='ocr_line' id='line_1_45' title="bbox 116 2685 1553 2729; baseline -0.002 -12"><span class='ocrx_word' id='word_1_401' title='bbox 116 2686 170 2729; x_wconf 67' lang='lat' dir='ltr'><strong>sed</strong></span> <span class='ocrx_word' id='word_1_402' title='bbox 195 2689 271 2717; x_wconf 86' lang='lat' dir='ltr'><strong>huic</strong></span> <span class='ocrx_word' id='word_1_403' title='bbox 291 2686 396 2717; x_wconf 85' lang='lat' dir='ltr'><strong>simile</strong></span> <span class='ocrx_word' id='word_1_404' title='bbox 418 2688 565 2717; x_wconf 85' lang='lat' dir='ltr'><strong>nondum</strong></span> <span class='ocrx_word' id='word_1_405' title='bbox 587 2686 694 2726; x_wconf 87' lang='lat' dir='ltr'><strong>reperi.</strong></span> <span class='ocrx_word' id='word_1_406' title='bbox 718 2686 812 2725; x_wconf 83' lang='lat' dir='ltr'><strong>igitur</strong></span> <span class='ocrx_word' id='word_1_407' title='bbox 854 2686 1010 2726; x_wconf 81' lang='lat' dir='ltr'><strong>Epicurus</strong></span> <span class='ocrx_word' id='word_1_408' title='bbox 1036 2685 1143 2717; x_wconf 84' lang='lat' dir='ltr'><strong>solum</strong></span> <span class='ocrx_word' id='word_1_409' title='bbox 1166 2685 1309 2715; x_wconf 87' lang='lat' dir='ltr'><strong>dolorem</strong></span> <span class='ocrx_word' id='word_1_410' title='bbox 1337 2685 1462 2715; x_wconf 78' lang='lat' dir='ltr'><strong>malurn</strong></span> <span class='ocrx_word' id='word_1_411' title='bbox 1487 2695 1553 2716; x_wconf 86' lang='lat' dir='ltr'><strong>esse</strong></span> 
     </span>
    </p>

    <p class='ocr_par' dir='ltr' id='par_1_9' title="bbox 117 2728 1552 2814">
     <span class='ocr_line' id='line_1_46' title="bbox 117 2728 1552 2769; baseline -0.001 -11"><span class='ocrx_word' id='word_1_412' title='bbox 117 2740 169 2758; x_wconf 86' lang='lat' dir='ltr'><strong>non</strong></span> <span class='ocrx_word' id='word_1_413' title='bbox 185 2730 237 2763; x_wconf 86' lang='lat' dir='ltr'><strong>hic</strong></span> <span class='ocrx_word' id='word_1_414' title='bbox 253 2729 501 2768; x_wconf 78' lang='lat' dir='ltr'><strong>relinquendum</strong></span> <span class='ocrx_word' id='word_1_415' title='bbox 517 2736 605 2769; x_wconf 89' lang='lat' dir='ltr'><strong>puto.</strong></span> <span class='ocrx_word' id='word_1_416' title='bbox 853 2729 943 2759; x_wconf 82' lang='lat' dir='ltr'><strong>dixit.</strong></span> <span class='ocrx_word' id='word_1_417' title='bbox 967 2729 1061 2767; x_wconf 81' lang='lat' dir='ltr'><strong>igitur</strong></span> <span class='ocrx_word' id='word_1_418' title='bbox 1077 2739 1142 2760; x_wconf 87' lang='lat' dir='ltr'><strong>non</strong></span> <span class='ocrx_word' id='word_1_419' title='bbox 1159 2729 1300 2760; x_wconf 72' lang='lat' dir='ltr'><strong>dubitavi</strong></span> <span class='ocrx_word' id='word_1_420' title='bbox 1324 2738 1400 2758; x_wconf 89' lang='lat' dir='ltr'><strong>cum</strong></span> <span class='ocrx_word' id='word_1_421' title='bbox 1425 2728 1552 2760; x_wconf 71' lang='lat' dir='ltr'><strong>Davis&#39;ro</strong></span> 
     </span>
     <span class='ocr_line' id='line_1_47' title="bbox 161 2770 1000 2814; baseline -0.002 -12"><span class='ocrx_word' id='word_1_422' title='bbox 161 2779 200 2803; x_wconf 81' lang='lat'><strong>20</strong></span> <span class='ocrx_word' id='word_1_423' title='bbox 213 2773 262 2814; x_wconf 85' lang='lat' dir='ltr'><strong>qui</strong></span> <span class='ocrx_word' id='word_1_424' title='bbox 278 2773 365 2802; x_wconf 82' lang='lat' dir='ltr'><strong>solum</strong></span> <span class='ocrx_word' id='word_1_425' title='bbox 380 2772 429 2802; x_wconf 79' lang='lat' dir='ltr'><strong>hoc</strong></span> <span class='ocrx_word' id='word_1_426' title='bbox 440 2772 547 2802; x_wconf 84' lang='lat' dir='ltr'><strong>malum</strong></span> <span class='ocrx_word' id='word_1_427' title='bbox 559 2772 643 2809; x_wconf 79' lang='lat' dir='ltr'><strong>dicit,</strong></span> <span class='ocrx_word' id='word_1_428' title='bbox 660 2770 700 2810; x_wconf 80' lang='lat' dir='ltr'><strong>ct]</strong></span> <span class='ocrx_word' id='word_1_429' title='bbox 717 2771 811 2800; x_wconf 83' lang='lat' dir='ltr'><strong>Bent-</strong></span> <span class='ocrx_word' id='word_1_430' title='bbox 855 2773 1000 2813; x_wconf 83' lang='lat' dir='ltr'><strong>recipere.</strong></span> 
     </span>
    </p>

    <p class='ocr_par' dir='ltr' id='par_1_10' title="bbox 118 2814 810 2854">
     <span class='ocr_line' id='line_1_48' title="bbox 118 2814 810 2854; baseline 0 -11"><span class='ocrx_word' id='word_1_431' title='bbox 118 2814 197 2847; x_wconf 82' lang='lat' dir='ltr'><strong>leius</strong></span> <span class='ocrx_word' id='word_1_432' title='bbox 219 2815 392 2854; x_wconf 82' lang='lat' dir='ltr'><strong>corrigebat</strong></span> <span class='ocrx_word' id='word_1_433' title='bbox 414 2826 467 2845; x_wconf 83' lang='lat' dir='ltr'><strong>non</strong></span> <span class='ocrx_word' id='word_1_434' title='bbox 490 2814 672 2845; x_wconf 64' lang='lat' dir='ltr'><strong>solum—sed</strong></span> <span class='ocrx_word' id='word_1_435' title='bbox 694 2825 733 2845; x_wconf 85' lang='lat' dir='ltr'><strong>m.</strong></span> <span class='ocrx_word' id='word_1_436' title='bbox 756 2814 810 2844; x_wconf 83' lang='lat' dir='ltr'><strong>etsi</strong></span> 
     </span>
    </p>
   </div>
  </div>
 </body>
</html>
