1778 3095
285 174 364 207 502
669 169 748 208 DE
776 169 1040 209 NATURA
1068 170 1338 224 DEORUM

285 290 409 317 nerva
422 276 665 333 Apollinem
682 293 795 331 eum,
809 280 874 337 cuj
882 296 929 322 us
942 280 984 322 in
996 280 1131 322 tutela
1143 280 1334 322 Athenas
1351 277 1514 334 antiqui
1528 277 1720 321 historici

284 347 374 374 esse
389 334 631 376 voluerunt:
652 336 860 378 secundus
876 338 918 378 in
935 338 1038 379 Nilo
1056 347 1192 388 natm,
1215 344 1252 373 7²3
1271 336 1442 385 Phthas,
1459 348 1508 377 ut
1521 336 1722 392 AEgyptii

284 391 512 446 appellant,
544 407 669 447 quem
702 393 924 435 custodem
954 408 1045 435 esse
1071 395 1256 450 AEgypti
1285 393 1459 434 volunt:
1490 393 1640 433 tertius
1669 407 1722 434 ex

282 448 408 488 tertio
426 448 543 498 Jove,
560 457 603 489 et
621 450 645 490 J
650 465 803 501 unone,
824 451 897 506 qui
918 450 1070 491 Lemni
1091 451 1260 492 fabricae
1283 449 1459 491 traditur
1480 449 1718 504 praefuisse:

283 508 458 560 quartus
488 505 678 547 Menalio
709 516 845 557 natus,
867 507 939 562 qui
970 507 1105 548 tenuit
1135 508 1289 549 insulas
1317 515 1490 562 propter
1516 505 1719 557 Siciliam,

220 570 272 607 ,56
283 575 377 616 quae
399 567 414 596 7
421 569 439 592 4
455 561 673 603 Vulcaniae
695 563 977 604 nominantur.
1036 564 1276 605 Mercurius
1306 578 1413 604 unus
1438 562 1559 603 Caelo
1584 571 1720 617 patre,

281 617 366 658 Die
388 626 521 658 i'natre
542 627 691 660 natus:
724 620 844 675 cujus
878 619 1114 660 obscaenius
1143 621 1324 662 excitata
1351 628 1501 661 natura
1529 618 1721 667 traditur,

284 680 322 709 7⁵
340 673 455 729 quod
475 675 678 730 adspectu
700 676 958 730 Proserpinae
977 684 1218 717 commotus
1238 677 1291 717 sit
1309 693 1318 717 ε
1351 676 1455 717 alter
1476 685 1490 713 7
1497 683 1514 707 6
1528 674 1721 717 Valentis

282 739 326 772 et
346 731 594 772 Phoronidis
614 731 740 782 filius,
759 732 808 782 is,
832 739 867 768 77
889 732 962 787 qui
993 732 1070 772 sub
1103 733 1220 773 terris
1250 733 1442 782 habetur,
1471 732 1584 774 idem
1613 732 1722 773 Tro—

279 787 465 844 phonius
489 804 498 828 :
530 789 677 829 tertius
698 789 801 829 Jove
822 789 946 829 tertio
972 797 1109 839 natus,
1130 798 1173 829 et
1197 790 1330 845 Maja,
1348 804 1399 830 ex
1418 804 1503 845 quo
1525 798 1568 831 et
1589 790 1721 830 Pene-

282 845 382 899 lopa
404 844 516 883 Pana
535 852 680 885 natum
703 845 844 886 ferunt
863 862 872 886 :
905 855 1078 900 quartus
1099 845 1203 886 Nilo
1223 855 1357 900 patre,
1377 860 1500 901 quem
1522 843 1723 903 AEgyptii

281 901 399 942 nefas
421 900 580 941 habent
599 902 817 944 nominare
834 921 842 944 :
872 902 1058 957 quintus,
1078 917 1205 958 quem
1226 902 1374 943 colunt
1395 901 1629 952 Pheneatae‚
1649 901 1724 958 qui

282 966 326 998 et
346 957 517 1012 Argum
549 956 702 999 dicitur
735 959 1008 1011 interemisse,
1032 959 1088 1000 ob
1119 974 1297 1014 eamque
1329 972 1500 999 causam
1521 966 1560 995 78
1579 960 1723 1016 AEgy-

281 1048 283 1050 .
315 1023 405 1054 tum
434 1014 689 1070 profugisse,
711 1025 839 1071 atque
860 1016 1078 1071 AEgyptiis
1105 1016 1223 1072 leges
1246 1025 1286 1057 et
1308 1015 1469 1057 litteras
1487 1014 1721 1056 tradidisse.

332 1086 415 1112 unc
436 1071 636 1128 AEgyptii
655 1072 801 1113 Thoth
829 1073 1042 1129 appellant
1062 1089 1071 1114 :
1105 1079 1144 1109 79
1161 1072 1397 1128 eodemque
1429 1071 1599 1113 nomine
1626 1071 1724 1112 anni

221 1138 271 1179 57
283 1127 445 1182 primus
481 1129 636 1170 mensis
669 1129 781 1185 apud
818 1143 891 1170 eos
925 1139 1112 1171 vocatur.
1171 1129 1515 1183 AEsculapiorum
1544 1129 1723 1184 primus,

176 1184 511 1239 P·71·Apollinis,
546 1201 672 1241 quem
712 1186 900 1227 Arcades
935 1186 1080 1227 colunt
1098 1201 1110 1236 3
1142 1186 1213 1242 qui
1246 1185 1464 1241 specillum
1504 1185 1724 1236 invenisse,

244 1239 531 1296 a’primusque
568 1243 717 1283 vulnus
757 1242 911 1283 dicitur
947 1242 1199 1298 obligavisse
1223 1259 1232 1283 z
1283 1242 1507 1292 secundus,
1548 1241 1723 1284 secundi

284 1298 491 1339 Mercurii
521 1298 660 1340 frater.
692 1299 726 1339 is
756 1299 933 1340 fulmine
962 1313 1203 1355 percussus,
1224 1298 1377 1340 dicitur
1407 1298 1607 1340 humatus
1631 1312 1723 1340 esse

284 1362 325 1387 80
343 1353 606 1411 Cynosuris:
637 1355 801 1407 tertius,
822 1356 995 1412 Arsippi
1023 1366 1066 1397 et
1093 1356 1313 1405 Arsinoae3
1346 1356 1418 1411 qui
1439 1356 1599 1411 primus
1621 1369 1724 1410 pur-

280 1411 499 1467 gationem
522 1411 616 1463 alvi,
636 1412 858 1468 dentisque
877 1413 1149 1464 evulsionem,
1168 1421 1214 1454 ut
1235 1413 1388 1463 ferunt,
1406 1412 1582 1453 invenit:
1601 1411 1724 1468 cujus

282 1468 326 1509 in
355 1467 541 1509 Arcadia
571 1484 655 1510 non
685 1470 815 1525 longe
846 1484 870 1510 a
899 1470 1031 1512 Lusio
1061 1470 1232 1511 flumine
1263 1469 1503 1524 sepulcrum
1534 1477 1577 1509 et
1603 1468 1725 1509 lucus

199 1514 271 1563 23
283 1525 534 1567 ostenditur.
592 1527 843 1582 Apollinum
876 1527 1193 1583 antiquissimus
1220 1526 1271 1576 is,
1301 1540 1429 1582 quem
1456 1525 1600 1581 paullo
1625 1534 1724 1566 ante

282 1595 333 1622 ex
348 1583 708 1624 Vulcano‘natum
729 1598 818 1624 esse
839 1582 939 1634 dixi,
960 1583 1180 1625 custodem
1199 1583 1490 1623 Athenarum:
1512 1583 1616 1623 alter
1634 1581 1724 1622 Co-

277 1639 470 1694 rybantis
501 1639 626 1691 filius,
648 1649 770 1681 natus
805 1640 848 1680 in
877 1640 1034 1692 Creta3
1065 1642 1187 1696 cujus
1219 1639 1271 1680 de
1302 1639 1372 1679 illa
1401 1639 1538 1680 insula
1566 1647 1602 1670 81
1622 1653 1721 1679 cum

278 1695 385 1736 Jove
406 1695 499 1750 ipso
520 1705 734 1737 certamen
755 1697 884 1737 fuisse
906 1697 1111 1738 traditur:
1145 1696 1292 1736 tertius
1317 1696 1422 1736 Jove
1445 1696 1570 1736 tertio
1597 1703 1722 1736 natus

277 1760 323 1792 et
352 1753 545 1793 Latona:
578 1767 702 1808 quem
735 1761 773 1785 82
790 1767 839 1793 ex
874 1754 1164 1810 Hyperboreis
1197 1751 1393 1806 Delphos
1423 1752 1565 1792 ferunt
1594 1751 1722 1792 adve-

279 1871 361 1907 aliis.
385 1879 454 1909 edd.
476 1884 550 1908 vett.
577 1880 725 1917 quaedam
749 1879 869 1909 habent
884 1890 977 1909 avum

279 1920 379 1961 Jugysi
404 1923 462 1950 ἃς.
490 1931 562 1960 quae
585 1932 646 1951 vox
676 1924 706 1951 in
732 1923 881 1962 exemplo
905 1933 978 1952 meo

281 1964 330 1994 ed.
347 1964 427 1994 Ven.
446 1972 538 1996 1494.
552 1965 705 2004 adscripta
721 1974 776 1995 cst.

326 2012 364 2041 73
393 2007 512 2043 Pbrkas,
535 2014 567 2036 ut
585 2009 654 2046 [Eg.
678 2008 759 2047 app]
779 2010 899 2039 Verum
923 2017 979 2036 no-

284 2060 360 2080 men
377 2060 442 2079 esse
460 2050 581 2085 Phtlms,
604 2061 667 2080 non
696 2051 786 2089 Opas,
809 2058 844 2080 ut
860 2051 979 2080 habent

283 2092 354 2122 libri
386 2094 447 2122 fere
477 2103 602 2130 onmes,
640 2094 764 2124 dudum
802 2094 857 2123 viri
894 2095 979 2123 docti

283 2145 461 2175 agnovere-3
495 2136 588 2173 igitur
615 2137 644 2166 id
672 2146 748 2166 cum
780 2137 909 2167 Davisio
933 2146 979 2166 re-

283 2180 386 2219 posui.
402 2189 431 2208 v,
450 2185 481 2208 et
493 2178 582 2209 Clav.
596 2180 626 2208 in
648 2179 737 2218 Opas.

327 2228 366 2256 74
395 2221 543 2250 Vulcmu'ae
568 2221 763 2260 nominantur]
791 2223 842 2252 Sic
867 2222 979 2253 habuit

284 2265 349 2298 Ms.
367 2265 477 2295 Lamb.
495 2270 525 2294 et
540 2265 583 2294 sic
599 2266 666 2294 sine
681 2266 779 2296 dubio
794 2266 978 2304 legencium.

285 2318 349 2338 non
368 2307 598 2343 nominabantur,
617 2315 651 2338 ut
667 2316 713 2338 est
728 2311 760 2339 in
777 2309 924 2347 vulgatis.

330 2356 368 2385 75
392 2351 658 2392 quod—commotus
680 2352 735 2392 sit]
764 2353 912 2382 Latinitas
934 2352 981 2381 vi-

285 2395 376 2423 detur
391 2393 561 2433 postulare,
578 2401 728 2423 commotus
750 2402 818 2424 esset
832 2407 841 2423 :
865 2396 981 2434 pendet

285 2437 373 2466 enim
389 2437 429 2466 ab
445 2437 584 2465 excitata.

330 2484 368 2513 76
396 2478 523 2509 Valentis
545 2486 572 2508 et
593 2479 774 2518 Phoronidis]
794 2478 910 2509 Valens
927 2489 981 2508 ex-

283 2521 391 2560 primit
405 2522 556 2552 Graecurn
573 2532 692 2552 nornen
709 2521 807 2560 ἴσχυς.
831 2522 888 2551 Pro
907 2522 979 2551 Pho-

284 2563 390 2593 ronidis
419 2564 590 2603 legendum
619 2564 777 2601 Coronidis,
800 2565 891 2594 docet
914 2565 978 2594 Da-

283 2607 393 2644 visius,
414 2616 454 2636 ex
474 2617 539 2646 quo
560 2608 680 2636 factum
700 2607 856 2642 Forom'dis‚
875 2614 910 2636 ut
923 2608 978 2636 ha-

285 2649 362 2679 bent
385 2651 447 2679 fere
471 2650 549 2679 Mss.
573 2650 669 2679 ettam
694 2650 800 2679 Guelf.
818 2650 890 2678 inde
904 2650 978 2679 Pho-

286 2693 392 2722 rom'dis
430 2693 462 2722 in
496 2692 582 2722 libris
619 2693 718 2722 editis.
763 2692 888 2731 Nempe
925 2692 978 2721 hic

286 2736 464 2766 Mercurius
480 2742 526 2764 est
542 2734 714 2774 AEsculapii
727 2734 852 2765 alterius
867 2736 979 2772 fratem

285 2779 311 2816 ej
319 2789 353 2808 us
370 2786 478 2808 autem
502 2784 602 2808 mater
624 2784 670 2808 est
695 2777 809 2807 Coronis
826 2787 890 2807 non
908 2777 983 2808 Pho-

287 2832 372 2851 P‘OHIS.

330 2870 366 2900 77
392 2864 444 2905 qui
466 2864 516 2894 sub
538 2863 623 2893 terris
645 2861 782 2904 habetur]
805 2863 980 2894 Lambinus

284 2906 360 2948 legit
382 2906 467 2937 habet
490 2908 510 2938 i.
533 2916 562 2939 e.
583 2907 716 2945 habitat,
740 2906 835 2947 idque
858 2907 890 2937 in
914 2907 979 2937 Ms.

1023 1879 1142 1918 reperit.
1170 1878 1291 1908 habetur
1318 1883 1419 1918 potest
1445 1886 1524 1913 esse,
1547 1876 1608 1906 sub
1635 1876 1723 1906 terris

1023 1930 1069 1952 est
1087 1934 1092 1950 :
1118 1929 1147 1951 et
1164 1922 1249 1952 idem
1266 1932 1342 1952 cum
1358 1921 1545 1959 Trophonio
1562 1925 1701 1959 putatur.

1069 1971 1107 1999 78
1131 1961 1481 2006 AEgyptumprffugisse}
1500 1963 1566 1993 Etsi
1581 1962 1658 1999 scio,
1675 1962 1724 1993 in-

1024 2009 1149 2038 terdum
1185 2009 1319 2038 nomina
1349 2009 1517 2046 regionum
1547 2006 1615 2035 sine
1644 2015 1723 2045 prae-

1024 2052 1177 2089 positione
1197 2052 1289 2090 jungi
1311 2050 1426 2085 verbis,
1455 2056 1491 2079 ut
1511 2050 1645 2079 nomina
1672 2058 1725 2078 ur-

1024 2094 1139 2131 bium3
1163 2101 1273 2124 tamen
1303 2094 1395 2123 credo
1423 2093 1476 2122 hic
1502 2092 1532 2121 in
1557 2092 1722 2129 excidisse,

1022 2147 1077 2176 per
1090 2137 1221 2167 finalem
1235 2138 1267 2166 in
1283 2148 1411 2166 causam.
1711 2157 1713 2160 -

1068 2187 1107 2214 79
1131 2178 1292 2221 eodemque]
1319 2191 1372 2221 que
1396 2188 1461 2209 non
1492 2178 1552 2208 fuit
1581 2178 1613 2207 in
1641 2177 1722 2208 Mss.

1023 2223 1156 2260 Davisii,
1181 2233 1240 2253 nec
1263 2229 1310 2253 est
1331 2223 1363 2252 in
1389 2221 1495 2251 Guelf.
1519 2228 1575 2251 aut
1598 2222 1630 2250 in
1649 2221 1721 2252 edd.

1047 2277 1070 2295 Γ.

1023 2277 1042 2306 p
1068 2316 1108 2339 80
1135 2307 1303 2349 Cynosuris]
1322 2307 1408 2337 Urbe
1424 2306 1599 2336 Laconicae.

1068 2359 1102 2381 81
1132 2363 1193 2380 cum
1209 2352 1289 2381 Jove
1308 2349 1382 2389 ipso]
1408 2350 1486 2379 Mss.
1504 2349 1628 2378 Grutcri
1645 2360 1670 2378 c.
1686 2349 1722 2380 J.

1025 2395 1120 2430 tertio,
1159 2396 1244 2433 quod
1284 2393 1407 2433 praefert
1448 2392 1608 2428 Davisius,
1647 2393 1723 2431 quia

1023 2438 1144 2477 Jupiter
1160 2438 1268 2467 tertius
1284 2438 1315 2466 in
1334 2436 1425 2465 Creta
1440 2442 1533 2464 natus
1549 2435 1691 2465 traditur.

1069 2487 1107 2511 82
1136 2492 1172 2508 ex
1203 2478 1390 2519 Hyperboreis
1426 2477 1546 2516 Delphos
1565 2478 1601 2518 f.
1630 2478 1724 2507 adve-

1024 2523 1109 2560 nisse]
1139 2522 1247 2559 Hujus
1274 2522 1314 2551 rei
1342 2520 1472 2550 nullum
1497 2522 1580 2560 apud
1603 2528 1722 2552 veteres

1020 2565 1190 2603 vestigium
1208 2575 1260 2594 me
1284 2565 1414 2603 reperire
1435 2564 1582 2593 memini.
1626 2565 1722 2595 Venit

1019 2607 1190 2646 aliquando
1214 2608 1245 2637 in
1270 2614 1412 2637 mentem
1435 2607 1598 2646 suspicari,
1615 2607 1724 2646 legen-

1020 2651 1101 2680 dum
1129 2661 1194 2680 esse
1223 2650 1315 2680 Delon
1342 2660 1381 2679 ex
1406 2659 1455 2686 eo,
1482 2650 1567 2688 quod
1597 2650 1720 2689 Hyper-

1023 2694 1132 2723 boreos
1149 2694 1299 2723 traditum
1317 2700 1364 2722 est
1385 2694 1531 2722 eduxisse
1554 2693 1586 2722 in
1611 2694 1721 2732 primis

1023 2736 1222 2776 Apollinem,
1238 2737 1292 2776 qui
1309 2743 1340 2766 et
1358 2737 1442 2775 apud
1465 2735 1545 2774 ipsos
1568 2736 1681 2772 fuerit,*
1691 2742 1722 2766 et

1025 2779 1146 2809 Delum
1170 2781 1342 2818 quotannis
1366 2779 1487 2809 misisse
1509 2779 1661 2817 primitias
1681 2779 1720 2809 ad

1022 2832 1109 2853 sacra
1124 2822 1293 2861 solemnia,
1311 2824 1386 2853 item
1399 2822 1481 2862 apud
1496 2831 1548 2854 eos
1567 2823 1718 2853 Latonam

1023 2873 1131 2896 natam
1149 2867 1207 2897 διο.
