1778 3095
195 129 273 163 284
527 123 787 162 TUSCUL.
819 124 1266 165 QUAESTIONUM

135 244 183 276 18
196 229 426 287 sapientem
445 241 587 273 censet
607 232 650 274 id
671 247 794 275 suave
823 234 1050 276 dicturum.
1108 236 1204 291 Ego
1225 249 1250 276 a
1268 243 1311 276 te
1330 248 1417 276 non
1435 235 1622 290 postule,

194 296 244 329 ut
263 287 451 329 dolorem
473 289 630 330 eisdem
662 291 797 332 verbis
826 291 994 343 afficias,
1015 291 1167 347 quibus
1197 292 1403 347 Epicurus
1431 291 1623 347 volupta-

194 353 296 395 tem,
331 345 478 397 homo,
512 355 561 387 ut
593 347 687 398 scis,
719 347 989 403 voluptarius.
1021 348 1090 389 ille
1124 348 1274 389 dixerit
1309 361 1407 388 sane
1438 346 1551 388 idem
1581 348 1623 388 in

196 401 423 442 Phalaridis
452 410 587 454 tauro,
608 403 738 459 quod,
760 403 794 444 si
826 414 938 445 esset
966 403 1007 445 in
1037 404 1208 446 lectulo.
1239 419 1321 459 ego
1355 411 1515 445 tantam
1540 403 1622 444 vim

194 472 278 498 non
302 458 442 499 tribuo
472 459 648 514 sapienti
674 469 821 501 contra
849 460 1054 501 dolorem.
1086 460 1139 502 sit
1159 461 1277 502 fortis
1298 461 1339 501 in
1359 459 1624 516 perferendo,

194 514 333 556 officio
353 515 452 556 satis
474 524 562 556 est:
591 524 640 557 ut
667 517 835 557 laetetur
866 516 1008 567 etiam,
1031 532 1115 558 non
1143 517 1328 573 postulo.
1358 516 1486 558 tristis
1511 516 1623 557 enim

194 585 260 612 res
283 580 348 612 est
367 571 456 612 sine
476 571 622 623 dubio,
642 587 800 628 aspera,
820 587 975 623 amara,
996 573 1165 614 inimica
1193 582 1366 625 naturae,
1388 573 1441 614 ad
1460 573 1625 629 patien-

137 626 299 678 19dum
338 627 686 684 tolerandumque
726 628 918 669 difficilis.
977 628 1165 685 Adspice
1201 630 1507 671 Philoctetam:
1556 628 1627 670 cui

195 684 515 726 concedendum
549 694 614 725 est
644 685 846 740 gementi.
882 685 1019 740 ipsum
1053 685 1165 726 enim
1200 686 1431 727 Herculem
1470 685 1628 727 viderat

196 740 238 782 in
261 741 369 782 Oeta
399 740 689 796 magnitudine
720 741 914 782 dolorum
945 740 1189 796 ejulantem.
1220 742 1324 783 nihil
1354 743 1484 799 igitur
1514 743 1627 783 hunc

194 797 329 838 virum
349 797 530 852 sagittae,
554 812 657 853 quas
690 798 743 839 ab
775 797 962 839 Hercule
982 807 1216 854 acceperat,
1237 807 1273 830 21
1292 806 1381 840 tum
1405 799 1627 841 consolan—

194 862 265 895 tur
281 870 294 905 3
323 868 424 894 cum

302 945 336 981 E
353 944 502 994 ὐἱρενὶηο
520 958 628 981 morsu
647 958 747 982 vcnae
764 947 929 983 viscerum

306 998 429 1035 Veneno
449 997 588 1036 imbutae
607 1008 720 1036 taetros
740 1001 909 1037 cruciatus
929 1000 1029 1037 cient.

196 1085 347 1140 Itaque
366 1083 572 1125 exclamat
594 1084 795 1126 auxilium
817 1093 1030 1141 expetens,
1052 1085 1159 1126 mori
1180 1084 1377 1141 cupiens:

308 1177 384 1213 Heu
404 1176 477 1226 quis
495 1176 592 1212 salsis
603 1175 763 1221 fluctibu'
784 1176 917 1213 mandet

306 1231 370 1266 Me
387 1242 429 1265 ex
445 1229 579 1265 sublimi
597 1229 722 1265 vertice
737 1230 851 1266 saxi?

71 1308 100 1337 Ρ,
118 1303 188 1333 179.
306 1283 456 1328 Jamjam
474 1282 630 1319 absumor
641 1299 651 1327 3
681 1283 809 1330 conficit
826 1283 975 1319 animam

159 1350 191 1372 a.
308 1343 347 1366 22
365 1336 423 1373 Vz's
441 1336 603 1379 vulneris,
624 1336 742 1372 ulceris
760 1345 876 1374 cestus.

200 1419 384 1462 Difficile
414 1418 530 1460 dictu
551 1419 727 1470 videtur,
749 1434 845 1461 eum
868 1434 949 1460 non
971 1419 1011 1460 in
1033 1419 1146 1461 malo
1174 1432 1279 1471 esse,
1298 1427 1341 1461 et
1361 1434 1518 1476 magno
1538 1422 1631 1477 qui-

154 1472 314 1528 8dem‚
335 1485 374 1509 23
392 1475 465 1532 qui
492 1476 551 1517 ita
585 1476 766 1517 clamare
795 1485 988 1531 cogatur.
1048 1476 1131 1517 Sed
1159 1477 1374 1518 videamus
1401 1479 1632 1519 Herculem

136 1547 189 1578 20
200 1535 355 1590 ipsum,
370 1534 444 1589 qui
463 1541 555 1574 tum
577 1532 724 1574 dolore
743 1533 1029 1588 frangebatur,
1046 1548 1145 1574 cum
1164 1533 1524 1575 immortalitatem
1542 1535 1632 1590 ipsa

198 1598 337 1632 morte
357 1590 585 1646 quaerebat.
617 1605 721 1646 quas
751 1589 819 1630 hic
841 1604 963 1631 voces
983 1589 1095 1644 apud
1114 1590 1371 1646 Sophoclem
1394 1591 1435 1631 in
1457 1592 1632 1632 Trachi-

199 1647 278 1689 niis
298 1647 411 1688 edit?
445 1647 514 1687 cui
544 1660 641 1687 cum
663 1646 863 1687 Deianira
892 1647 1096 1701 sanguine
1116 1647 1304 1688 centauri
1320 1647 1495 1689 tinctam
1518 1647 1631 1688 tuni-

199 1719 293 1745 cam
312 1703 530 1753 induisset,
552 1703 870 1759 inhaesissetque
892 1717 941 1743 ea
959 1703 1199 1754 visceribus,
1220 1704 1279 1744 ait
1300 1703 1393 1745 ille:

308 1794 341 1832 Ο
359 1793 467 1830 multa
486 1792 578 1830 dictu
592 1793 738 1843 gra-via,
752 1803 905 1844 perpessu
925 1804 1058 1843 aspera,

312 1849 401 1897 Quae
421 1854 461 1877 24
475 1858 602 1897 corpore
619 1846 810 1888 exantlavi,
829 1856 929 1897 atque
947 1847 1056 1884 animo
1069 1847 1208 1898 pertuli.

307 1902 381 1938 Nec
398 1900 477 1938 mibi
497 1900 638 1937 Janonis
658 1908 762 1936 terror
781 1899 1016 1949 implacabilis,

310 1955 382 1992 Nec
400 1963 533 1992 tantum
550 1954 682 1990 invexit
696 1953 801 1989 tristis
821 1953 1023 2002 Eurystheus
1044 1953 1138 1997 mali,

312 2009 487 2058 Quantum
506 2021 575 2044 una
593 2020 707 2044 vecors
727 2014 764 2037 25
783 2007 881 2043 Oenei
895 2016 1002 2057 partu
1019 2006 1124 2044 edita.

308 2062 398 2098 Haec
417 2074 465 2098 me
483 2061 631 2098 irretivit
648 2069 741 2097 ‘veste
776 2061 878 2097 uriali
897 2061 1048 2097 inscium.

312 2114 401 2164 Quae
419 2114 518 2151 lateri
534 2114 697 2150 inbaercns
716 2127 822 2150 morsu
839 2114 967 2151 lacerat
984 2115 1133 2159 viscera,

311 2168 505 2218 Urgensque
516 2167 679 2217 gra-viter
699 2166 890 2217 pulmonum
910 2167 1025 2205 haurit
1042 2167 1178 2217 spiritus
1193 2182 1209 2204 .-

308 2222 389 2258 Jam
408 2220 582 2258 decolorem
602 2221 798 2270 sanguinem
817 2234 940 2258 omnem
959 2220 1128 2258 exsorbuit
1142 2237 1154 2257 .·

312 2274 370 2312 Sic
387 2285 501 2326 corpus
519 2273 614 2311 clade
629 2272 780 2311 horribili
796 2274 989 2311 absumtum
1007 2273 1173 2311 extabuit.

245 2392 280 2416 αἱ
310 2391 370 2415 tum
394 2384 584 2424 consolantur]
615 2384 667 2415 Sic
691 2392 773 2415 recte
799 2395 900 2415 corre-
944 2385 1084 2415 ctionem
1101 2391 1252 2415 nostram.

203 2435 294 2458 etum
310 2427 539 2465 consolabantur,
555 2438 574 2458 a
588 2428 736 2458 Davisio:
760 2438 837 2458 narn
852 2438 900 2458 se·
986 2435 1025 2459 25
1054 2427 1142 2457 Oenei
1163 2433 1255 2466 partu
1280 2425 1370 2465 edita]
1399 2427 1455 2457 Est
1479 2426 1639 2458 Deianira.

204 2473 312 2511 quitur
327 2471 522 2507 cum—cient,
539 2477 570 2500 et
586 2470 741 2500 exclamat.
944 2470 1004 2501 Sed
1034 2480 1115 2500 num
1142 2470 1218 2509 patri
1248 2476 1353 2509 partus
1385 2470 1479 2499 tribui
1509 2471 1635 2509 potest?

246 2521 285 2544 22
305 2514 359 2544 Vis
374 2513 521 2553 vulneris]
539 2514 605 2544 Jac.
629 2513 809 2544 Gronovius
831 2523 899 2544 cor·
942 2523 1059 2557 nempe
1081 2523 1098 2543 e
1120 2522 1297 2551 graecorum
1316 2522 1416 2548 more,
1432 2513 1485 2551 qui
1503 2511 1585 2541 τὸκον
1599 2513 1639 2543 de

203 2558 272 2596 tigit
291 2557 376 2586 Vtrus
390 2555 520 2585 vulneris
535 2556 626 2586 metri
642 2565 748 2586 causa.
942 2563 1027 2596 patre
1052 2556 1176 2592 dicunt,
1203 2562 1240 2586 ut
1263 2556 1302 2585 ad
1325 2556 1358 2585 h.
1375 2555 1396 2585 l.
1413 2556 1520 2586 docuit
1542 2557 1641 2586 Davi-

241 2605 284 2630 23
302 2599 352 2640 qui
368 2600 412 2627 ita
427 2598 554 2627 clamare
570 2599 701 2638 cogatur]
719 2600 771 2628 Sic
794 2598 899 2628 latini-
942 2600 1019 2629 sius.
1050 2608 1250 2638 quamquam
1279 2598 1388 2638 paullo
1422 2598 1511 2628 aliter
1538 2599 1640 2629 Graeci

201 2649 247 2672 tas
271 2641 409 2681 postulat
432 2651 487 2680 pro
513 2642 623 2681 cogitur
645 2641 717 2680 legi.
739 2642 793 2673 sed
811 2642 853 2671 ita
869 2647 899 2671 et
942 2643 996 2681 qui
1014 2641 1122 2682 πατρὸς
1138 2640 1218 2670 τόκον
1235 2641 1347 2671 dicunt
1369 2640 1489 2678 filium,
1503 2642 1556 2672 sed
1574 2651 1641 2673 non

203 2684 405 2715 habentlibri
422 2693 481 2714 scr.
497 2691 528 2715 et
543 2685 612 2715 edd.
628 2690 757 2715 veteres,
943 2694 1020 2715 cum
1050 2684 1103 2714 tali
1133 2685 1241 2721 verbo,
1270 2684 1364 2723 quale
1390 2685 1443 2714 hic
1473 2690 1520 2713 est
1549 2684 1641 2715 edita.

245 2735 286 2758 24
302 2733 413 2766 corpore
435 2725 598 2766 exantlato]
625 2727 711 2757 Quid
733 2733 780 2758 est
801 2733 899 2766 corpus
944 2727 1103 2758 Bentleius
1126 2727 1298 2767 corrigebat
1320 2726 1412 2757 Oeneo
1430 2732 1516 2766 patre
1537 2726 1640 2756 edita.-

201 2769 414 2800 exantlatum?
447 2770 535 2800 Hinc
572 2770 732 2800 Bentleius
767 2770 900 2800 correxit
942 2772 995 2801 sed
1021 2777 1053 2801 et
1082 2770 1159 2799 edita
1184 2771 1263 2809 patri
1290 2780 1356 2800 non
1377 2770 1450 2800 satis
1479 2770 1639 2801 convenit.

202 2812 378 2854 aqualata.-
415 2822 473 2852 ego
503 2812 616 2843 malim
651 2812 807 2842 exantlavi
836 2813 901 2844 Ms.
944 2814 1050 2854 itaque
1066 2813 1181 2845 melius
1195 2813 1423 2853 estvulgaturn
1438 2822 1570 2844 servare.

203 2855 311 2887 Guelf.
338 2855 530 2886 exantlavit:
557 2857 641 2896 quod
669 2856 776 2887 firmat
801 2865 901 2886 corre-
