1768 3095
224 109 274 147 16
569 108 843 147 ACADEM.
873 108 1319 148 QUAESTIONUM

178 209 366 266 b.sippus
394 217 552 261 autem,
579 219 623 252 et
652 211 931 264 Xenocrates,
961 213 1034 270 qui
1063 213 1187 270 primi
1218 213 1402 255 Platonis
1434 213 1654 266 rationem,

220 265 602 324 auctoritatemque
622 278 890 366 susceperant
902 285 914 320 3
939 280 983 312 et
1003 277 1100 326 post
1119 269 1197 311 hos
1220 270 1404 320 Polemo,
1425 280 1468 312 et
1489 269 1655 322 Crates,

220 336 385 381 unaque
416 323 615 375 Crantor,
650 325 690 365 in
768 325 957 367 cademia
988 327 1251 382 congregati,
1284 333 1324 363 ⁷6
1337 327 1561 383 diligenter
1589 340 1654 379 ea,

218 394 313 437 quae
334 394 359 421 a
378 380 660 436 superioribus
679 391 944 438 acceperant,
963 384 1204 425 tuebantur.
1261 384 1356 425 Jam
1381 383 1654 425 Polemonem

153 446 203 479 3⁵
216 437 461 479 audiverant
475 437 639 479 assidue
660 439 791 490 Zeno,
813 448 856 480 et
873 439 1100 481 Arcesilas.
1157 440 1240 481 Sed
1261 440 1379 481 Zeno
1397 455 1497 482 cum
1518 439 1654 482 Arce-

215 494 337 536 silam
371 494 551 536 anteiret
585 504 723 545 aetate,
753 496 956 552 valdeque
987 496 1197 538 subtiliter
1228 496 1462 548 dissereret,
1486 506 1529 539 et
1559 511 1655 553 per-

213 559 338 592 acute
371 560 637 592 moveretur:
684 552 894 608 corrigere
928 561 1104 594 conatus
1142 561 1207 595 est
1240 552 1518 609 disciplinam.
1558 567 1653 595 eam

213 621 397 664 quoque,
420 607 455 648 si
472 607 649 660 videtur,
669 609 971 651 correctionem
989 610 1224 666 explicabo,
1243 609 1352 651 sicut
1377 609 1540 653 solebat
1558 611 1652 651 An-

211 664 395 706 tiochus.
454 664 567 705 Mihi
594 679 706 718 vero,
726 665 913 722 inquam,
932 665 1123 708 videtur:
1154 665 1271 723 quod
1299 665 1411 707 vides
1432 665 1544 708 idem
1564 668 1652 723 sig·

212 721 381 762 nificare
404 722 699 777 Pomponium.

138 783 200 821 10
269 779 387 819 Zeno
419 778 550 834 igitur
587 777 703 820 nullo
737 779 869 821 modo
908 779 941 820 is
979 786 1083 831 erat,
1121 779 1208 835 qui,
1249 788 1297 821 ut
1334 777 1653 837 Theophrastus

213 841 251 872 77
270 849 418 876 nervos
446 833 609 876 virtutis
637 835 866 878 incideret:
898 836 971 877 sed
1001 844 1164 888 contra,
1195 836 1267 893 qui
1298 835 1455 886 omnia,
1475 835 1654 892 quae'ad

210 891 380 933 beatam
399 891 527 932 vitam
548 892 817 948 pertinerent,
839 893 880 934 in
901 907 985 934 una
1004 893 1156 935 virtute
1187 901 1362 949 poneret
1381 909 1390 933 :
1422 906 1501 934 nec
1527 892 1658 948 quid?

211 962 340 1004 quam
364 947 478 989 aliud
508 958 749 991 numeraret
779 950 821 990 in
855 950 992 1001 bonis,
1013 949 1139 1006 idque
1157 949 1389 1006 appellaret
1407 949 1652 1001 honestum,

211 1004 326 1060 quod
360 1014 470 1046 esset
503 1004 681 1061 simplex
711 1006 941 1062 quoddam,
976 1015 1020 1048 et
1052 1007 1190 1048 solum
1225 1015 1269 1048 et
1303 1020 1438 1048 unum
1472 1006 1650 1047 bonum.

147 1059 200 1096 36
213 1061 366 1102 Cetera
385 1069 526 1102 autem
548 1061 626 1102 etsi
645 1076 722 1103 nec
744 1063 870 1114 bona,
895 1077 969 1104 nec
989 1064 1102 1105 mala
1127 1073 1279 1115 essent,
1300 1072 1442 1105 tamen
1470 1062 1554 1103 alia
1582 1064 1650 1110 s'e-

208 1117 395 1158 cundum
417 1125 610 1159 naturam
628 1118 810 1171 dicebat,
830 1120 912 1161 alia
931 1129 1091 1161 naturae
1112 1134 1202 1162 esse
1224 1120 1447 1161 contraria.
1477 1118 1527 1160 iis
1548 1118 1650 1175 ipsis

207 1174 289 1215 alia
318 1174 552 1231 interjecta,
581 1183 623 1215 et
654 1175 793 1216 media
823 1176 1084 1218 numerabat.
1115 1192 1212 1233 quae
1240 1184 1381 1218 autem
1413 1175 1650 1218 secundum

207 1239 398 1272 naturam
428 1240 581 1283 essent,
609 1245 659 1272 ea
686 1233 903 1284 sumenda,
934 1241 977 1274 et
997 1241 1036 1270 78
1051 1233 1232 1289 quadam
1253 1231 1651 1288 aestimatione’dig-

206 1287 345 1328 nanda
371 1287 582 1329 docebat:
611 1296 841 1344 contraque
871 1290 1104 1330 contraria:
1137 1297 1285 1331 neutra
1312 1298 1455 1331 autem
1485 1289 1526 1329 in
1557 1301 1649 1334 me-

205 1343 285 1384 diis
331 1344 622 1399 relinquebat:
655 1352 696 1380 ⁷⁹
716 1344 758 1385 in
792 1344 946 1401 quibus
983 1346 1171 1401 ponebat
1203 1345 1311 1387 nihil
1345 1345 1520 1387 omnino
1554 1344 1647 1386 esse

143 1408 194 1449 37
205 1399 427 1442 momenti.
486 1399 571 1441 Sed
601 1415 696 1456 quae
726 1411 866 1442 essent
894 1402 1113 1454 sumenda,
1133 1416 1184 1443 ex
1211 1402 1260 1443 iis
1291 1401 1373 1443 alia
1400 1401 1532 1458 pluris
1557 1402 1659 1442 esse'

204 1456 467 1507 aestimanda,
498 1455 581 1497 alia
607 1457 797 1499 minoris.
829 1473 923 1514 quae
949 1458 1093 1514 pluris,
1124 1472 1175 1499 ea
1202 1458 1429 1514 praeposita
1456 1457 1646 1515 appella-

202 1513 278 1555 bat
294 1527 306 1564 ;
336 1514 493 1569 rejecta
512 1521 671 1563 autem,
691 1529 786 1570 quae
806 1515 995 1556 minoris.
1026 1524 1153 1571 atque
1174 1524 1223 1556 ut
1242 1514 1335 1556 haec
1356 1529 1441 1556 non
1469 1524 1557 1556 tam
1577 1528 1645 1555 re*

201 1569 446 1627 bus,>quam
477 1570 690 1611 vocabulis
720 1579 1082 1623 commutaverat3
1114 1572 1173 1613 sic
1204 1571 1312 1613 inter
1341 1580 1454 1613 recte
1482 1571 1645 1613 facturn

201 1635 329 1682 atque
358 1636 597 1682 peccatum,
628 1627 813 1668 officium
843 1636 886 1670 et
915 1637 1063 1669 contra
1094 1628 1294 1680 officium,
1314 1628 1456 1669 media
1474 1626 1646 1669 locabat

202 1683 398 1738 quaedam
417 1700 426 1724 ε
457 1692 570 1725 recte
589 1683 703 1725 facta
721 1684 811 1725 sola
830 1684 872 1725 in
892 1685 1014 1726 bonis
1034 1685 1272 1727 actionibus
1294 1699 1454 1741 ponens
1470 1701 1483 1737 3
1502 1687 1644 1742 prave,

202 1739 247 1780 id
266 1748 345 1791 est,
364 1748 554 1795 peccata,
576 1740 618 1780 in
647 1740 784 1782 malis.
803 1741 940 1782 officia
968 1750 1110 1783 autem
1130 1750 1173 1783 et
1193 1751 1366 1792 servata,
1387 1740 1643 1797 praetermis*-

139 1814 191 1847 38
204 1810 346 1852 saque,
377 1805 417 1829 80
436 1796 575 1838 media
600 1797 793 1853 putabat,
822 1807 871 1839 ut
904 1797 1003 1839 dixi.
1062 1799 1259 1855 Cumque
1292 1799 1527 1855 superiores
1559 1811 1645 1839 non

95 1873 127 1905 p.
141 1868 194 1893 46.
206 1867 375 1894 omnem
405 1853 604 1894 virtutem
629 1853 671 1894 in
700 1854 861 1896 ratione
889 1868 978 1895 esse
1006 1854 1205 1906 dicerent,
1225 1855 1297 1896 sed
1328 1854 1533 1912 quasdam
1562 1853 1645 1895 vir-

165 1915 316 1951 a·tutes
337 1918 499 1961 natura,
520 1918 594 1952 aut
623 1925 742 1952 more
770 1912 1005 1967 perfectas:
1036 1912 1106 1953 hic
1136 1925 1281 1953 omnes
1310 1912 1353 1953 in
1382 1912 1545 1954 ratione
1564 1909 1644 1975 po}-

204 1966 356 2008 nebat:
395 1981 578 2023 cumque
613 1966 676 2008 illi
714 1982 764 2008 ea
801 1982 956 2023 genera
993 1969 1210 2020 virtutum,
1245 1983 1341 2026 quae
1378 1979 1505 2026 supra
1541 1966 1643 2018 d1xi,

203 2029 240 2054 81
261 2022 426 2079 sejungi
457 2037 581 2079 posse
609 2023 931 2076 arbitrarentur3
970 2025 1040 2067 hic
1076 2039 1152 2067 nec
1184 2025 1228 2066 id
1263 2026 1352 2067 ullo
1387 2024 1518 2066 modd
1553 2023 1641 2066 fieri

200 2092 324 2134 posse
343 2079 597 2121 disserebat:
629 2095 705 2122 nec
723 2081 888 2123 virtutis
908 2096 1032 2123 usum
1054 2082 1198 2133 modo,
1220 2090 1268 2123 ut
1298 2082 1545 2138 superiores,
1565 2079 1641 2122 sed

198 2135 340 2190 ipsum
370 2136 563 2178 habitum
585 2150 659 2193 per
688 2152 732 2178 se
757 2152 846 2178 esse
867 2139 1131 2194 praeclarum,
1160 2152 1236 2180 nec
1269 2138 1638 2181 tamen-virtutem

199 2191 398 2249 cuiquam
419 2193 577 2245 adesse,
597 2193 698 2250 quin
719 2209 768 2235 ea
787 2208 952 2251 semper
979 2205 1182 2238 uteretur.
1213 2209 1396 2252 cumque
1417 2194 1639 2252 perturba-

198 2248 359 2291 tionem
376 2250 506 2291 animi
525 2250 586 2291 illi
606 2264 656 2291 ex
676 2250 847 2292 homine
867 2267 952 2294 non
971 2253 1182 2303 tollerent,
1203 2260 1435 2308 naturaque
1459 2261 1503 2293 et
1532 2266 1637 2294 con-

243 2369 284 2399 76
299 2364 453 2404 diligenter
467 2361 719 2404 eis—utebantur]
737 2365 806 2394 edd.
821 2370 897 2394 vett.
985 2370 1000 2400 7
1008 2372 1024 2396 8
1041 2365 1167 2407 quadam
1181 2364 1372 2395 aestimati0ne
1386 2364 1546 2404 dignanda]
1562 2366 1637 2397 Non

198 2408 362 2446 quaedam‚
379 2415 416 2437 ut
429 2407 517 2444 Aldi,
533 2407 687 2447 diligenter
702 2408 898 2436 ea-ruehan-
940 2407 1042 2447 placet
1078 2407 1236 2448 dignanda.
1292 2408 1423 2447 Conjeci
1459 2407 1610 2448 deligenda
1627 2421 1637 2438 :

198 2456 259 2486 tur,
275 2451 362 2488 quod
384 2449 501 2481 melius
521 2450 746 2490 superioribus,
763 2459 836 2489 quae
859 2450 897 2480 de
940 2451 1017 2490 quia
1031 2451 1166 2480 sumenda
1178 2451 1247 2489 jam
1263 2453 1429 2490 praecessit.
1446 2452 1552 2491 itaque
1567 2460 1638 2482 mo-

199 2493 377 2529 Aristotelc‚
391 2494 612 2532 Theophrasto
628 2495 688 2524 &c.
703 2495 786 2523 dicta
807 2500 895 2531 sunt,
939 2495 1019 2524 dum
1041 2494 1190 2525 sumendi
1212 2494 1366 2524 declarat:
1390 2494 1550 2524 delectum
1568 2495 1636 2525 fieri

197 2537 356 2566 convenit.
387 2537 563 2566 retinebant
590 2544 728 2566 veterem
758 2537 897 2567 Platonis
938 2538 1051 2568 debere
1077 2537 1164 2576 justa
1192 2537 1399 2567 aestimatione
1427 2547 1540 2568 eorum
1559 2550 1565 2568 :
1595 2539 1637 2569 de

197 2580 355 2610 tationem
390 2588 428 2609 ac
463 2579 675 2619 disciplinam.
712 2581 818 2620 itaque
851 2581 897 2610 sic
939 2589 1004 2620 qua
1020 2590 1096 2611 mox
1111 2580 1203 2621 plura
1217 2581 1304 2611 dicit.

198 2622 293 2652 edidi.
983 2630 1023 2659 79
1039 2623 1070 2653 in
1084 2624 1186 2666 quibus
1194 2623 1320 2662 ponebat
1339 2622 1418 2653 nihi!
1435 2633 1492 2653 esse
1513 2633 1636 2653 momen-

244 2670 280 2699 77
300 2675 401 2694 nervos
426 2663 550 2695 virtutis
572 2663 725 2705 incideret]
751 2665 803 2696 Sic
830 2675 899 2696 cor-
940 2664 980 2707 ti]
997 2677 1054 2697 esse
1066 2667 1240 2698 delendum
1256 2673 1312 2699 est.

198 2708 265 2738 rexi
293 2707 464 2747 vulgatum
493 2708 639 2746 inciderit,
662 2715 700 2738 ut
724 2709 793 2746 jam
823 2709 898 2739 feeit
984 2717 1023 2742 80
1038 2709 1132 2740 media
1141 2708 1282 2751 putabat]
1296 2720 1326 2740 v.
1343 2710 1453 2741 cicero
1468 2710 1506 2740 de
1522 2710 1585 2739 Off.
1605 2708 1632 2745 Ι,

197 2749 356 2780 Davisius.
402 2750 453 2780 Sic
476 2758 627 2791 repererat
651 2752 683 2781 in
708 2751 760 2782 Ms
785 2759 897 2783 .vetere
939 2758 970 2783 3.

198 2792 387 2829 Lambinus,
415 2800 450 2824 et
475 2795 518 2825 ita
546 2795 682 2825 latinitas
706 2801 738 2825 et
761 2803 897 2837 sequens
983 2802 1019 2827 81
1037 2795 1150 2836 sejungi
1170 2795 1303 2838 possej'i.
1320 2805 1349 2826 e.
1371 2802 1407 2826 ut
1430 2805 1496 2827 non
1518 2803 1635 2827 omne·

192 2841 325 2875 poneret,
337 2845 503 2868 numeram
518 2839 579 2869 &c.
593 2837 743 2879 postulat.
937 2845 1042 2871 essent
1056 2840 1089 2870 in
1105 2846 1172 2871 uno
1187 2840 1374 2879 eodemque.
