1778 3095
201 101 280 134 318
549 97 805 137 TUSCUL.
836 95 1280 137 QUAESTIONUM

201 201 397 253 voluisse,
417 210 492 244 aut
509 202 755 246 libidinosas
775 204 865 261 ejus
886 203 1015 245 fuisse
1043 203 1298 245 sententias?
1330 203 1426 257 Ego
1446 215 1541 244 vero
1561 203 1643 245 mi·

201 258 329 300 nime.
358 258 479 301 video
508 261 620 302 enim
651 262 704 302 ab
733 276 784 302 eo
819 261 901 302 dici
933 260 1069 302 multa
1098 274 1250 310 severe,
1272 259 1408 299 multa
1425 259 1638 314 praeclare.

202 315 368 372 Itaque,
390 326 438 357 ut
468 331 579 372 saepe
607 317 707 369 dixi,
727 318 780 359 de
810 318 1003 359 acumine
1034 318 1174 372 agitur
1205 316 1310 372 ejus,
1332 330 1415 356 non
1437 315 1488 356 de
1509 317 1641 357 mori-

201 371 282 413 bus
299 388 312 423 3
343 373 531 428 quamvis
561 384 729 429 spernat
760 374 997 429 voluptates
1028 389 1112 425 eas,
1134 389 1238 430 quas
1271 371 1400 413 modo
1428 372 1641 414 laudavit:

202 442 285 484 ego
321 437 463 470 tamen
499 430 748 482 meminero,
781 431 895 486 quod
931 430 1119 471 videatur
1150 431 1187 471 ei
1221 444 1434 471 summum
1463 429 1640 470 bonum.

203 500 287 526 non
307 486 419 526 enim
439 487 565 527 verbo
585 487 723 527 solum
745 487 884 542 posuit
904 486 1180 541 voluptatem,
1196 486 1268 527 sed
1286 485 1520 541 explanavit
1539 485 1642 541 quid

202 541 373 583 diceret.
434 543 641 598 Saporem,
663 543 812 598 inquit,
843 550 882 583 et
914 553 1119 597 corporum
1151 542 1416 598 complexum,
1447 549 1485 582 et
1513 540 1641 594 ludos,

202 605 327 654 atque
346 606 502 651 ccl-ntus,
523 607 561 640 eb
580 599 747 655 formas
779 614 859 648 eaS,
891 599 1035 654 quihus
1062 598 1165 639 oculi
1183 599 1366 653 jucunde
1389 605 1641 640 moveantur.

201 655 323 696 Num
346 656 490 710 fingo?
523 671 624 696 num
646 655 856 696 mentior?
890 655 1015 709 cupio
1042 655 1188 696 refelli.
1220 655 1322 710 quid
1343 657 1453 696 enim
1476 655 1640 706 laboro,

201 711 280 752 nisi
313 721 359 753 ut
390 712 539 753 veritas
571 712 612 752 in
643 712 760 752 omni
790 712 1024 766 quaestione
1050 711 1307 766 explicetur?
1341 712 1402 753 At
1433 712 1544 753 idem
1566 711 1639 763 ait,

200 782 286 808 non
314 782 501 808 crescere
529 768 787 823 voluptatem
821 767 969 809 dolore
997 767 1217 817 detract03
1249 782 1542 824 summamque
1567 784 1640 809 vo-

136 824 423 879 47luptatem,
450 824 555 865 nihil
584 824 742 866 dolere.
804 825 950 866 Paucis
982 825 1115 865 verbis
1146 824 1225 865 tria
1253 839 1409 879 magna
1438 834 1640 880 peccata:

200 895 349 931 unum,
379 880 495 936 quod
526 895 670 922 secum
703 882 792 937 ipse
819 890 998 937 pugnat.
1037 881 1168 922 modo
1198 881 1325 932 enim,
1357 895 1410 921 ne
1440 881 1641 936 suspicari

199 937 371 992 quidem
404 952 448 978 se
476 937 707 994 quidquam
738 939 918 989 bonum,
945 938 1022 979 nisi
1049 952 1192 979 sensus
1223 937 1342 993 quasi
1372 937 1642 979 titillarentur

199 993 445 1049 voluptate:
484 1009 595 1035 nunc
632 1003 790 1045 autem,
828 1010 1038 1036 summam
1069 994 1329 1049 voluptatem
1360 1008 1465 1045 esse,
1495 993 1641 1035 dolore

199 1064 355 1091 carere.
385 1059 580 1106 potestne
599 1052 736 1107 magis
757 1066 901 1093 secum
922 1052 1010 1106 ipse
1030 1065 1217 1107 pugnare
1234 1052 1246 1091 ?
1283 1051 1461 1092 alterum
1490 1065 1640 1106 pecca-

198 1114 307 1158 tum,
327 1107 457 1163 quod,
475 1123 571 1149 cum
594 1108 636 1148 in
659 1118 808 1150 natura
827 1109 905 1149 tria
925 1109 1029 1149 sint:
1052 1123 1199 1158 unum,
1216 1107 1423 1162 gaudere;
1445 1108 1639 1159 alterum,

71 1180 100 1211 p.
116 1162 344 1205 201.dolere
362 1180 373 1215 3
405 1165 592 1214 tertium,
630 1179 705 1205 nec
736 1164 935 1220 gaudere,
970 1179 1047 1205 nec
1078 1163 1245 1204 dolere:
1278 1164 1346 1204 hic
1375 1164 1575 1218 primum,
1597 1174 1641 1205 et

159 1224 188 1246 ³·
200 1220 373 1262 tertium
405 1229 528 1276 putat
561 1220 673 1261 idem
703 1235 807 1271 esse,
831 1235 906 1261 nec
927 1220 1150 1275 distinguit
1169 1235 1194 1260 a
1215 1234 1298 1261 non
1319 1219 1502 1261 dolendo
1524 1221 1643 1261 volu-

197 1285 375 1332 ptatem.
407 1278 580 1319 tertium
600 1285 823 1332 peccatum
845 1291 1074 1318 commune
1098 1291 1197 1317 cum
1218 1276 1486 1332 quibusdam,
1509 1276 1640 1332 quod,

198 1348 297 1374 cum
333 1333 462 1375 virtus
499 1334 683 1374 maxime
718 1343 952 1389 expetatur,
990 1334 1166 1390 ejusque
1199 1333 1479 1388 adipiscendae
1516 1347 1643 1375 causa

198 1389 471 1446 philosophia
491 1390 669 1446 quaesita
690 1391 757 1442 sit,
778 1390 847 1431 ille
874 1406 899 1432 a
925 1391 1077 1432 virtute
1098 1405 1314 1431 summum
1335 1391 1494 1431 bonum
1519 1398 1554 1422 81
1576 1404 1642 1431 se—

134 1451 185 1485 48
198 1447 370 1502 paravit.
429 1447 492 1488 At
526 1446 688 1498 laudat,
721 1456 764 1488 et
797 1462 924 1503 saepe,
955 1447 1167 1488 virtutem.
1237 1455 1274 1479 82
1293 1448 1349 1488 Et
1382 1447 1553 1503 quidem
1588 1446 1640 1488 C.

200 1503 436 1555 Gracchus,
457 1519 556 1545 cum
589 1512 626 1536 83
643 1503 889 1560 largitiones
917 1504 1121 1545 maximas
1153 1504 1335 1555 fecisset,
1357 1513 1400 1545 et
1426 1504 1641 1545 effudisset

194 1560 405 1612 aerarium,
423 1561 558 1602 verbis
578 1568 721 1602 tamen
741 1561 995 1602 defendebat
1016 1560 1222 1601 aerarium.
1281 1560 1399 1616 Quid
1420 1561 1544 1602 verba
1562 1575 1639 1601 au-

193 1616 323 1669 diam,
345 1632 443 1659 cum
473 1617 586 1658 facta
613 1616 806 1659 videam?
841 1618 935 1659 Piso
963 1618 1033 1658 ille
1062 1617 1206 1673 Frugi,
1228 1631 1393 1673 semper
1413 1626 1561 1658 contra
1580 1617 1641 1658 le-

193 1687 297 1729 gem
327 1674 645 1715 frumentariam
676 1673 850 1715 dixerat.
881 1674 915 1715 is
945 1674 1042 1729 lege
1072 1674 1171 1724 lata,
1199 1673 1429 1714 consularis
1466 1673 1521 1714 ad
1550 1674 1639 1715 fru-

195 1739 388 1772 mentum
408 1730 702 1786 accipiendum
722 1740 904 1772 venerat.
924 1731 1218 1772 animadvertit
1236 1730 1455 1772 Gracchus
1475 1730 1518 1771 in
1538 1745 1641 1771 con-

195 1786 318 1828 cione
358 1787 553 1829 Pisonem
587 1795 784 1828 stantem.
826 1787 978 1844 quaerit
1007 1787 1204 1828 audiente
1237 1787 1398 1843 populo
1429 1787 1638 1838 Romano,

195 1846 268 1899 qui
290 1843 370 1885 sibi
390 1852 571 1895 constet,
592 1858 691 1885 cum
713 1858 761 1884 ea
780 1844 876 1899 lege
899 1845 1159 1885 frumentum
1181 1851 1310 1899 petat,
1333 1851 1371 1875 84
1391 1858 1519 1899 quam
1551 1843 1639 1884 dis-

195 1901 387 1943 suaserit.
447 1901 612 1951 Nolim,
634 1901 787 1957 inquit,
806 1915 901 1941 mea
922 1901 1048 1952 bona,
1071 1901 1280 1952 Gracche,
1301 1900 1378 1941 tibi
1397 1900 1550 1942 viritim
1573 1900 1640 1942 di-

194 1956 335 1999 videre
353 1958 509 1999 libeat:
543 1958 615 1998 sed
644 1958 679 1999 si
708 1958 851 2008 facias,
871 1966 1033 2013 partem
1055 1966 1212 2012 petam.
1273 1959 1479 1998 Parumne
1498 1957 1640 1998 decla-

195 2015 300 2056 ravit
335 2015 395 2055 vir
427 2015 580 2070 gravis,
616 2022 659 2055 et
697 2014 874 2070 sapienS,
911 2014 1008 2070 lege
1047 2014 1299 2069 Sempronia
1335 2014 1637 2069 patrimonium

196 2071 418 2126 publicum
440 2071 658 2127 dissipari?
691 2073 809 2126 Lege
830 2070 1039 2112 orationes
1060 2071 1243 2112 Gracchi
1260 2087 1268 2110 :
1287 2081 1514 2126 patronum
1534 2085 1638 2111 aera-

133 2132 186 2177 49
198 2127 248 2169 rii
275 2142 366 2169 esse
394 2127 524 2170 dices.
581 2129 727 2183 Negat
748 2127 954 2183 Epicurus
972 2127 1163 2184 jucunde
1184 2141 1307 2183 posse
1327 2127 1419 2176 vivi,
1440 2127 1520 2168 nisi
1539 2142 1636 2168 cum

196 2184 349 2227 virtute
367 2185 539 2226 vivatur.
571 2193 699 2240 negat
728 2184 866 2225 ullum
889 2185 932 2225 in
964 2185 1193 2240 sapientem
1213 2183 1296 2225 vim
1316 2197 1406 2224 esse
1427 2184 1608 2224 fortunae
1627 2200 1637 2225 :

196 2250 369 2283 tenuem
402 2241 559 2283 victum
587 2241 768 2283 antefert
799 2242 1002 2297 copioso:
1036 2249 1162 2296 negat
1188 2240 1323 2282 ullum
1343 2254 1432 2281 esse
1454 2249 1638 2296 tempus,

197 2313 283 2354 quo
320 2297 484 2354 sapiens
516 2313 601 2340 non
637 2298 783 2340 beatus
804 2297 884 2339 sit.
927 2297 1070 2339 omnia
1103 2297 1359 2353 philosopho
1390 2296 1534 2352 digna,
1565 2297 1638 2338 sed

196 2369 292 2396 cum
336 2356 552 2411 voluptate
589 2355 836 2411 pugnantia.
913 2355 1016 2396 Non
1055 2354 1178 2395 istam
1221 2353 1324 2395 dicit
1362 2354 1638 2408 voluptatem.

195 2410 327 2452 Dicat
353 2412 602 2468 quamlibet.
634 2426 786 2467 nempe
806 2425 898 2451 eam
920 2410 1035 2460 dicit,
1056 2410 1099 2451 in
1121 2425 1205 2466 qua
1224 2410 1387 2451 virtutis
1408 2411 1523 2451 nulla
1541 2425 1637 2466 pars

195 2467 308 2510 insit.
357 2470 469 2525 Age,
491 2468 525 2510 si
547 2468 808 2524 voluptatem
834 2482 918 2508 non
945 2467 1236 2523 intelligimus,
1258 2481 1310 2508 ne
1330 2467 1522 2509 dolorem
1543 2467 1639 2523 qui-

240 2612 277 2636 81
303 2605 472 2648 separavit]
489 2608 653 2648 Discrepat
675 2610 737 2640 hoe
761 2619 779 2639 a
801 2619 894 2649 supe·
940 2608 1054 2652 quidem
1070 2616 1155 2650 nepe,
1172 2606 1221 2640 vel
1240 2617 1267 2639 et
1282 2616 1355 2650 ηερε
1370 2610 1496 2651 quidem.

196 2650 329 2681 rioribus
354 2656 456 2690 putat,
487 2651 655 2691 distinguit,
685 2659 716 2683 et
742 2661 894 2692 sequente
984 2659 1021 2683 83
1040 2652 1207 2693 largitiones
1222 2653 1378 2693 maximas]
1399 2654 1479 2692 Lege
1494 2652 1638 2684 frumen-

195 2691 309 2722 laudat.
939 2697 1027 2726 tatia.

241 2743 280 2767 82
305 2736 348 2765 Et
363 2736 477 2778 quidem
497 2736 532 2767 C.
551 2736 714 2776 Gracchus]
730 2737 844 2779 quidem
861 2739 894 2769 h.
984 2746 1021 2769 84
1047 2749 1134 2779 quam
1155 2738 1336 2778 dissuaserit]
1362 2740 1414 2770 Sic
1438 2739 1519 2769 bene
1541 2738 1640 2770 Davi·

195 2778 218 2810 l.
235 2786 280 2809 est
300 2779 456 2810 alienum.
479 2790 520 2810 an
541 2782 765 2820 transpositum
791 2788 837 2811 est
855 2791 895 2811 ex
938 2783 1003 2812 sius
1019 2791 1074 2821 pro
1089 2781 1218 2821 vulgato
1237 2782 1424 2821 dissuaserat,
1439 2790 1532 2823 atque
1555 2783 1586 2813 id
1609 2789 1639 2813 et

194 2823 467 2862 antecedentibus,
502 2823 740 2866 legendumque
776 2831 831 2856 aut
868 2831 896 2854 et
940 2826 1004 2856 Ms.
1022 2824 1131 2856 Guelf.
1147 2825 1253 2857 habet.
