1778 3095
589 56 775 94 LIBER
806 55 1102 96 QUINTUS.
1467 58 1542 96 ³61

121 166 242 209 nobis
262 166 314 209 ad
335 182 453 224 spem
472 167 593 208 beate
613 163 787 214 vivendi,
811 173 828 195 ‘2
844 178 970 220 quam
995 171 1092 205 vota
1110 162 1301 205 facienda
1317 164 1544 209 videantur.

121 224 328 281 Equidem
351 239 422 266 eos
444 237 578 272 casus,
608 221 647 261 in
679 221 832 276 quibus
862 235 930 261 me
960 220 1128 261 fortuna
1146 220 1413 263 vehementer
1430 235 1578 266 exer-3

120 284 222 332 cuit,
253 296 418 322 mecum
449 280 538 335 ipse
567 277 849 328 considerans,
880 277 979 318 huic
1009 277 1164 332 incipio
1195 278 1410 318 sententiae
1438 279 1545 320 diffi-

119 337 245 379 dere:
277 336 485 378 interdum
515 344 558 376 et
587 335 759 375 humani
789 334 955 390 generis
984 333 1313 375 imbecillitatem
1341 334 1546 390 fragilita-

119 403 290 450 temque
321 394 601 434 extimescere.
633 406 776 432 vereor
809 392 935 441 enim,
970 405 1020 430 ne
1050 399 1210 439 natura,
1242 405 1337 431 cum
1371 405 1549 446 corpora

120 451 241 492 nobis
280 450 438 491 infirma
479 448 677 498 dedisset,
725 448 857 503 iisque
901 456 943 488 et
989 447 1160 487 morbos
1199 447 1463 498 insanabiles,
1505 458 1548 489 et

118 506 285 548 dolores
324 505 605 546 intolerabiles
646 503 917 560 adjunxisset,
941 503 1135 544 3animos
1173 518 1344 559 quoque
1383 504 1547 546 dederit

117 572 161 604 et
191 576 413 617 corporum
446 561 663 602 doloribus
693 570 990 616 congruentes,
1021 570 1062 601 et
1093 561 1316 615 separatim
1350 561 1433 601 suis
1471 576 1546 601 an-

115 619 291 674 goribus
313 627 355 658 et
376 619 577 659 molestiis
597 617 849 673 implicatos.
910 617 992 658 Sed
1008 617 1049 658 in
1066 617 1147 658 hoc
1169 631 1237 657 me
1257 617 1346 672 ipse
1366 618 1583 672 castigo,4

115 674 230 730 quod
251 690 302 716 ex
320 674 512 726 aliorum,
543 684 586 715 et
615 689 666 715 ex
696 683 836 715 nostra
857 674 1034 715 fortasse
1054 673 1245 724 mollitia,
1268 689 1352 714 non
1378 688 1429 715 ex
1447 675 1549 730 'ipsa

112 731 264 772 virtute
294 731 346 771 de
376 731 536 772 virtutis
566 732 717 773 robore
747 731 955 772 existimo.
1017 730 1094 771 Illa
1117 730 1244 780 enim,
1274 731 1307 771 si
1333 731 1464 772 modo
1482 740 1548 773 est

113 787 201 829 ulla
240 788 381 839 virtus,
434 791 577 844 (quam
618 787 926 829 dubitationem
952 796 968 817 >1
984 787 1211 828 avunculus
1251 796 1363 838 tuus,
1402 789 1547 838 Brute,

113 844 284 885 sustulit
300 846 329 897 ς)
362 846 517 895 omnia,
553 860 646 901 quae
679 843 827 885 cadere
855 844 898 884 in
930 844 1146 884 hominem
1178 854 1370 898 possunt,
1404 846 1548 886 subter

113 914 159 941 se
180 899 329 942 habet:
351 915 482 956 eaque
502 901 749 956 despiciens,
768 915 887 941 casus
904 901 1138 941 contemnit
1150 899 1382 942 humanos:
1401 902 1547 957 culpa-

112 971 195 1012 que
215 958 331 998 omni
351 971 512 1008 carenS,
544 966 696 1013 praeter
725 972 769 997 se
799 957 947 1013 ipsam,
978 956 1081 997 nihil
1113 966 1255 997 censet
1287 958 1339 998 ad
1372 972 1416 999 se
1451 973 1545 1014 per-

115 1013 260 1055 tinere.
319 1014 414 1055 Nos
452 1023 595 1055 autem
636 1014 779 1055 omnia
825 1013 996 1054 adversa
1043 1022 1135 1054 tum
1181 1014 1387 1055 venientia
1428 1027 1547 1057 metu

112 1080 332 1125 augenteS,
370 1079 462 1111 tum
499 1085 675 1112 maerore
712 1069 948 1126 praesentia,
987 1084 1127 1111 rerum
1168 1079 1375 1122 naturam,
1417 1087 1543 1127 quam

110 1140 294 1168 errorem
316 1137 520 1178 nostrum,
541 1128 740 1168 damnare
768 1127 994 1168 malumus.
1053 1125 1135 1167 Sed
1164 1135 1206 1168 et
1237 1126 1362 1183 hujus
1393 1129 1589 1183 culpae,2

112 1192 154 1223 et
184 1193 420 1224 ceterorum
455 1184 649 1225 vitiorum
682 1193 1037 1239 peccatorumque
1067 1191 1322 1235 nostrorum,
1353 1187 1490 1226 omnis
1523 1201 1580 1237 a5

111 1238 380 1295 philosophia
413 1240 595 1295 petenda
628 1240 833 1281 correctio
865 1250 942 1281 est.
975 1240 1096 1296 cujus
1133 1239 1175 1280 in
1214 1241 1351 1282 sinum
1392 1256 1486 1282 cum
1523 1258 1548 1283 a

111 1295 254 1350 primis
286 1297 547 1352 temporibus
578 1296 712 1338 aetatis
750 1306 893 1338 nostra
921 1296 1113 1337 voluntas
1144 1296 1414 1354 studiumque
1439 1307 1548 1341 5nos

111 1353 401 1408 compulisset,
425 1353 489 1394 his
508 1353 762 1408 gravissimis
793 1353 958 1394 casibus
987 1353 1028 1394 in
1054 1352 1234 1393 eundern
1261 1359 1478 1409 ⁶portu1n,
1497 1370 1549 1397 ex

111 1422 196 1462 quo
224 1423 390 1450 eramus
420 1411 594 1465 egressi,
624 1423 780 1464 magna
802 1410 952 1464 jactati
981 1418 1230 1464 tempestate
1260 1411 1547 1466 confugimus.

110 1464 150 1505 O
171 1465 265 1506 vitae
295 1465 565 1521 philosophia
595 1466 681 1507 dux
704 1467 711 1506 l
744 1480 770 1506 o
798 1465 961 1507 virtutis
982 1465 1233 1521 indagatrix,
1253 1468 1546 1524 expultrixque

110 1520 331 1562 vitiorum!
365 1522 467 1578 quid
502 1537 585 1563 non
615 1522 745 1563 modo
777 1537 868 1572 nos,
899 1522 972 1563 sed
1001 1521 1178 1563 omnino
1208 1522 1292 1563 vita
1320 1523 1542 1566 hominum

110 1576 199 1618 sine
240 1585 281 1618 te
321 1593 412 1620 esse
450 1579 684 1633 potuisset?
726 1588 774 1619 tu
811 1578 935 1619 urbes
972 1578 1194 1634 peperisti:
1232 1588 1280 1620 tu
1320 1579 1677 1636 dissipatosp-m.

109 1632 302 1676 homines
324 1635 365 1676 in
387 1635 632 1677 societatem
650 1635 743 1676 vitae
758 1636 1021 1676 convocasti:
1054 1644 1100 1676 tu
1120 1649 1192 1676 eos
1214 1635 1322 1678 inter
1341 1651 1384 1678 se
1404 1638 1544 1693 primo
1555 1640 1585 1662 a.

109 1688 347 1742 domiciliis,
369 1691 519 1733 deinde
541 1691 764 1749 conjugiis,
790 1700 882 1733 tum
909 1699 923 1728 7
942 1691 1175 1733 litterarum
1197 1700 1240 1732 et
1259 1708 1411 1735 vocum
1428 1709 1546 1736 com-

109 1747 309 1788 munione
327 1748 531 1803 junxisti:
565 1758 611 1790 tu
640 1749 842 1790 inventrix
869 1748 1029 1804 legum,
1061 1758 1107 1790 tu
1139 1749 1341 1804 magistra
1360 1765 1545 1803 morum,

109 1812 152 1842 et
173 1802 403 1859 disciplinae
424 1804 553 1845 fuisti.
579 1804 632 1845 ad
659 1814 701 1845 te
729 1805 1026 1860 confugimus:
1059 1820 1083 1846 a
1111 1815 1151 1847 te
1178 1820 1304 1860 opem
1334 1807 1544 1862 petimus:

109 1858 186 1900 tibi
208 1874 298 1911 nos,
321 1869 369 1902 ut
387 1869 510 1902 antea
528 1875 684 1917 magna
703 1876 753 1903 ex
773 1871 905 1916 parte,
926 1861 985 1903 sic
1010 1877 1121 1903 nunc
1141 1862 1324 1917 penituS,
1345 1872 1545 1921 totosque

109 1915 331 1958 tradimus.
390 1918 466 1959 Est
485 1927 627 1958 autem
658 1933 765 1959 unus
798 1918 886 1958 dies
916 1919 1037 1969 bene,
1069 1928 1112 1960 et
1138 1933 1188 1959 ex
1218 1921 1441 1975 praeceptis
1462 1922 1546 1963 tuis

109 1981 243 2023 actus,
284 1974 475 2028 peccanti
512 1974 816 2015 immortalitati
848 1975 1180 2031 anteponendus.
1241 1975 1377 2032 Cujus
1416 1977 1548 2032 igitur

109 2029 252 2083 potius
276 2030 427 2085 opibus
451 2038 632 2081 utamur,
655 2045 781 2087 quam
813 2031 925 2072 tuis?
958 2047 1054 2088 quae
1081 2041 1124 2073 et
1150 2033 1245 2074 vitae
1265 2033 1545 2089 tranquillita-

108 2093 194 2125 tem
233 2086 387 2142 largita
426 2087 546 2128 nobis
586 2102 644 2138 es,
684 2095 725 2127 et
763 2096 967 2128 terrorem
1011 2089 1158 2130 mortis
1199 2089 1420 2132 sustulisti.
1478 2090 1585 2132 Aeo

108 2141 378 2198 philosophia
412 2144 581 2198 quidem
619 2153 784 2185 tantum
817 2144 951 2196 abest,
990 2154 1038 2186 ut
1072 2145 1263 2200 proinde,
1293 2161 1342 2188 ac
1376 2146 1429 2187 de
1466 2147 1545 2188 ho-

109 2198 272 2239 minum
303 2208 366 2240 est
398 2201 481 2241 vita
515 2201 678 2250 merita,
713 2199 935 2252 laudetur3
966 2211 1015 2242 ut
1044 2216 1069 2242 a
1098 2201 1308 2257 plerisque
1337 2203 1547 2258 neglecta,

108 2268 134 2295 a
153 2255 300 2297 multis
319 2256 445 2298 etiam
466 2257 735 2312 vituperetur.
766 2257 1018 2313 Vituperare
1039 2258 1262 2314 quisquam
1282 2258 1376 2300 vitae
1396 2274 1545 2316 paren—

893 2412 910 2435 4
934 2403 1096 2434 avunculus
1113 2403 1195 2445 tuus]
1214 2405 1292 2435 Cato
1309 2406 1481 2437 Uticensis.

153 2410 171 2433 2
196 2413 282 2444 quam
306 2411 376 2433 vota
388 2404 533 2444 facienda
556 2403 726 2443 videantur]
754 2405 805 2434 Sc.

893 2456 908 2478 5
933 2459 981 2477 nos
1001 2446 1194 2488 compulisset]
1219 2449 1239 2478 i.
1263 2458 1291 2479 e.
1315 2459 1372 2479 nos
1396 2450 1554 2481 movisse}

112 2451 147 2475 ut
162 2445 244 2475 beati
260 2446 387 2483 fiamus,
412 2457 478 2477 non
502 2454 606 2477 nostra
629 2457 734 2486 opera,
751 2448 805 2478 sed

109 2488 178 2518 solo
200 2488 343 2519 Deorum
365 2490 533 2527 beneficio,
555 2499 573 2519 a
589 2491 703 2529 quibus
727 2491 805 2520 adeo

113 2531 244 2561 felicitas
260 2533 338 2561 votis
356 2533 504 2563 faciendis
521 2534 560 2563 sit
577 2534 783 2572 impetranda.

155 2581 172 2604 8
190 2575 416 2613 animos—corp.
434 2575 490 2606 dol.
514 2575 709 2615 congruentes]
730 2577 807 2606 Fru-

111 2621 175 2647 stra
189 2623 348 2647 tentavere
363 2619 493 2656 quidam
505 2620 639 2649 verbum
652 2630 804 2658 congruen-

112 2665 164 2688 tes.
192 2669 302 2690 sensus
327 2667 384 2696 est,
415 2662 552 2698 animos,
581 2663 636 2701 qui
667 2663 804 2701 corporis

111 2700 271 2732 doloribus
294 2704 488 2740 afficiuntur,
513 2711 550 2734 ut
573 2714 638 2734 una
663 2705 803 2742 doleant,

113 2743 312 2785 habeantque
333 2747 454 2778 dolores
477 2755 554 2777 cum
572 2756 699 2787 corpore
715 2758 805 2780 com-

115 2795 241 2817 munes.

850 2496 884 2520 ut
913 2500 971 2520 nos
1002 2491 1033 2520 in
1071 2492 1180 2520 sinum
1214 2492 1283 2528 ejus
1313 2493 1543 2524 conferremus.

850 2535 974 2563 Frustra
989 2534 1151 2573 corrigunt
1166 2534 1337 2564 contulisset.

892 2581 910 2605 6
930 2582 1057 2615 portum,
1075 2588 1089 2605 e
1104 2588 1158 2618 quo
1173 2588 1285 2606 eramus
1301 2576 1417 2617 egressi]
1437 2578 1544 2608 Philo-

849 2620 968 2658 sophiae
998 2620 1154 2656 studium,
1185 2621 1270 2658 quod
1302 2620 1543 2659 reliqueramus,

847 2671 925 2692 cum
941 2672 998 2692 nos
1014 2663 1052 2693 ad
1064 2672 1164 2703 remp.
1175 2663 1422 2694 contulissemus
1434 2673 1544 2702 geren-

847 2705 934 2735 darn.

891 2754 906 2782 7
933 2747 1098 2778 litterarum
1128 2754 1156 2777 et
1184 2758 1287 2778 vocum
1317 2746 1431 2786 comm]
1465 2749 1485 2777 i.
1514 2758 1545 2779 e.

847 2800 1005 2828 sermone,
1021 2793 1077 2831 qui
1093 2797 1216 2823 constat
1229 2790 1326 2822 literis
1340 2797 1372 2821 et
1384 2791 1528 2822 vocibus.
