1768 3095
221 94 275 127 80
559 88 841 130 ACADEM.
871 92 1319 131 QUAESTIONUM

221 195 339 253 quod
359 195 550 238 timebat.
611 196 723 239 Cum
746 197 858 239 enim
879 197 938 239 ita
962 205 1137 254 negaret
1165 197 1395 254 quidquam
1416 196 1521 248 esse',
1541 195 1658 254 quod

222 252 527 309 comprehendi
558 264 703 309 posset
726 254 785 307 (id
817 254 930 296 enim
958 255 1154 296 volumus
1185 269 1277 295 esse
1307 263 1347 286 ⁴0
1361 256 1595 304 καταληπτὸν
1623 254 1659 296 si

221 310 328 352 illud
362 319 489 361 esset,
525 318 562 342 41
583 311 691 352 sieut
724 312 842 352 Zeno
878 311 1082 362 definiret,
1114 310 1198 352 tale
1230 311 1362 353 visum
1400 309 1508 367 (jam
1544 311 1658 353 enim

223 366 306 408 hoc
338 381 414 422 pro
449 366 635 422 φαντασίᾳ
665 368 837 409 verbum
872 370 972 410 satis
1000 368 1198 409 hesterno
1228 382 1423 410 sermone
1448 367 1656 420 trivimus)

223 423 357 465 visum
394 423 523 478 igitur
556 424 822 480 impressum,
859 425 1128 480 effictumque
1160 433 1200 456 42
1214 439 1264 465 ex
1297 438 1363 475 eo,
1393 423 1506 465 unde
1533 433 1660 476 esset,

223 479 348 536 quale
369 494 459 520 esse
480 494 562 521 non
594 490 752 536 posset,
771 495 822 522 ex
852 496 918 532 eo,
939 481 1052 522 unde
1085 495 1170 522 non
1200 490 1311 522 esset
1329 498 1339 522 z
1371 481 1415 522 id
1435 495 1512 522 nos
1531 495 1556 521 a
1575 480 1660 521 Ze·-

225 550 336 578 none
367 536 851 578 definitumrectissime
881 538 1075 579 dicimus.
1109 537 1326 593 qui-enim
1360 545 1503 593 potest
1537 536 1661 593 quid-

224 607 353 649 quam
373 594 692 648 comprehendi,
712 604 760 635 ut
780 593 903 650 plane
931 594 1132 644 confidas,
1153 593 1196 635 id
1226 594 1661 650 perceptum-‚cogni-

225 658 404 706 tumque
434 664 539 700 esse,
562 650 677 706 quod
711 660 776 692 est
807 651 904 702 tale,
935 650 1057 707 quale
1090 651 1150 691 vel
1187 650 1340 691 falsum
1373 664 1463 691 esse
1494 651 1660 706 possit?

224 705 309 748 hoe
339 721 434 748 cum
468 707 669 758 infirmat,
685 708 881 763 tollitque
915 706 1274 764 Philo‚judicium
1307 706 1421 748 tollit
1440 707 1662 763 incogniti,

226 772 271 805 et
303 763 481 819 cogniti.
521 778 571 804 ex
604 779 690 820 quo
726 764 916 815 efficitur,
951 763 1057 805 nihil
1087 778 1211 819 posse
1246 763 1566 819 comprehendi.
1605 763 1665 804 ita

226 820 471 876 imprudens
499 835 565 871 eo,
601 835 686 876 quo
716 821 889 862 minime
920 821 1022 872 vult,
1053 820 1291 862 revolvitur.
1350 822 1494 878 Quare
1524 820 1665 861 omnis

228 877 364 918 oratio
395 884 543 919 contra
575 876 851 919 Academiam
880 878 1105 933 suscipitur
1126 892 1150 918 a
1174 877 1310 928 nobis,
1331 885 1378 920 ut
1408 877 1664 918 retineamus

228 948 320 974 eam
357 933 660 985 definitionem,
683 949 809 989 quarn
843 934 962 976 Philo
992 935 1125 976 voluit
1151 941 1348 976 evertere.
1407 934 1550 991 Quam
1568 933 1665 976 -nisi

228 991 486 1042 obtinemus,
508 990 667 1046 percipi
683 991 787 1032 nihil
805 1006 930 1048 posse
947 991 1234 1033 concedimus.

187 1058 212 1106 7
288 1046 515 1088 Ordiamur
544 1047 676 1103 igitur
707 1062 730 1088 a
758 1049 962 1090 sensibus.
993 1063 1174 1105 quorum
1205 1049 1262 1089 ita
1292 1047 1405 1089 clara
1423 1046 1600 1103 judicia,
1622 1055 1666 1089 et

172 1127 217 1167 19
231 1112 344 1144 certa
363 1114 475 1155 sunt,
495 1113 544 1145 ut
574 1104 609 1144 si
636 1104 756 1160 optio
786 1114 945 1147 naturae
977 1113 1130 1146 nostrae
1161 1105 1296 1156 detur,
1316 1113 1359 1145 et
1386 1105 1439 1146 ab
1467 1119 1518 1145 ea
1545 1105 1665 1146 Deus

229 1160 379 1216 aliquis
410 1161 608 1216 requirat,
629 1170 884 1203 contentane
917 1163 972 1203 sit
1003 1162 1089 1203 suis
1117 1161 1306 1217 integris,
1328 1161 1666 1217 incorruptisque

231 1218 437 1267 sensibus,
458 1232 511 1258 an
529 1217 716 1272 postulet
734 1218 885 1260 melius
904 1218 1062 1274 aliquid
1079 1235 1088 1258 ε
1120 1233 1204 1260 non
1223 1218 1404 1268 videam,
1424 1217 1528 1274 quid
1547 1232 1664 1273 quae-

229 1282 295 1314 rat
315 1274 511 1329 amplius.
570 1274 725 1329 Neque
755 1288 854 1316 vero
883 1275 965 1316 hoc
994 1274 1091 1315 loco
1115 1274 1442 1329 exspectandum
1463 1282 1542 1324 est,
1562 1273 1666 1316 dum

230 1337 269 1362 ⁴3
287 1330 340 1371 de
370 1343 487 1371 remo
518 1331 686 1382 inflexo,
707 1340 780 1372 aut
798 1331 852 1371 de
878 1331 991 1372 collo
1016 1330 1228 1373 columbae
1259 1330 1551 1386 respondeam.
1583 1343 1670 1373 non

230 1386 343 1427 enim
376 1387 411 1428 is
441 1401 551 1438 sum,
574 1387 661 1442 qui,
690 1387 895 1444 quidquid
926 1387 1104 1439 videtur,
1125 1388 1209 1429 tale
1238 1387 1375 1429 dicam
1407 1401 1513 1438 esse,
1542 1387 1668 1443 quale

230 1443 433 1485 videatur.
490 1443 697 1499 Epicurus
732 1444 815 1485 hoc
849 1443 1012 1496 viderit,
1033 1453 1077 1486 et
1103 1443 1239 1485 multa
1268 1444 1363 1485 alia.
1396 1457 1495 1484 meo
1524 1447 1667 1486 autem

225 1499 389 1556 judicio
415 1500 475 1541 ita
501 1509 566 1541 est
596 1499 780 1542 maxima
798 1501 840 1543 in
860 1501 1050 1543 sensibus
1070 1501 1235 1551 veritas,
1255 1501 1289 1541 si
1309 1509 1352 1541 et
1372 1500 1463 1541 sani
1491 1507 1604 1551 sunt,
1624 1509 1668 1542 et

229 1556 427 1607 valentes,
458 1565 503 1598 et
531 1556 675 1598 omnia
702 1566 982 1609 removentur,
1012 1572 1105 1613 quae
1133 1558 1319 1608 obstant,
1347 1564 1390 1598 et
1417 1557 1667 1612 impediunt.

187 1621 219 1653 b.
231 1612 374 1669 itaque
395 1622 439 1654 et
456 1614 601 1654 lumen
621 1613 776 1654 mutari
796 1628 909 1670 saepe
927 1614 1135 1664 volumus,
1155 1623 1199 1655 et
1219 1614 1322 1655 situs
1346 1628 1492 1656 earum
1510 1627 1667 1666 rerum,

231 1684 336 1726 quas
355 1670 583 1721 intuemur,
602 1678 646 1711 et
662 1669 877 1712 intervalla
894 1680 968 1712 aut
987 1670 1291 1721 contrahimus,
1308 1679 1382 1712 aut
1399 1669 1667 1713 diducimus:

231 1725 367 1767 multa
396 1740 450 1767 ue
464 1726 644 1768 facimus
660 1741 796 1783 usque
824 1741 893 1778 eo,
913 1728 1014 1769 dum
1042 1728 1267 1783 adspectus
1286 1727 1376 1783 ipse
1396 1726 1522 1769 fidem
1540 1727 1669 1769 faciat

232 1783 297 1823 sui
308 1783 360 1839 ju
393 1783 475 1824 icii.
507 1783 623 1840 quod
642 1783 757 1825 idem
776 1784 824 1825 fit
842 1785 884 1826 in
904 1785 1092 1835 vocibus,
1114 1785 1154 1825 in
1175 1783 1319 1834 odore,
1340 1784 1383 1825 in
1411 1797 1590 1840 sapore:
1619 1792 1669 1826 ut

233 1853 359 1880 nemo
377 1840 430 1880 sit
447 1849 654 1892 nostrum,
674 1849 715 1873 44
730 1841 804 1897 qui
823 1841 865 1882 in
886 1841 1076 1882 sensibus
1104 1841 1167 1882 sui
1188 1841 1393 1897 cujusque
1413 1840 1581 1896 generis
1593 1840 1670 1897 ju-

169 1904 222 1937 20
233 1895 388 1937 dicium
410 1896 593 1952 requirat
613 1897 763 1939 acrius.
821 1897 1030 1939 Adhibita
1049 1912 1146 1939 vero
1166 1897 1464 1939 exercitatione
1490 1906 1535 1938 et
1560 1904 1669 1950 arte,

232 1961 272 1986 4⁵
291 1960 339 1994 ut
357 1953 471 1995 oculi
491 1953 656 2010 pictura
674 1962 907 2006 teneantur,
925 1961 969 1997 et
987 1968 1109 1997 aures
1128 1954 1336 2006 cantibus,
1357 1953 1450 2011 quis
1469 1961 1548 2006 est,
1568 1954 1671 2010 quin

273 2106 316 2130 40
337 2098 548 2138 καταληπτόν]
575 2099 626 2130 Sic
650 2099 732 2130 bene
755 2099 851 2130 edidit
874 2100 930 2131 Al-

229 2142 288 2173 dus
306 2142 387 2182 Nep.
404 2152 480 2173 nam
497 2144 645 2182 exprimit
657 2143 733 2185 qnod
753 2143 930 2183 eomprehen-

230 2184 261 2213 di
272 2191 376 2224 posset.

272 2235 310 2258 41
333 2228 407 2258 sicut
424 2228 500 2258 Zeno
515 2226 664 2268 dgfiniret]
689 2229 837 2259 Davisius
859 2228 929 2259 vult

973 2109 1096 2139 suum3
1134 2101 1218 2140 quod
1250 2110 1366 2140 nempe
1403 2110 1523 2138 remus,
1553 2104 1671 2140 quam-

973 2153 1073 2182 quam
1097 2150 1211 2180 rectus,
1236 2145 1266 2173 in
1291 2153 1373 2183 aqua
1393 2144 1517 2175 videtur
1532 2144 1670 2175 inflexus

973 2193 1029 2216 aut
1051 2187 1165 2217 fractus
1185 2195 1269 2217 esse:
1294 2193 1324 2216 et
1348 2187 1380 2216 in
1403 2186 1488 2217 collo
1509 2187 1671 2218 columbae

971 2229 1058 2260 flexu
1087 2228 1155 2267 ejus
1194 2231 1354 2259 variantur
1389 2229 1520 2268 colores,
1553 2228 1670 2270 aliique

229 2271 331 2310 dqfinit
357 2271 406 2301 vel
437 2271 598 2311 definierat.
627 2272 751 2309 frustra,
784 2272 928 2312 imperfe-

229 2321 321 2344 ctum
338 2315 453 2353 pendet
468 2324 507 2345 ex
522 2315 670 2346 orationis
694 2316 796 2346 forma
811 2327 817 2345 ε
840 2325 927 2355 nega-

231 2363 288 2393 ret,
306 2363 386 2386 esset.

274 2406 314 2429 42
339 2411 375 2429 ex
398 2411 434 2432 ev,
457 2400 530 2429 unde
552 2406 700 2430 esset—ex
723 2412 764 2437 eo,
787 2398 861 2429 unde
877 2410 929 2428 non

231 2440 317 2481 esset]
335 2443 356 2471 i.
369 2451 398 2472 e.
414 2451 453 2471 ex
469 2442 530 2472 alia
545 2443 652 2482 aliqua
668 2453 709 2473 re.
726 2443 839 2473 frustra
861 2452 930 2473 cor-

230 2484 337 2523 rigunt
358 2495 394 2513 tx
417 2496 458 2519 eo,
483 2486 559 2526 quod
580 2496 633 2515 non
655 2491 734 2516 esset.
780 2485 832 2516 Sic
855 2495 930 2516 sane

231 2527 342 2557 Cicero
357 2527 431 2557 alibi
446 2529 523 2558 dicit
545 2529 624 2559 infra
641 2538 668 2558 c.
686 2535 737 2559 24.
753 2529 808 2558 sed
823 2535 853 2558 et
869 2529 930 2558 hoc

231 2571 329 2600 modo
351 2570 576 2609 comprehensum
599 2571 722 2601 definiri
750 2578 863 2612 potest,
887 2578 931 2601 at-

230 2622 294 2652 que
318 2613 395 2642 adeo
419 2615 480 2643 hoc
501 2621 546 2644 est
569 2614 694 2645 clarius.
719 2624 834 2654 nempe
849 2615 932 2645 dice·

231 2655 309 2686 bant
323 2656 409 2686 idem
426 2657 531 2686 visum
553 2666 641 2696 poss:
657 2666 674 2686 e
689 2658 816 2688 diversis
839 2658 931 2688 rebus

230 2699 376 2735 existere,
393 2708 458 2738 quo
473 2700 626 2729 certitudo
642 2710 718 2730 sane
733 2700 865 2730 tollitur.

274 2748 313 2772 43
330 2741 364 2770 de
387 2752 460 2770 remo
484 2742 600 2782 irfiexo,
614 2750 668 2772 aut
683 2744 716 2772 de
732 2742 802 2772 collo
824 2742 929 2772 colum-

232 2783 289 2823 bae]
311 2785 368 2814 His
384 2785 509 2815 duobus
524 2794 567 2817 sc.
584 2786 739 2825 exemplis
761 2785 932 2817 utebantur

231 2827 414 2858 Academici
452 2835 561 2859 contra
594 2830 816 2861 certitudinem
860 2838 932 2861 sen-

970 2281 1037 2303 esse
1053 2272 1211 2309 videntur,
1228 2282 1327 2311 quam
1343 2279 1429 2303 sunt.

1014 2321 1054 2346 44
1072 2315 1186 2356 quinon
1202 2315 1232 2344 in
1247 2314 1286 2355 s.]
1303 2326 1357 2345 non
1378 2315 1513 2346 Ursinus
1535 2315 1568 2346 in
1593 2315 1670 2347 Cod.

970 2359 1092 2397 optimo
1115 2367 1180 2387 non
1197 2360 1320 2398 reperit,
1337 2365 1368 2389 et
1382 2359 1461 2389 afuit
1475 2367 1494 2387 a
1509 2358 1590 2389 Mss.
1605 2358 1671 2389 Da-

973 2401 1054 2437 visii,
1079 2407 1110 2431 et
1131 2400 1229 2440 Regio
1249 2401 1317 2432 Par.
1360 2403 1459 2433 Abest
1480 2409 1553 2431 vero
1574 2401 1670 2432 etiam

972 2444 1012 2474 ab
1028 2443 1097 2474 edd.
1113 2453 1158 2484 pr.
1174 2444 1256 2475 Ven.
1272 2444 1360 2475 Med.
1375 2445 1449 2476 Ald.
1493 2443 1604 2483 ltaque
1618 2445 1672 2476 de-

974 2485 1045 2517 levi.

1017 2536 1055 2559 45
1073 2535 1107 2558 ut
1118 2528 1379 2567 oculi—cantibus]
1399 2528 1479 2559 Haec
1493 2529 1599 2569 spuria
1614 2539 1674 2568 pu·

975 2572 1060 2603 tabat
1075 2572 1236 2609 Davisius,
1255 2580 1290 2603 ut
1305 2582 1376 2612 quae
1392 2581 1523 2602 sensum
1542 2581 1606 2603 non
1620 2572 1674 2610 ju-

974 2621 1093 2645 varent.
1140 2616 1313 2655 Utcunque
1328 2621 1435 2645 tamen
1451 2623 1528 2645 cum
1545 2620 1675 2646 antece-

974 2658 1121 2689 dentibus
1144 2659 1317 2694 cohaerent,
1340 2659 1365 2688 si
1390 2658 1434 2688 sic
1457 2658 1604 2698 accipias,
1619 2667 1675 2697 per

975 2710 1074 2741 quam
1090 2701 1175 2733 oculi
1192 2709 1222 2732 et
1237 2710 1326 2732 autes
1343 2701 1523 2731 adsuefiunt
1539 2701 1673 2732 libenter

972 2745 1148 2784 spectandis
1171 2751 1202 2776 et
1223 2744 1387 2775 audiendis
1408 2743 1537 2783 picturis
1553 2750 1583 2774 et
1598 2752 1674 2774 can-

974 2787 1072 2823 tibus,
1100 2788 1186 2820 unde
1214 2788 1317 2819 acrius
1350 2795 1477 2819 eernere
1506 2794 1539 2819 et
1565 2787 1674 2819 audire

974 2831 1113 2862 discunt.
