1768 3095
599 122 774 161 LIBER
803 120 1047 159 PRIMUS.
1489 124 1537 160 85

103 239 327 288 suppetet:
357 238 399 272 et
429 238 569 272 tamen
599 230 671 286 qui
702 229 927 285 diligenter
955 229 1061 279 haec,
1087 235 1126 260 2⁵
1142 240 1236 283 quae
1266 225 1319 267 de
1348 226 1539 281 philoso-

103 288 204 343 phia
231 288 378 330 litteris
406 286 670 338 mandamus,
689 287 832 342 legere
862 285 1099 335 assueverit,
1122 282 1333 340 judicabit
1353 283 1471 325 nulla
1485 285 1537 325 ad

104 345 332 400 legendum
365 343 427 384 his
458 357 548 384 esse
578 344 758 399 potiora.
789 342 891 398 quid
921 350 986 383 est
1014 341 1126 382 enim
1147 339 1189 381 in
1209 340 1292 380 vita
1320 348 1538 394 tantopere

106 401 392 457 quaerendum,
414 414 540 455 quam
562 414 659 441 cum
691 399 833 440 omnia
860 400 901 439 in
932 396 1214 454 philosophia,
1235 404 1327 437 tum
1346 395 1402 446 id,
1423 397 1537 451 quod
1580 441 1584 444 .

105 457 169 498 his
190 457 304 498 libris
324 457 538 512 quaeritur,
567 455 669 512 quid
700 456 752 497 sit
780 456 887 506 finis,
908 455 1009 511 quid
1039 463 1288 503 extremum,
1311 453 1412 509 quid
1439 452 1539 494 ulti-

105 528 237 563 mum,
259 528 343 568 quo
363 513 446 554 sint
465 513 606 554 omnia
624 514 731 554 bene
751 512 925 563 vivendi,
946 522 1141 567 recteque
1162 509 1341 551 faciendi
1366 509 1540 551 consilia

104 569 347 611 referenda?
381 569 482 625 quid
512 579 712 626 sequatur
741 578 903 619 natura,
923 577 971 610 ut
1001 582 1215 609 summum
1241 581 1292 607 ex
1323 567 1445 607 rebus
1467 581 1539 607 ex-

103 625 328 681 petendis?
360 626 463 682 quid
497 627 647 681 fugiat,
678 635 726 667 ut
756 635 992 666 extremum
1021 624 1259 665 malorum?
1294 637 1377 679 qua
1407 623 1458 664 de
1494 638 1538 664 re

101 696 199 723 cum
230 683 283 723 sit
312 682 419 724 inter
448 682 716 724 doctissimos
747 697 902 737 magna
929 681 1146 732 dissensio,
1176 687 1215 712 26
1230 680 1324 736 quis
1354 680 1537 721 alienum

100 747 221 793 putet
249 738 339 795 ejus
367 753 457 780 esse
488 740 719 795 dignitatis,
741 754 866 795 quam
899 739 1003 779 mihi
1033 738 1210 794 quisque
1238 737 1400 786 tribuit,
1421 737 1537 792 quod

101 795 143 835 in
164 797 278 836 omni
300 811 472 837 munere
491 797 586 838 vitae
615 797 825 852 optimum
847 805 890 837 et
909 796 1170 836 verissimum
1201 794 1268 845 sit,
1289 794 1534 849 exquirere?

100 852 184 902 An,
205 863 350 907 partus
370 853 531 894 ancillae
562 854 668 894 sitne
701 854 741 894 in
774 853 914 893 fructu
934 852 1165 901 habendus,
1185 851 1410 892 disseretur
1430 851 1537 891 inter
1554 858 1599 892 12

98 908 306 964 principes
324 909 517 961 civitatis,
542 911 585 951 P.
606 909 852 958 Scaevolam,
875 910 940 949 Μ’
962 909 1188 949 Manilium
1208 909 1220 948 ἒ
1255 915 1291 944 27
1308 908 1361 948 ab
1387 907 1535 963 hisque
1547 905 1580 935 b.

102 965 167 1005 M.
188 965 344 1006 Brutus
364 965 596 1017 dissentiet,
615 966 730 1023 quod
751 977 793 1007 et
812 975 985 1006 acutum
1015 979 1151 1021 genus
1182 974 1259 1015 est,
1280 973 1322 1005 et
1352 964 1404 1004 ad
1435 979 1536 1007 usus

99 1022 250 1062 civium
281 1037 365 1063 non
396 1024 574 1065 inutile:
607 1038 767 1079 nosque
798 1037 847 1063 ea
879 1023 1048 1078 scripta,
1079 1022 1321 1077 reliquaque
1347 1020 1536 1077 ejusdem

99 1079 264 1134 generis
295 1089 339 1121 et
369 1080 552 1136 legimus
588 1080 780 1130 libenter,
816 1089 859 1120 et
892 1079 1110 1135 legemus:
1142 1078 1248 1127 haec,
1280 1094 1375 1134 quae
1409 1078 1545 1126 vitam⁴

100 1135 316 1178 continent
347 1151 534 1187 omnem,
566 1137 864 1193 negligentur?
898 1138 1028 1187 Nam,
1060 1145 1109 1176 ut
1140 1135 1223 1176 sint
1252 1136 1324 1176 illa
1349 1134 1536 1181 vendibi÷2

99 1191 219 1241 liora,
240 1193 331 1234 haec
352 1194 545 1234 uberiora
564 1202 676 1234 certe
696 1202 807 1234 sunt.
838 1207 1093 1249 quamquam
1124 1192 1167 1233 id
1198 1191 1368 1248 quidem
1394 1191 1539 1232 licebit

100 1247 150 1288 iis
169 1250 418 1300 existimare,
466 1250 509 1290 ui
534 1250 726 1305 legerint.
777 1250 877 1291 -Nos
910 1260 1050 1290 autem
1082 1248 1189 1290 hanc
1219 1262 1537 1304 omnemquae-

103 1304 286 1346 stionem
308 1306 359 1346 de
380 1306 450 1346 fini
484 1321 531 1346 us
550 1306 759 1347 bonorum
790 1315 833 1347 et
862 1306 1086 1355 malorum,
1107 1306 1194 1346 fere
1215 1320 1239 1346 a
1259 1305 1380 1346 nobis
1404 1305 1538 1360 expli·
1565 1324 1570 1341 ι

101 1369 239 1401 catam
259 1377 348 1402 esse
369 1370 408 1393 28
426 1362 490 1402 his
518 1363 668 1403 litteris
695 1363 963 1412 arbitramur,
984 1362 1023 1402 in
1045 1362 1212 1417 quibus,
1234 1372 1438 1417 quantum
1459 1376 1537 1417 po-

100 1417 272 1467 tuimus,
301 1433 383 1458 non
418 1418 547 1459 modo
580 1419 680 1473 quid
709 1419 830 1460 nobis
860 1418 1122 1473 probaretur,
1144 1418 1218 1459 sed
1246 1419 1370 1462 etiam
1392 1418 1492 1474 quid
1514 1433 1539 1459 a

100 1472 277 1527 singulis
296 1474 577 1529 philosophiae
600 1475 830 1530 disciplinis
850 1475 1071 1525 diceretur,
1092 1475 1299 1531 persecuti
1321 1489 1480 1515 sumus.

158 1530 221 1570 Ut
249 1541 389 1571 autem
422 1545 446 1571 a
476 1530 686 1572 facillimis
715 1530 944 1581 ordiamur,
963 1530 1099 1586 prima
1129 1531 1265 1572 veniat
1287 1531 1328 1571 in
1348 1531 1582 1583 medium5

99 1585 269 1641 Epicuri
289 1588 408 1637 ratio,
429 1602 523 1643 quae
545 1587 753 1644 plerisque
783 1588 1001 1628 notissima
1021 1598 1083 1628 est
1102 1605 1112 1628 ε
1144 1602 1269 1643 quam
1291 1602 1316 1628 a
1337 1588 1456 1628 nobis
1477 1589 1534 1629 sic
1551 1609 1595 1641 13

100 1641 308 1698 intelliges
342 1644 590 1699 expositam,
620 1655 669 1685 ut
700 1645 753 1685 ab
786 1644 900 1700 ipsiS,
921 1645 993 1700 qui
1024 1659 1116 1685 eam
1144 1645 1408 1699 disciplinam
1436 1659 1535 1700 pro-

99 1697 214 1750 bant,
247 1714 331 1740 non
362 1700 495 1741 soleat
524 1701 759 1742 accuratius
791 1701 1004 1757 explicari.
1025 1715 1176 1742 verum
1211 1700 1322 1742 enim
1356 1702 1537 1742 invenire

99 1756 306 1806 volumus,
343 1771 427 1797 non
467 1766 683 1813 tamquam
722 1757 999 1798 adversarium
1047 1758 1228 1813 aliquem
1277 1759 1535 1800 convincere.

100 1811 311 1853 Accurate
340 1823 479 1854 autem
511 1814 724 1869 quondam
746 1829 769 1854 a
789 1815 839 1855 L.
852 1815 1085 1870 Torquato,
1111 1815 1282 1856 homine
1312 1816 1428 1855 omni
1458 1815 1536 1856 do-

99 1869 235 1909 ctrina
263 1870 442 1921 erudito,
464 1870 635 1911 defensa
653 1880 718 1911 est
737 1871 909 1925 Epicuri
939 1872 1147 1912 sententia
1167 1872 1219 1912 de
1239 1872 1480 1927 voluptate3
1512 1887 1538 1913 a

100 1938 253 1980 meque
284 1925 321 1966 ei
353 1940 614 1981 responsum,
647 1942 743 1967 cum
779 1926 831 1968 C.
853 1927 1052 1979 Triarius,
1081 1928 1124 1969 in
1153 1929 1298 1984 primis
1329 1929 1467 1983 gravis
1494 1938 1536 1970 et

98 1980 250 2022 doctus
273 1981 530 2034 adolescens,
550 1983 587 2023 ei
615 1983 889 2038 disputationi
919 1985 1149 2026 interesset.
1209 1986 1323 2026 Nam
1354 1999 1451 2026 cum
1483 1985 1536 2026 ad
1552 1988 1599 2020 14

96 2051 166 2078 me
202 2038 244 2078 in
280 2038 522 2080 Cumanum
556 2039 763 2080 salutandi
802 2055 927 2081 causa
960 2052 1137 2097 uterque
1175 2043 1366 2092 venisset,
1401 2056 1538 2097 pauca

98 2093 236 2149 primo
264 2095 371 2136 inter
390 2110 467 2136 nos
487 2095 540 2136 de
559 2095 723 2146 litteris,
743 2112 918 2152 quarum
952 2113 1166 2139 summum
1188 2107 1276 2140 erat
1296 2099 1337 2139 in
1356 2108 1538 2155 utroque

100 2150 314 2202 studium3
347 2151 498 2193 deinde
518 2153 788 2208 Torquatus:
819 2154 1033 2195 Quoniam
1066 2155 1177 2196 nacti
1209 2165 1272 2204 te,
1287 2156 1434 2211 inquit,
1466 2171 1537 2197 su-

100 2221 194 2247 mus
213 2207 438 2264 aliquando
468 2208 670 2260 otiosum,
692 2217 804 2250 certe
829 2211 1012 2261 audiam,
1033 2211 1133 2267 quid
1154 2212 1222 2262 sit,
1242 2213 1356 2267 quod
1380 2212 1536 2267 Epicu-

98 2277 192 2304 rum
215 2275 419 2315 nostrum,
439 2280 522 2306 non
543 2274 590 2306 tu
611 2265 781 2321 quidem
811 2266 963 2317 oderis,
993 2277 1041 2308 ut
1073 2269 1159 2309 fere
1186 2268 1358 2318 faciunt,
1380 2269 1451 2324 qui
1482 2269 1535 2309 ab

98 2333 151 2360 eo
171 2320 436 2373 dissentiunt,
457 2321 529 2362 sed
551 2333 662 2363 certe
684 2337 766 2363 non
786 2324 954 2378 probeS,
974 2337 1086 2374 eum,
1107 2338 1232 2379 quem
1253 2339 1336 2380 ego
1356 2325 1537 2366 arbitror

98 2391 231 2418 unum
252 2377 400 2419 vidisse
420 2392 578 2429 verum,
599 2379 876 2436 maximisque
895 2380 1104 2421 erroribus
1128 2380 1290 2421 animos
1311 2380 1535 2423 hominum

97 2432 349 2485 liberavisse,
384 2444 427 2476 et
460 2436 602 2476 omnia
637 2435 868 2487 tradidisse,
909 2452 1003 2492 quae
1045 2437 1301 2492 pertinerent
1338 2437 1391 2478 ad
1427 2438 1641 2484 benep.⁵2..

99 2488 304 2548 beateque
337 2491 583 2533 vivendum:
617 2492 689 2534 sed
723 2493 933 2543 existimo,
963 2504 1020 2545 te,
1053 2494 1161 2536 sicut
1193 2504 1384 2536 nostrum
1414 2495 1575 2537 Tria-²·

141 2642 180 2666 25
198 2646 263 2677 quae
279 2635 313 2665 de
330 2643 363 2676 p.
382 2635 488 2667 litteris
503 2637 686 2677 mandamus]
706 2639 797 2670 Dixit
884 2647 921 2676 27
940 2640 977 2670 ab
992 2641 1092 2683 hisque
1107 2642 1157 2672 M.
1170 2643 1280 2672 Brutus
1296 2642 1454 2682 dissentiet]
1474 2643 1541 2674 Ne-

100 2678 267 2708 mandamus
282 2680 358 2718 quia
378 2681 467 2711 hunc
482 2682 520 2711 de
535 2681 654 2711 finibus
677 2682 796 2714 librum
841 2684 934 2722 gabat
959 2694 1002 2714 sc.
1034 2694 1111 2715 cum
1142 2685 1187 2716 illi
1211 2686 1416 2722 affirmarent,
1445 2694 1481 2717 ut
1506 2688 1538 2718 in

102 2721 222 2759 proprie
238 2723 372 2762 respicit,
391 2730 425 2753 ut
440 2733 457 2754 e
472 2733 558 2763 seqq.
576 2731 669 2763 patet.
841 2726 978 2765 Digestis
994 2729 1136 2764 traditur,
1153 2729 1186 2759 L.
1205 2729 1276 2760 V11.
1293 2736 1314 2759 t.
1336 2736 1362 2758 1.
1379 2729 1400 2759 l.
1418 2735 1468 2760 68.

144 2767 183 2793 26
213 2764 276 2805 quis
302 2765 427 2796 alienum
449 2766 550 2806 putet]
578 2767 676 2806 Atqui
703 2777 798 2808 supra
884 2776 922 2800 28
947 2770 991 2800 his
1016 2769 1125 2811 literis]
1150 2772 1170 2801 i.
1190 2781 1217 2801 e.
1242 2772 1327 2801 libris
1352 2772 1395 2801 his
1418 2773 1466 2802 ed.
1492 2782 1538 2811 pr.

101 2805 191 2842 dixit,
205 2816 282 2845 esse,
294 2809 349 2847 qui
363 2816 487 2848 putent.
500 2819 565 2840 non
581 2819 654 2849 ergo
665 2811 799 2843 absurde
838 2812 918 2842 Ven.
940 2819 1031 2847 1471.
1056 2814 1152 2845 etiam
1176 2824 1236 2845 scr.
1259 2815 1403 2854 quidam.
1433 2814 1540 2853 Vulgo

101 2847 248 2880 Davisius
264 2851 399 2890 conjecit
415 2852 510 2894 quia.
524 2858 637 2892 putem.
841 2854 877 2883 iis
893 2854 996 2886 liten's.

834 2908 909 2951 <³3
