1778 3095
235 132 313 166 512
625 129 702 168 DE
730 129 996 170 NATURA
1024 131 1286 170 DEORUM

233 236 349 291 piam
380 235 538 288 nocuit,
558 236 600 278 id
624 237 719 280 Jovi
749 239 1165 283 animadvertendum
1198 241 1292 282 fuit.
1352 241 1421 281 Ne
1455 240 1496 281 in
1527 242 1667 297 regnis

234 293 404 348 quidem
437 309 557 350 reges
589 295 732 336 onmia
760 296 932 338 minima
963 307 1124 339 curant.
1156 298 1215 339 sic
1241 297 1349 338 enim
1375 296 1527 347 dicitis,
1549 298 1668 353 quasi

235 363 318 404 ego
347 350 492 406 paullo
522 358 619 392 ante
648 351 700 392 de
726 353 858 394 fundo
892 355 1115 396 Formiano
1148 356 1190 395 P.
1214 353 1358 395 Rutilii
1379 354 1456 393 sim
1479 365 1667 408 questus,

150 391 223 446 36
236 421 319 447 non
352 407 404 448 de
435 407 586 448 &mussa
615 408 760 450 salute.
819 411 963 466 Atque
994 411 1074 452 hoc
1106 411 1276 466 quidem
1298 424 1443 451 omnes
1469 409 1668 451 mortales

234 463 294 504 sic
324 464 496 514 habent,
526 474 715 506 externas
747 467 1087 518 commoditates,
1113 468 1263 517 vineta,
1292 474 1469 521 segete8‚
1501 467 1668 517 oliveta,

232 520 469 561 ubertatem
501 520 673 577 frugum
696 531 740 564 et
760 523 1003 573 fructuum3
1035 539 1203 564 omnem
1227 524 1407 578 denique
1427 522 1666 564 commodi-

232 584 363 617 tatem
384 579 788 634 prosperitatemque
816 579 924 629 vitae,
947 594 970 620 a
990 580 1067 620 diis
1088 595 1130 620 se
1150 580 1302 622 habere
1324 597 1333 620 :
1365 579 1558 621 virtutem
1590 594 1667 620 au-

169 634 220 676 87
233 641 319 674 tem
351 648 476 674 nemo
495 649 698 690 umquam
729 644 945 689 acceptam
978 635 1057 676 deo
1086 637 1242 676 retulit.
1300 636 1515 677 Nimirum
1538 646 1669 677 recte.

230 698 404 745 propter
424 691 617 732 virtutem
638 691 749 732 enim
766 691 863 746 jure
884 690 1120 742 laudamur,
1141 701 1184 732 et
1204 692 1246 732 in
1266 692 1417 734 virtute
1436 702 1548 734 recte
1567 693 1666 748 glo-

230 746 402 788 riamur.
461 747 590 803 Quod
620 762 702 787 non
734 748 1013 803 contingeret,
1035 749 1069 788 si
1099 747 1139 788 id
1172 747 1331 790 donum
1360 764 1384 789 a
1415 749 1508 799 deo,
1530 764 1614 790 non
1643 763 1668 789 a

230 803 352 844 nobis
375 803 637 844 haberemus,
698 803 758 844 At
775 818 871 844 vero
893 814 966 845 aut
985 804 1219 846 honoribus
1240 805 1366 854 aucti,
1386 815 1459 847 aut
1479 820 1523 847 re
1542 806 1668 846 fami·

229 859 336 910 liari,
354 869 427 900 aut
445 860 478 900 si
499 859 612 900 aliud
635 859 850 915 quippiam
874 861 985 901 nacti
1006 876 1151 902 sumus
1172 860 1335 901 fortuiti
1356 861 1471 912 boni,
1493 871 1565 903 aut
1594 862 1668 903 de-

227 915 415 970 pulimus
449 915 563 967 mali,
594 930 691 956 cum
729 917 807 958 diis
843 918 997 973 gratias
1033 918 1214 973 agimus,
1249 926 1340 958 tum
1372 917 1477 958 nihil
1511 928 1667 960 nostrae

228 972 344 1013 laudi
382 981 616 1014 assumtum
652 973 915 1015 arbitramur.
974 976 1094 1016 Num
1132 974 1239 1029 quiS‚
1278 973 1392 1029 quod
1432 974 1570 1015 bonus
1607 975 1668 1016 vir

227 1037 351 1079 esset,
372 1029 528 1084 gratias
549 1029 627 1070 diis
648 1030 736 1085 egit
757 1046 959 1087 umquam
977 1033 990 1072 ?
1023 1031 1084 1072 At
1105 1031 1221 1087 quod
1242 1030 1368 1081 dives,
1390 1031 1505 1087 quod
1530 1031 1667 1073 hono-

226 1092 356 1136 ratus,
403 1085 519 1141 quod
568 1086 806 1128 incolumis.
864 1088 1098 1143 ,Iovemque
1145 1087 1371 1142 optimum,
1420 1087 1668 1140 maximum,

230 1150 266 1177 17
282 1142 338 1182 ob
358 1156 428 1183 eas
448 1157 510 1183 res
532 1143 758 1199 appellant,
779 1159 863 1185 non
885 1144 1000 1200 quod
1030 1159 1106 1185 nos
1130 1144 1287 1200 justos,
1305 1152 1578 1199 temperatos,
1600 1159 1667 1185 sa-

227 1197 389 1253 pientes
419 1199 584 1250 efficiat,
615 1200 689 1241 sed
722 1201 838 1255 quod
870 1201 1019 1250 salvos,
1050 1201 1297 1251 incolumes,
1326 1201 1565 1256 opulentos,
1591 1216 1667 1242 co-

166 1264 216 1297 88
230 1255 385 1309 piosos.
444 1257 597 1311 Neque
618 1257 796 1297 Herculi
818 1257 1040 1313 quisquam
1071 1257 1292 1298 decumam
1313 1257 1424 1298 vovit
1444 1272 1665 1313 umquam,

228 1311 264 1352 si
302 1312 465 1367 sapiens
502 1313 637 1354 factus
677 1321 800 1354 esset.
860 1315 1134 1370 Quamquam
1171 1313 1449 1370 Pythagoras,
1485 1329 1583 1355 cum
1621 1315 1664 1355 in

225 1369 462 1422 geometria
492 1369 693 1425 quiddam
716 1371 811 1412 novi
830 1371 1068 1420 invenisset,
1089 1370 1229 1411 Musis
1249 1370 1398 1411 bovem
1422 1370 1667 1411 immolasse

221 1424 393 1466 dicitur.
425 1425 500 1466 sed
520 1426 564 1467 id
592 1426 762 1483 quidem
793 1443 877 1469 non
908 1427 1050 1478 credo,
1081 1427 1281 1483 quoniam
1312 1427 1382 1468 ille
1403 1442 1454 1468 ne
1474 1426 1666 1483 Apollini

225 1481 395 1536 quidem
418 1482 545 1524 Delio
567 1482 746 1525 hostiam
779 1484 1001 1526 immolare
1028 1484 1175 1534 voluit,
1199 1492 1235 1516 18
1250 1498 1301 1524 ne
1323 1499 1435 1524 aram
1459 1484 1665 1540 sanguine

226 1538 511 1594 adspergeret.
569 1540 642 1581 Ad
662 1555 750 1581 rem
778 1551 922 1583 autem
942 1550 990 1582 ut
1010 1540 1193 1591 redeam,
1209 1540 1420 1597 judicium
1455 1540 1537 1582 hoc
1570 1554 1664 1582 om-

226 1595 344 1636 nium
365 1596 606 1637 mortalium
627 1607 704 1647 est,
726 1598 939 1640 fortunam
962 1613 987 1639 a
1006 1598 1087 1639 deo
1113 1597 1353 1653 petendam,
1372 1612 1395 1637 a
1416 1611 1459 1638 se
1479 1597 1570 1652 ipso
1591 1612 1662 1638 su-

226 1651 423 1693 mendam
446 1667 538 1694 esse
560 1654 823 1709 sapientiam.
883 1655 1084 1711 Quamvis
1114 1655 1213 1695 licet
1243 1654 1381 1694 Menti
1411 1653 1600 1703 delubra,
1620 1663 1664 1694 et

226 1709 401 1760 Virtuti,
423 1718 465 1749 et.
490 1709 603 1750 Fidei
622 1725 943 1762 consecremus3
975 1720 1117 1752 tamen
1146 1711 1236 1751 haec
1257 1710 1299 1750 in
1321 1710 1441 1750 nobis
1462 1709 1562 1764 ipsis
1584 1710 1664 1751 sita

119 1775 148 1805 P·
164 1771 216 1801 78·
227 1764 415 1806 videmus
436 1783 445 1807 ε
477 1766 590 1820 Spei,
611 1767 781 1819 Salutis,
802 1768 921 1823 Opis,
944 1767 1144 1809 Victoriae
1164 1767 1340 1807 facultas
1371 1781 1394 1806 a
1425 1765 1504 1806 diis
1533 1780 1661 1821 expe-

185 1818 215 1840 ³·
227 1821 354 1863 tenda
372 1832 448 1864 est.
509 1824 808 1879 Improborum
829 1824 959 1880 igitur
981 1824 1278 1879 prosperitates
1297 1822 1576 1878 secundaeque
1597 1837 1662 1864 res

227 1879 487 1935 redarguunt
526 1882 590 1934 (ut
619 1880 837 1936 Diogenes
872 1880 1055 1933 dicebat)
1087 1881 1169 1921 vim
1203 1894 1374 1920 omnem
1405 1878 1581 1920 deorum
1611 1893 1659 1921 ac

141 1925 213 1980 37
227 1944 496 1990 potestatem.
555 1936 617 1977 At
649 1952 968 1993 nonnumquam
1006 1937 1141 1978 bonos
1177 1936 1313 1977 exitus
1351 1935 1508 1977 habent
1544 1936 1661 1978 boni.

161 1998 213 2042 89
226 1993 312 2033 Eos
342 1993 512 2049 quidem
545 1993 782 2049 arripimus,
804 1994 1156 2049 attribuimusque
1176 1993 1264 2034 sine
1283 1993 1372 2033 ulla
1391 1992 1551 2034 ratione
1581 1992 1663 2034 diis

223 2048 548 2091 immortalibus.
605 2051 670 2092 At
701 2051 927 2106 Diagoras,
965 2065 1062 2092 cum
1096 2050 1432 2091 Samothraciam
1466 2049 1659 2100 venisset,

222 2105 390 2148 Atheos
426 2106 496 2147 ille
530 2106 602 2162 qui
634 2106 801 2159 dicitur,
835 2116 961 2164 atque
991 2108 1031 2148 ei
1062 2107 1233 2163 quidam
1264 2107 1438 2156 amicus,
1468 2106 1551 2157 Tu,
1583 2107 1658 2162 qui

223 2161 324 2204 deos
357 2171 480 2219 putas
512 2163 699 2205 humana
735 2164 964 2219 negligere,
999 2178 1138 2205 nonne
1171 2163 1478 2214 animadvertis,
1509 2176 1559 2203 ex
1596 2172 1661 2204 tot

223 2219 377 2261 tabulis
396 2220 535 2276 pictis,
555 2235 682 2276 quam
703 2221 829 2262 multi
847 2222 954 2262 votis
973 2221 1056 2262 vim
1076 2220 1339 2275 tempestatis
1360 2219 1596 2275 effugerint,
1616 2219 1659 2260 in

222 2285 478 2333 portumque
499 2277 598 2319 salvi
617 2278 878 2334 pervenerint
895 2279 909 2318 ?
946 2286 983 2311 19
998 2278 1063 2318 Ita
1082 2278 1149 2329 sit,
1168 2276 1320 2333 inquit.
1348 2276 1410 2317 illi
1429 2276 1539 2316 enim
1560 2290 1660 2316 nus-

223 2346 351 2387 quam
381 2334 484 2389 picti
515 2343 628 2385 sunt,
660 2335 732 2391 qui
763 2334 983 2390 naufragia
1013 2335 1218 2384 fecerunt,
1238 2333 1279 2374 in
1309 2332 1495 2387 marique
1522 2331 1657 2388 perie-

222 2398 334 2431 runt.
395 2390 616 2447 Idemque,
636 2406 735 2433 cum
767 2393 806 2432 ei
838 2391 1051 2446 naviganti
1079 2400 1281 2439 vectores,
1301 2388 1471 2429 adversa
1494 2397 1658 2444 tempe-

222 2452 330 2487 state
351 2447 489 2489 timidi
509 2458 552 2489 et
569 2448 794 2504 perterriti,
814 2448 1013 2500 dicerent,
1032 2462 1117 2490 non
1140 2446 1293 2502 injuria
1313 2445 1392 2486 sibi
1419 2444 1526 2486 illud
1545 2445 1656 2486 acci-

267 2582 304 2612 17
323 2576 355 2606 ob
369 2588 415 2606 eas
431 2576 487 2616 res]
507 2577 579 2608 Hoc
595 2577 674 2608 mihi
691 2577 859 2607 insititium
875 2576 920 2606 vi·
961 2582 1101 2605 cruentae
1117 2575 1248 2605 fierent:
1273 2574 1357 2604 unde
1381 2572 1536 2603 memoria
1551 2572 1657 2612 lapsus

220 2620 323 2651 detur.
961 2619 1074 2648 dicitur
1089 2618 1209 2648 Cicero.

269 2666 305 2693 18
322 2674 357 2692 nc
379 2673 461 2693 aram
484 2661 621 2702 sanguine
642 2660 836 2704 adspergant]
856 2662 920 2691 Da·
1007 2667 1045 2693 19
1065 2661 1111 2689 Ita
1130 2660 1180 2696 sit,
1199 2660 1220 2689 i.
1237 2659 1283 2687 illi
1306 2657 1392 2697 enim]
1418 2658 1565 2689 Davisius
1588 2667 1657 2688 ma-

220 2707 320 2737 visius
341 2715 358 2735 e
382 2706 462 2736 Mss.
477 2706 601 2736 duobus
618 2706 713 2735 edidit
731 2711 916 2744 respergeret,
960 2702 1045 2733 lebat
1057 2713 1074 2733 e
1087 2703 1152 2733 Ms.
1169 2704 1245 2741 Reg.
1261 2701 1308 2730 illi
1324 2709 1430 2732 aulem.
1475 2701 1651 2739 Vulgaturn

220 2751 306 2788 quod
333 2756 379 2779 est
400 2758 475 2779 sane
499 2750 532 2778 in
555 2750 616 2778 hac
638 2749 739 2778 forma
760 2748 917 2777 usitatius.
960 2747 1040 2776 bene
1056 2747 1162 2776 habet.
1205 2747 1324 2776 Sensus
1346 2752 1412 2775 est:
1438 2745 1509 2775 Mos
1526 2744 1569 2773 ita
1583 2744 1653 2783 fert,

221 2793 372 2824 Ceterum
396 2792 432 2822 ad
457 2801 525 2822 rem
547 2792 632 2831 quod
657 2792 779 2827 attinet,
803 2790 855 2819 alii
872 2791 917 2820 sic
960 2796 997 2819 ut
1011 2789 1088 2819 salvi
1110 2790 1291 2829 pingantur.
1308 2789 1413 2828 itaque
1429 2788 1500 2818 inde
1515 2786 1560 2816 nil
1577 2796 1654 2817 con-

222 2837 361 2872 tradunt,
388 2844 465 2866 eum
488 2845 576 2865 aram
599 2833 756 2874 Apollinis
780 2835 812 2863 in
836 2833 917 2863 Delo
960 2832 1046 2862 cludi
1063 2840 1174 2873 potest.
1196 2842 1273 2864 nam
1287 2832 1343 2872 qui
1359 2831 1488 2870 periere,
1504 2839 1569 2860 non
1584 2830 1654 2870 pin-

221 2879 376 2917 adorasse,
406 2879 492 2919 quod
523 2879 555 2909 in
585 2887 620 2908 ea
652 2876 751 2908 nullae
779 2878 918 2908 victimae
960 2881 1089 2916 guntur.
