1778 3095
531 138 714 175 LIBER
752 136 1084 174 SECUNDUS.
1446 137 1521 175 563

90 245 185 287 nia?
219 244 577 302 quemadmodum
610 243 799 283 honore?
833 242 1194 297 quemadmodum
1227 241 1402 296 imperio
1422 243 1434 282 ?
1466 244 1519 284 ad

88 303 295 358 sapientes
315 303 422 352 haec,
444 316 526 342 non
548 299 599 340 ad
621 299 782 340 divinos
808 299 951 338 referri
980 300 1129 340 solent.
1190 298 1337 340 Quid?
1371 314 1464 353 quae
1495 316 1520 342 a

88 359 317 400 dialecticis
346 368 417 399 aut
448 356 634 412 physicis
667 364 913 403 tractantur,
934 369 1035 394 num
1057 355 1149 410 quis
1170 369 1317 395 eorum
1338 354 1518 397 divinare

87 425 241 470 potest,
262 430 423 456 unusne
445 412 626 454 mundus
649 411 716 461 sit,
738 426 789 451 an
812 410 979 465 plures?
1012 426 1105 465 quae
1127 412 1209 452 sint
1226 410 1342 451 initia
1363 426 1515 462 rerum,

86 486 137 512 ex
159 472 310 527 quibus
333 478 559 511 nascuntur
578 467 747 509 omnia?
780 467 1053 523 physicorum
1082 477 1144 507 est
1172 467 1252 508 ista
1278 467 1513 522 prudentia.

86 529 187 584 Quo
209 528 351 577 modo,
373 536 446 568 aut
473 526 762 574 mentientem,
783 538 908 579 quem
937 523 1146 576 ψευδόμενον
1177 534 1340 573 vocant,
1361 523 1512 565 dissol-

85 586 182 624 vas?
206 593 279 625 aut
298 582 657 639 quemadmodum
678 581 793 621 soriti
814 580 977 620 resistas
995 581 1007 620 ?
1039 595 1164 634 quem
1191 580 1224 619 si
1256 594 1422 620 necesse
1443 580 1511 631 sit,

86 640 239 681 Latino
259 640 383 680 verbo
404 639 526 679 liceat
547 637 775 679 acervalem
797 637 1032 691 appellare:
1065 636 1137 676 sed
1168 636 1270 676 nihil
1291 650 1397 691 opus
1418 646 1480 677 est
1499 654 1509 679 ι

85 706 133 738 ut
153 697 263 737 enim
284 696 375 750 ipsa
393 695 677 750 philosophia,
694 703 736 735 et
751 694 885 734 multa
904 693 1026 733 verba
1048 693 1312 743 Graecorum,
1329 694 1386 733 sic
1407 694 1511 734 sori-

80 761 144 794 tes
164 752 260 793 satis
282 752 432 792 Latino
454 766 645 792 sermone
671 751 792 791 tritus
812 758 888 790 est.
948 751 1062 804 Ergo
1081 749 1171 789 haec
1191 764 1359 804 quoque
1379 748 1510 789 diale-

81 809 179 850 ctici
199 808 355 858 dicent,
377 823 460 849 non
479 808 618 849 divini.
677 806 825 848 Quid?
854 821 950 847 cum
983 805 1198 861 quaeritur,
1218 806 1291 861 qui
1318 805 1370 846 sit
1396 806 1510 862 opti-

81 880 176 906 mus
206 865 447 920 reipublicae
476 873 622 914 statuS,
646 879 740 919 quae
767 863 897 917 legeS,
921 862 993 917 qui
1021 877 1158 902 mores
1185 873 1258 903 aut
1276 862 1415 913 utiles,
1435 871 1510 904 aut

80 921 263 972 inutiles,
295 921 587 976 haruspicesne
620 934 669 960 ex
705 919 871 960 Etruria
903 927 1179 968 arcessentur,
1212 934 1264 959 an
1299 919 1508 975 principes

80 986 278 1027 statuent,
297 985 340 1018 et
359 977 511 1018 delecti
532 976 618 1026 viri,
639 976 761 1030 periti
789 990 927 1015 rerum
959 974 1138 1015 civilium
1158 976 1171 1015 ?
1204 975 1334 1030 Quod
1365 976 1399 1016 si
1430 990 1506 1017 nec
1522 987 1568 1018 12

78 1049 220 1075 earum
243 1049 397 1083 rerum,
419 1048 513 1089 quae
533 1033 733 1089 subjectae
757 1032 946 1072 sensibus
967 1040 1078 1080 sunt,
1095 1031 1182 1072 ulla
1201 1031 1398 1073 divinatio
1419 1042 1505 1083 est3

80 1106 156 1132 nec
178 1104 336 1140 earum,
357 1105 449 1145 quae
469 1090 627 1130 artibus
648 1088 916 1130 continentur
929 1104 939 1138 3
964 1103 1039 1128 nec
1061 1103 1221 1136 earum,
1239 1104 1332 1143 quae
1354 1089 1395 1129 in
1412 1089 1508 1144 phi-

79 1146 271 1202 losophia
298 1147 584 1196 disseruntur3
616 1161 691 1186 nec
722 1160 880 1195 earum,
902 1160 995 1200 quae
1028 1145 1066 1184 in
1098 1145 1314 1199 republica
1342 1160 1508 1186 versan-

78 1212 147 1244 tur
169 1220 178 1244 :
225 1218 400 1259 quarum
435 1218 572 1244 rerum
609 1203 675 1253 sit,
708 1202 811 1242 nihil
847 1217 1017 1256 prorsus
1049 1201 1256 1256 intelligo.
1303 1216 1397 1242 nam
1434 1211 1508 1243 aut

77 1260 267 1300 omnium
290 1260 416 1300 debet
438 1274 543 1309 esse,
564 1269 636 1300 aut
664 1258 803 1314 aliqua
829 1259 867 1298 ei
898 1258 1074 1299 materia
1100 1258 1236 1298 danda
1264 1268 1342 1308 est,
1363 1258 1403 1298 in
1425 1273 1507 1313 qua
1517 1279 1545 1309 p.
1565 1276 1635 1300 ιιι.

78 1317 229 1357 versari
250 1316 394 1372 possit.
425 1315 496 1357 sed
518 1330 592 1356 nec
613 1316 803 1355 omnium
825 1314 1021 1355 divinatio
1042 1323 1120 1364 est,
1142 1324 1190 1355 ut
1210 1315 1315 1355 ratio
1335 1314 1481 1355 docuit
1496 1322 1546 1358 :a-

78 1387 155 1414 nec
174 1372 309 1423 locus,
331 1388 406 1413 nec
437 1372 610 1413 materia
637 1372 855 1421 invenitur,
878 1371 945 1411 cui
973 1371 1269 1411 divinationem
1296 1371 1509 1426 praeficere

76 1429 302 1484 possimus.
360 1429 470 1469 Vide
497 1429 642 1484 igitur,
663 1443 715 1468 ne
746 1428 859 1468 nulla
887 1427 941 1467 sit
967 1427 1180 1468 divinatio.
1239 1429 1314 1468 Est
1336 1428 1553 1483 quidam5

79 1486 254 1527 Graecus
275 1485 458 1540 vulgaris
479 1486 520 1526 in
545 1485 652 1526 hanc
672 1485 921 1526 sententiam
942 1499 1083 1525 versus
1104 1501 1112 1524 :

183 1573 275 1609 Bene
293 1573 350 1623 qui
368 1573 525 1620 conjiciet,
544 1579 658 1609 vatem
678 1570 765 1608 hum·
777 1570 950 1621 perhibebo
970 1571 1137 1622 optimum.

75 1658 195 1699 Num
217 1656 360 1711 igitur,
381 1664 455 1697 aut
475 1671 569 1711 quae
590 1664 817 1710 tempestas
837 1655 1093 1710 impendeat,
1111 1662 1223 1695 vates
1239 1655 1389 1696 melius
1408 1670 1510 1697 con-

70 1713 204 1769 jiciet,
226 1728 351 1768 quam
381 1713 664 1768 gubernat0r3
698 1720 771 1752 aut
797 1712 934 1751 morbi
964 1721 1154 1752 naturam
1184 1711 1362 1763 acutius,
1382 1727 1510 1768 quam

78 1769 293 1820 medicus3
325 1778 398 1810 aut
427 1769 527 1810 belli
556 1768 960 1809 administrationem
992 1768 1257 1823 prudentiUS,
1280 1783 1407 1823 quam
1428 1770 1509 1810 im-

75 1834 259 1882 perator,
281 1825 526 1880 conjectura
545 1826 818 1879 assequetur?

133 1883 219 1923 Sed
253 1881 537 1932 animadverti,
568 1882 745 1930 Quinte,
776 1890 819 1921 te
851 1889 972 1921 caute
1000 1889 1043 1920 et
1072 1881 1125 1922 ab
1157 1881 1206 1921 iis
1236 1881 1506 1937 conjecturiS,
1524 1896 1568 1931 13

75 1954 171 1995 quae
198 1939 399 1979 haberent
427 1948 576 1989 artem,
596 1948 722 1993 atque
743 1936 1023 1992 prudentiam,
1044 1947 1086 1978 et
1106 1938 1158 1978 ab
1180 1938 1230 1978 iis
1250 1939 1391 1988 rebus,
1413 1954 1507 1994 quae

76 1995 266 2037 sensibus
294 2003 368 2035 aut
391 1995 574 2035 artificiis
600 1994 924 2049 perciperentur,
946 1993 1156 2034 abducere
1177 1994 1476 2036 divinationem
1493 2012 1506 2047 3

75 2066 255 2107 eamque
282 2052 340 2092 ita
360 2051 544 2102 definire,
565 2050 893 2101 Divinationem,
914 2064 1004 2090 esse
1024 2065 1168 2091 earum
1191 2065 1329 2092 rerum
1354 2052 1507 2106 praedi-

75 2109 276 2159 ctionem,
310 2116 353 2148 et
387 2107 727 2163 praesensionem,
761 2122 855 2161 quae
887 2116 1025 2147 essent
1060 2107 1258 2148 fortuitae.
1320 2108 1507 2149 Primum

75 2165 227 2206 eodem
248 2164 480 2205 revolveris.
510 2179 608 2204 nam
626 2174 669 2205 et
690 2163 857 2213 medici,
876 2172 918 2204 et
935 2163 1244 2218 gubernatoris,
1263 2173 1306 2204 et
1323 2164 1506 2220 impera-

75 2222 179 2263 toris
198 2221 423 2276 praesensio
452 2230 514 2261 est
540 2235 677 2261 rerum
704 2220 988 2261 fortuitarum.
1048 2221 1165 2261 Num
1188 2220 1318 2275 igitur
1337 2231 1410 2261 aut
1431 2221 1505 2261 ha-

76 2291 241 2333 ruspex,
263 2288 336 2318 aut
356 2292 506 2333 augur,
527 2286 601 2318 aut
618 2287 732 2318 vates
751 2276 859 2332 quis,
879 2285 952 2316 aut
981 2277 1194 2317 somnians
1228 2277 1378 2318 melius
1404 2291 1507 2318 con-

70 2334 236 2390 jecerit,
255 2343 329 2375 aut
358 2349 381 2375 e
412 2335 562 2374 morbo
596 2348 814 2374 evasurum
845 2341 1069 2388 aegrotum,
1090 2343 1164 2374 aut
1182 2348 1205 2373 e
1226 2333 1413 2389 periculo
1435 2349 1509 2374 na-

77 2405 184 2441 vem,
203 2399 276 2432 aut
297 2405 347 2431 ex
367 2390 526 2432 insidiis
547 2390 776 2431 exercitum
795 2405 805 2439 ;
830 2404 955 2445 quam
976 2390 1179 2441 medicus,
1201 2405 1327 2445 quam
1349 2391 1509 2445 guber-

77 2456 211 2497 nator,
233 2462 360 2503 quam
379 2447 630 2503 imperator?
670 2446 805 2502 Atqui
826 2461 877 2486 ne
898 2446 968 2486 illa
988 2446 1158 2502 quidem
1179 2446 1400 2488 divinantis
1421 2461 1510 2488 esse
1527 2465 1568 2496 14

77 2503 245 2544 dicebas
264 2520 273 2544 ε
305 2513 464 2554 ventos,
498 2512 572 2544 aut
609 2503 764 2544 imbres
794 2502 1084 2558 impendentes
1117 2503 1369 2558 quibusdam
1402 2518 1508 2559 prae-

78 2559 231 2600 sentire
254 2559 397 2615 signis,
428 2561 470 2601 in
493 2575 579 2616 quo
602 2568 743 2600 nostra
768 2559 961 2614 quaedam
982 2560 1140 2600 Aratea
1159 2559 1405 2601 memoriter
1423 2574 1447 2600 a
1469 2568 1510 2600 te

78 2615 347 2673 pronuntiata
381 2626 492 2658 sunt.
535 2617 613 2657 etsi
645 2616 737 2657 haec
774 2616 865 2671 ipsa
896 2615 1071 2656 fortuita
1101 2624 1222 2657 sunt:
1261 2616 1510 2672 plerumque

79 2672 208 2724 enim,
228 2687 312 2712 non
332 2686 496 2727 semper
524 2673 732 2714 eveniunt.
792 2674 901 2728 Quae
928 2682 991 2713 est
1024 2673 1169 2727 igitur,
1190 2682 1261 2713 aut
1282 2673 1354 2713 ubi
1375 2687 1509 2712 versa-

78 2738 145 2770 tur
164 2728 433 2770 fortuitarum
461 2743 598 2769 rerum
624 2730 864 2785 praesensio,
885 2744 1011 2784 quam
1038 2729 1335 2770 divinationem
1357 2730 1508 2769 vocas?

78 2800 174 2841 quae
195 2785 310 2826 enim
338 2785 570 2841 praesentiri
599 2794 671 2827 aut
700 2794 805 2835 arte,
825 2795 898 2826 aut
917 2785 1093 2836 ratione,
1114 2795 1186 2826 aut
1206 2799 1298 2834 usu,
1320 2794 1392 2824 aut
1411 2798 1512 2824 con-

70 2842 242 2897 jectura
262 2851 454 2898 possunt,
475 2856 524 2883 ea
556 2856 639 2883 non
673 2842 820 2883 divinis
854 2841 1075 2882 tribuenda
1100 2851 1237 2897 putaS,
1258 2839 1329 2881 sed
1356 2839 1514 2895 peritis.

816 2910 843 2936 o
868 2911 892 2937 0
916 2909 938 2936 2
