1778 3095
224 81 303 126 376
567 84 820 129 TUSCUL.
850 82 1292 126 QUAESTIONUM

223 188 408 243 populus
426 205 451 231 a
470 191 584 233 bono
606 192 776 234 consule
796 194 949 250 potius,
970 210 1094 251 quam
1126 195 1196 236 ille
1223 211 1248 236 a
1278 195 1390 236 malo
1409 193 1568 250 populo
1588 208 1654 236 re-

223 244 388 300 pulsam
411 247 507 300 fert)
525 264 538 297 ;
569 249 642 290 sed
672 258 810 292 tamen
842 259 980 292 utrum
1007 251 1168 302 malles,
1189 260 1246 303 te,
1268 252 1302 293 si
1320 260 1506 307 potestas
1527 259 1652 302 esset,

225 301 370 352 semel,
389 313 437 344 ut
467 305 661 357 Laelium,
695 307 927 359 consulem,
957 323 1024 360 an,
1055 317 1103 349 ut
1135 308 1329 358 Cinnam,
1359 308 1535 364 quater?
1567 321 1653 348 non

162 367 211 398 55
226 357 392 411 dubito,
413 370 459 402 tu
486 362 588 417 quid
617 378 892 418 responsurus
913 365 981 405 sis.
1043 366 1190 421 Itaque
1210 365 1346 416 video,
1366 365 1433 405 cui
1455 363 1654 405 commit—

99 422 330 456 p·2³9·tam.
400 418 501 459 Non
535 420 721 474 quemvis
759 420 840 460 hoc
877 420 987 461 idem
1024 422 1338 478 interrogarem.
1383 419 1655 475 responderet

188 471 339 512 ‘'²'enim
373 473 478 514 alius
508 475 699 525 fortasse,
733 490 777 517 se
809 491 891 517 non
924 477 1053 518 modo
1083 488 1281 533 quattuor
1310 478 1552 520 consulatus
1580 475 1654 517 uni

225 539 492 583 anteponere,
525 531 599 572 sed
634 547 762 572 unum
795 531 905 573 diem
938 533 1086 574 Cinnae
1116 535 1346 576 multorum
1372 543 1415 575 et
1444 533 1655 574 clarorum

224 586 408 627 virorum
439 588 539 629 totis
572 589 778 629 aetatibus.
837 589 1006 639 Laelius,
1037 590 1072 631 si
1105 589 1239 645 digito
1272 607 1399 647 quem
1432 589 1656 645 attigisset,

225 656 370 698 poenas
404 643 599 684 dedisset.
630 654 673 684 at
701 643 851 694 Cinna,
872 645 1049 700 collegae
1069 646 1146 695 sui,
1168 648 1350 689 consulis
1374 648 1454 688 Cn.
1476 644 1656 695 Octavii,

225 699 396 796 Eraecidi
425 710 553 755 caput
572 700 713 756 jussit,
746 702 787 741 P.
811 701 967 752 Crassi,
998 704 1049 743 L.
1083 702 1274 754 Caesaris,
1296 703 1655 745 nobilissimorum

257 756 467 796 ominum:
501 771 678 812 quorum
710 757 838 798 virtus
868 758 1005 800 fuerat
1034 758 1164 810 domi,
1186 760 1429 816 militiaeque
1459 757 1655 814 cognita:

225 812 292 853 M.
315 812 506 862 Antonii,
529 813 719 854 onmium
742 814 1087 869 eloquentissimi,
1109 830 1215 871 quos
1237 830 1321 871 ego
1351 816 1578 857 audierim:
1603 813 1658 855 C.

228 868 421 919 Caesaris,
452 869 493 910 in
525 884 610 924 quo
640 870 744 912 mihi
773 871 933 912 videtur
968 872 1096 913 fuisse
1125 872 1337 928 specimen
1369 871 1658 922 humanitatis,

227 925 337 975 salis,
361 926 589 976 suavitatis,
611 927 777 983 leporis.
837 929 1044 969 Beatusne
1064 928 1208 983 igitur,
1238 935 1277 961 64
1295 929 1392 985 quia
1420 928 1498 969 hos
1529 927 1658 968 inter-

226 981 354 1022 fecit?
377 982 483 1023 mihi
502 993 651 1024 contra
671 999 753 1024 non
777 986 913 1025 solum
934 999 985 1026 eo
1002 985 1164 1026 videtur
1181 987 1318 1036 miser,
1337 984 1451 1042 quod
1472 999 1522 1024 ea
1541 983 1657 1033 fecit,

226 1037 301 1078 sed
319 1037 446 1079 etiam
465 1040 579 1094 quod
599 1040 658 1081 ita
678 1055 723 1081 se
742 1041 888 1096 gessit,
909 1051 958 1082 ut
977 1056 1027 1082 ea
1045 1042 1182 1083 facere
1200 1043 1238 1083 ei
1257 1042 1417 1083 liceret.
1448 1041 1538 1082 Etsi
1559 1054 1660 1095 pec-

226 1108 321 1135 care
342 1095 499 1137 nemini
517 1096 629 1137 licet.
651 1097 723 1137 sed
741 1098 944 1138 sermonis
962 1112 1101 1139 errore
1120 1098 1315 1140 labimur.
1338 1098 1381 1139 id
1401 1097 1512 1139 enim
1534 1096 1658 1137 licere

163 1156 215 1194 56
226 1150 419 1203 dicimus,
441 1158 480 1184 6⁵
500 1153 613 1208 quod
634 1154 702 1194 cui
730 1154 989 1195 conceditur.
1049 1155 1205 1196 Utrum
1227 1155 1398 1196 tandem
1418 1153 1582 1195 beatior
1605 1152 1657 1193 C.

225 1208 405 1259 Marius,
428 1218 534 1259 tum,
555 1224 653 1250 cum
686 1210 913 1251 Cimbricae
941 1211 1124 1251 victoriae
1155 1211 1333 1266 gloriam
1365 1226 1461 1252 cum
1493 1209 1660 1264 collega

227 1263 382 1305 Catulo
415 1266 756 1317 communicavit,
778 1281 897 1322 paene
926 1266 1058 1308 altero
1080 1268 1228 1319 Laelio,
1250 1273 1288 1299 66
1310 1270 1421 1321 (nam
1455 1266 1568 1307 hunc
1598 1265 1660 1306 illi

224 1320 335 1361 duco
357 1320 635 1375 simillimum)
661 1338 712 1363 an
742 1338 839 1364 cum
868 1323 976 1364 civili
1001 1323 1115 1365 bello
1136 1324 1281 1376 victor,
1301 1324 1445 1374 iratus,
1466 1336 1658 1364 necessa-

223 1376 295 1436 riis
333 1376 477 1419 Catuli
513 1379 848 1434 deprecantibus,
886 1395 969 1421 non
1002 1381 1132 1422 semel
1166 1380 1396 1435 respondit,
1426 1379 1500 1421 sed
1529 1393 1657 1434 saepe,

223 1433 467 1476 Moriatur?
500 1436 541 1476 in
571 1451 656 1491 quo
684 1437 846 1478 beatior
872 1436 958 1487 ille,
979 1437 1051 1492 qui
1081 1437 1178 1478 huic
1208 1438 1373 1479 nefariae
1394 1437 1486 1477 voci
1506 1435 1659 1492 paruit,

224 1504 352 1546 quam
388 1491 437 1543 is,
470 1492 542 1548 qui
576 1502 659 1533 tam
696 1493 893 1534 scelerate
924 1494 1155 1549 imperavit.
1196 1509 1291 1535 nam
1323 1509 1420 1535 cum
1452 1493 1658 1547 accipere,

223 1562 350 1603 quam
374 1554 411 1584 67
431 1549 567 1590 facere
596 1558 769 1604 praestat
794 1549 1004 1606 injuriam,
1026 1560 1118 1592 tum
1146 1552 1271 1592 morti
1294 1550 1385 1605 jam
1408 1550 1486 1605 ipsi
1507 1549 1660 1590 adven-

223 1604 330 1645 tanti
357 1605 545 1659 paullum
575 1606 802 1661 procedere
823 1607 1005 1657 obviam,
1024 1607 1138 1662 quod
1160 1607 1258 1648 fecit
1279 1607 1483 1656 Catulus,
1515 1619 1658 1661 quam,

223 1660 341 1716 quod
361 1662 539 1713 Marius,
560 1662 653 1703 talis
682 1663 753 1704 viri
785 1663 956 1704 interitu
987 1679 1057 1704 sex
1085 1679 1183 1704 suos
1205 1665 1381 1705 obruere
1401 1662 1660 1712 consulatus,

223 1726 267 1758 et
287 1718 573 1760 contaminare
593 1729 827 1760 extremum
850 1729 1016 1775 tempus
1039 1721 1186 1761 aetatis.

141 1769 214 1818 20
281 1775 723 1831 Duodequadraginta
767 1791 898 1817 annos
938 1786 1140 1833 tyrannus
1176 1778 1538 1832 Syracusanorum
1577 1773 1661 1815 fuit

160 1842 210 1884 57
224 1831 474 1888 Dionysius,
509 1846 606 1872 cum
645 1848 664 1870 v
698 1841 740 1873 et
773 1848 827 1873 xx
858 1841 978 1874 natus
1013 1848 1143 1874 annos
1180 1832 1444 1873 dominatum
1477 1845 1659 1885 occupa-

224 1887 363 1928 visset.
423 1890 522 1944 Qua
549 1889 830 1944 pulcritudine
852 1890 1017 1940 urbem,
1038 1890 1190 1945 quibus
1212 1896 1351 1929 autem
1376 1888 1528 1943 opibus
1549 1902 1657 1942 prae-

178 1943 370 1996 sditam,
392 1947 589 1988 servitute
611 1960 853 2001 oppressam
885 1947 1023 1987 tenuit
1051 1947 1293 1987 civitatem?
1334 1945 1464 2001 Atqui
1493 1944 1546 1985 de
1575 1943 1659 1984 hoc

222 2000 395 2042 homine
415 2017 440 2043 a
460 2002 581 2043 bonis
603 2003 846 2043 auctoribus
869 2003 927 2044 sic
949 2003 1152 2058 scriptum
1175 2002 1429 2057 accepimus,
1449 2014 1659 2042 summam

222 2057 350 2099 fuisse
380 2059 471 2114 ejus
502 2059 543 2099 in
574 2059 686 2100 victu
717 2060 1052 2114 temperantiam,
1073 2060 1114 2100 in
1146 2059 1353 2114 rebusque
1380 2057 1576 2113 gerendis
1597 2056 1657 2097 vi—

222 2129 316 2156 rum
337 2130 475 2156 acrem
497 2124 539 2156 et
562 2115 832 2166 industrium,
855 2116 1036 2157 eundem
1071 2126 1212 2157 tamen
1244 2114 1483 2156 maleficum
1511 2121 1660 2154 natura

221 2178 264 2211 et
291 2171 511 2227 injustum.
570 2174 634 2213 Ex
665 2188 750 2228 quo
782 2173 996 2224 omnibus,
1017 2173 1123 2213 bene
1143 2172 1360 2213 veritatem
1382 2169 1657 2219 intuentibus,

221 2227 349 2269 videri
376 2243 544 2270 necesse
572 2238 636 2269 est
664 2230 961 2271 miserrimum.
993 2245 1043 2270 ea
1073 2229 1183 2269 enim
1214 2228 1305 2283 ipsa
1334 2243 1429 2283 quae
1457 2226 1659 2281 concupi-

221 2294 324 2335 erat,
347 2300 399 2326 ne
430 2295 522 2327 tum
551 2285 738 2342 quidem,
759 2300 858 2327 cum
880 2286 1023 2327 omnia
1054 2301 1097 2327 se
1127 2299 1250 2340 posse
1276 2284 1486 2334 censebat,
1507 2296 1658 2324 conse-

265 2395 303 2419 64
333 2390 403 2430 quia
429 2389 474 2418 hos
500 2387 616 2429 interf]
645 2389 750 2427 Vulgo
780 2395 826 2419 est
856 2388 916 2429 qui.

223 2432 382 2462 Bentleius
404 2433 537 2462 correxit
558 2432 640 2473 quia,
659 2439 748 2462 recte.
772 2432 836 2462 Ms.
853 2432 916 2463 Gu.

222 2475 317 2504 habet
332 2475 416 2516 quod.
441 2476 518 2504 item
534 2475 625 2504 bene.
650 2484 726 2505 nam
750 2475 827 2505 ratio
850 2475 918 2504 red-

220 2518 317 2554 ditur,
334 2523 370 2548 ut
392 2518 425 2547 in
447 2517 544 2548 altero
567 2524 635 2557 post
659 2524 704 2547 est
722 2517 798 2558 quod
818 2528 851 2545 ea
863 2518 917 2556 fe-

221 2566 272 2589 ezt.

264 2607 303 2633 65
329 2602 404 2643 quod
429 2602 530 2642 cuique
554 2601 727 2640 conceditur]
755 2602 806 2631 Sic
833 2601 916 2638 libri,

220 2646 318 2675 etiam
349 2645 456 2675 Guelf.
489 2645 637 2675 Davisius
663 2645 747 2675 dedit
776 2644 835 2679 cui,
863 2654 917 2683 per

220 2688 452 2726 conjecturam,
469 2689 634 2726 aptiusque
649 2694 694 2717 est
709 2687 817 2727 paullo
830 2694 918 2716 ante-

220 2731 355 2762 cedenti.
377 2737 423 2760 est
438 2732 525 2761 enim
541 2740 646 2760 sermo
661 2732 698 2760 de
714 2740 790 2760 uno.

265 2779 304 2804 66
328 2784 394 2802 nam
410 2773 483 2802 hunc
499 2772 546 2801 illi
561 2773 630 2802 duco
651 2770 844 2810 simillimum]
865 2773 916 2802 Sic

222 2816 292 2847 libri
316 2826 375 2847 scr.
402 2817 499 2847 etiam
525 2816 632 2846 Guelf.
663 2816 737 2845 hunc
763 2815 916 2846 Catulum

962 2388 1008 2417 illi
1032 2388 1139 2418 Laelio.
1162 2388 1214 2418 alii
1238 2388 1348 2417 dedere
1371 2386 1437 2415 huic
1460 2385 1556 2422 illum,
1572 2386 1658 2426 quod

961 2432 1096 2467 factum,
1120 2432 1194 2470 quia
1218 2431 1332 2460 Laelius
1363 2430 1395 2459 in
1426 2430 1572 2468 proximo
1601 2436 1660 2459 est.

960 2475 1014 2504 sed
1036 2474 1075 2504 ad
1097 2473 1256 2513 superiora
1277 2473 1510 2512 respiciendum
1526 2479 1584 2509 est,
1602 2472 1658 2502 ubi

961 2517 1043 2555 prior
1063 2516 1177 2546 Laelius
1201 2522 1405 2546 memoratur.
1430 2522 1500 2545 tum
1518 2514 1587 2544 duco
1602 2525 1659 2554 pro

961 2559 1024 2588 dico
1048 2560 1132 2595 dedi,
1158 2566 1192 2588 ut
1219 2559 1288 2597 jam
1313 2558 1459 2588 Davisius
1484 2557 1567 2588 fecit.
1605 2558 1657 2588 Sic

961 2602 1057 2632 habet
1073 2602 1136 2631 Ms.
1153 2601 1260 2632 Guelf.

1003 2650 1042 2680 67
1056 2645 1162 2684 facere
1184 2642 1326 2683 praestat]
1354 2644 1417 2674 MS.
1447 2642 1554 2674 Guelf.
1575 2649 1658 2681 prae-

960 2694 1028 2724 stet,
1054 2688 1139 2725 quod
1167 2694 1290 2717 rectum
1317 2694 1374 2723 est,
1403 2687 1427 2717 si
1451 2697 1514 2715 cum
1543 2686 1659 2716 dicitur

960 2730 1144 2761 causaliter:
1168 2731 1222 2759 sed
1248 2731 1412 2769 respondet
1431 2730 1471 2767 τῷ
1494 2735 1567 2766 tum,
1589 2735 1658 2768 pot-

960 2780 1070 2812 estque
1082 2783 1147 2803 esse
1162 2783 1217 2812 pro
1233 2779 1343 2810 et-——et‚
1360 2773 1416 2803 ubi
1432 2772 1658 2811 conjunctivus

962 2826 1027 2847 non
1043 2823 1089 2847 est
1103 2817 1307 2847 necessarius.
