1778 3095
224 197 305 229 452
606 191 683 228 DE
712 192 978 231 NATURA
1005 193 1272 232 DEORUM

231 298 349 348 dum,
364 296 514 338 deinde
534 306 582 339 ut
601 299 716 339 nulla
735 313 778 340 re
794 309 931 354 egeat,
948 301 1128 343 maxime
1149 311 1291 343 autem
1310 309 1359 343 ut
1377 300 1420 342 in
1439 315 1491 343 eo
1506 301 1657 344 eximia

151 353 220 400 2223
234 354 474 410 pulcritudo
493 355 563 405 sit,
581 364 707 410 atque
725 357 860 396 onmis
878 366 1064 400 ornatus.
1110 359 1288 400 Dictum
1309 367 1374 399 est
1393 358 1446 399 de
1465 359 1657 400 universo

170 428 222 468 59
235 411 422 452 mundo:
453 410 614 451 dictum
645 420 710 452 est
737 413 863 453 etiam
894 413 946 454 de
975 415 1208 456 sideribus:
1239 424 1288 456 ut
1310 415 1402 470 jam
1430 429 1658 470 propemo-

233 468 337 509 dum
370 476 570 523 appareat
602 468 832 509 multitudo
872 484 948 511 nec
980 472 1235 512 cessantium
1266 471 1459 521 deorum,
1489 485 1566 511 nec
1595 484 1661 522 ea,

231 539 329 580 quae
364 534 509 578 agant,
544 524 807 565 molientium
846 540 945 566 cum
985 527 1129 568 labore
1163 542 1344 583 operoso
1377 542 1426 568 ac
1463 527 1662 568 molesto.

232 582 334 622 Non
365 581 478 621 enim
511 581 638 631 venis,
674 590 717 621 et
744 581 891 631 nervis,
919 592 963 623 et
992 584 1157 625 ossibus
1194 584 1477 635 continentur,
1505 597 1582 624 nec
1611 582 1662 623 iis

231 637 340 677 escis
360 646 434 678 aut
454 637 696 691 potionibus
715 647 950 688 vescuntur,
971 648 1020 679 ut
1046 649 1121 681 aut
1147 640 1270 681 nimis
1292 655 1423 690 acres,
1443 648 1517 681 aut
1539 639 1664 679 nimis

232 702 455 734 concretos
475 692 673 734 humores
693 693 923 747 colligant:
955 709 1032 735 nec
1054 696 1102 736 iis
1120 697 1369 750 corporibus
1391 706 1503 747 sunt,
1521 704 1571 737 ut
1591 704 1665 735 aut

233 765 370 800 casus,
390 759 464 790 aut
482 749 590 789 ictus
608 749 894 799 extimescant,
919 759 994 791 aut
1019 751 1192 792 morbos
1224 761 1414 794 metuant
1440 767 1491 794 ex
1515 751 1666 792 defati-

234 807 406 862 gatione
426 805 729 845 membrorum.
789 805 899 846 Quae
920 820 1062 847 verens
1086 807 1293 862 Epicurus
1313 821 1664 864 monogrammos

172 864 226 901 60
237 864 337 903 deos
357 872 400 902 et
416 861 520 902 nihil
539 870 712 916 agentes
733 871 1001 903 commentus
1022 872 1098 905 est.
1160 863 1227 904 Illi
1254 874 1396 905 autem
1417 864 1669 921 pulcerrima

236 920 372 960 forma
400 917 580 973 praediti,
601 917 905 973 purissimaque
924 919 965 960 in
986 920 1158 975 regione
1177 919 1269 960 caeli
1291 921 1502 972 collocati,
1522 921 1582 962 ita
1602 920 1665 961 fe-

235 984 399 1024 runtur,
419 973 773 1029 moderanturque
801 989 962 1026 cursus,
982 984 1031 1017 ut
1061 975 1114 1017 ad
1142 976 1287 1017 omnia
1313 976 1596 1018 conservanda
1625 983 1669 1017 et

236 1030 393 1072 tuenda
412 1030 673 1071 consensisse
695 1031 922 1073 videantur.

294 1087 450 1127 Multae
481 1096 623 1128 autem
655 1087 748 1127 aliae
784 1096 943 1129 naturae
975 1087 1153 1129 deorum
1183 1103 1232 1130 ex
1262 1089 1427 1144 magnis
1456 1088 1671 1129 beneficiis

235 1157 386 1184 eorum
407 1158 491 1184 non
508 1143 597 1184 sine
616 1158 757 1194 causa,
771 1152 814 1185 et
834 1151 870 1180 7¹
887 1159 913 1185 a
934 1145 1112 1185 Graeciae
1130 1146 1460 1201 sapientissimis,
1474 1154 1518 1186 et
1535 1160 1559 1186 a
1579 1158 1671 1186 ma-

230 1200 401 1256 joribus
435 1201 588 1241 nostris
625 1201 884 1250 constitutae,
921 1201 1232 1257 nominataeque
1271 1212 1384 1244 sunt.
1453 1200 1675 1258 Quidquid

235 1256 349 1296 enim
371 1270 571 1311 magnam
592 1257 819 1297 utilitatem
840 1258 983 1311 generi
1006 1257 1171 1299 afferret
1191 1259 1393 1309 humano,
1414 1258 1457 1299 id
1479 1273 1562 1299 non
1583 1258 1671 1298 sine

130 1323 160 1353 Ρ·
173 1312 377 1353 39·(1ἰνίηει
398 1313 587 1354 bonitate
607 1326 710 1368 erga
731 1313 924 1353 homines
945 1313 1033 1354 fieri
1053 1314 1377 1356 arbitrabantur.
1410 1315 1559 1370 Itaque
1578 1323 1673 1355 tum

196 1365 226 1385 ⁸·
238 1369 360 1418 illud,
379 1369 494 1424 quod
522 1377 614 1410 erat
641 1384 667 1409 a
695 1370 776 1410 deo
806 1378 968 1420 natum,
999 1371 1168 1411 nomine
1198 1371 1328 1426 ipsius
1359 1371 1426 1412 dei
1456 1384 1673 1424 nuncupa-

237 1425 365 1466 bant:
396 1434 445 1467 nt
464 1440 565 1466 cum
586 1426 729 1480 fruges
750 1425 950 1467 Cererem
979 1427 1256 1483 appellamus,
1278 1428 1419 1469 vinum
1439 1437 1580 1469 autem
1602 1425 1674 1468 Li-

236 1482 415 1533 berum3
445 1496 497 1523 ex
518 1496 603 1538 quo
623 1481 731 1523 illud
748 1482 950 1534 Terentii,

347 1572 428 1610 Sine
451 1573 568 1610 Cerere
585 1581 617 1609 et
638 1571 760 1609 Libero
766 1573 883 1621 friget
907 1572 1026 1610 Venus.

175 1656 350 1700 61Tum
375 1666 521 1699 autem
550 1672 617 1698 res
645 1657 749 1713 ipsa,
778 1657 821 1698 in
850 1672 934 1712 qua
961 1657 1019 1698 vis
1048 1657 1156 1698 inest
1183 1658 1320 1714 major
1347 1657 1501 1713 aliqua,
1520 1656 1579 1698 sic
1601 1669 1674 1712 ap-

240 1715 435 1770 pellatur,
455 1723 505 1755 ut
534 1728 586 1754 ea
613 1714 704 1769 ipsa
730 1714 790 1754 vis
821 1714 1064 1754 nominetur
1090 1714 1206 1765 deus,
1227 1726 1276 1755 ut
1297 1714 1433 1764 Fides,
1454 1722 1502 1755 ut
1522 1714 1647 1753 Mens
1667 1729 1677 1751 z

239 1785 344 1827 quas
374 1771 418 1811 in
448 1770 663 1826 Capitolio
692 1769 907 1810 dedicatas
937 1770 1126 1810 videmus
1155 1771 1343 1825 proxime
1364 1785 1389 1810 a
1410 1771 1477 1811 M.
1499 1768 1677 1810 AEmilio

241 1830 427 1877 Scauro,
448 1838 545 1868 ante
566 1836 709 1867 autem
730 1827 783 1867 ab
800 1826 936 1867 Atilio
955 1826 1151 1867 Calatino
1171 1836 1261 1867 erat
1281 1826 1402 1867 Fides
1421 1833 1677 1867 consecrata.

241 1883 372 1925 Vides
391 1883 572 1926 Virtutis
591 1883 816 1938 templum,
839 1890 876 1919 72
893 1882 1004 1922 vides
1028 1883 1215 1923 Honoris
1243 1897 1268 1923 a
1295 1884 1362 1924 M.
1385 1881 1593 1923 Marcello
1613 1895 1680 1921 re-

243 1949 441 1981 novatum
465 1957 475 1981 z
506 1939 623 1996 quod
645 1946 659 1975 7
666 1947 682 1970 3
699 1939 843 1980 multis
873 1948 970 1979 ante
1000 1939 1117 1979 annis
1148 1948 1238 1979 erat
1266 1939 1380 1980 bello
1410 1937 1632 1993 Ligustico
1657 1950 1683 1980 a

242 1998 300 2039 O.
318 1997 512 2037 Maximo
531 1995 789 2037 dedicatum.
823 1994 944 2051 Quid
963 1995 1089 2050 Opis?
1113 1995 1216 2050 quid
1238 1995 1417 2036 Salutis?
1441 1994 1542 2050 quid
1565 1993 1681 2033 Con-

243 2040 429 2094 gordiae?
463 2053 720 2094 Libertatis?
752 2053 793 2094 V
797 2051 983 2094 ictoriae?
1007 2065 1185 2107 quarum
1207 2052 1398 2092 omnium
1419 2065 1561 2092 rerum
1582 2049 1683 2104 quia

246 2110 305 2151 vis
335 2117 425 2150 erat
454 2119 586 2160 tanta,
605 2117 654 2150 ut
683 2110 772 2149 sine
791 2108 871 2150 deo
892 2108 983 2163 regi
1004 2122 1087 2148 non
1114 2117 1270 2163 posset,
1291 2108 1382 2163 ipsa
1412 2121 1476 2148 res
1504 2107 1683 2148 deorum

248 2182 405 2208 nomen
426 2166 626 2207 obtinuit.
685 2165 786 2207 Quo
805 2179 856 2205 ex
877 2179 1034 2220 genere
1057 2164 1279 2219 Cupidinis
1299 2173 1343 2205 et
1361 2162 1622 2219 Voluptatis,
1641 2168 1684 2201 et

248 2224 501 2264 Lubentinae
521 2222 696 2265 Veneris
723 2221 928 2263 vocabula
958 2230 1203 2261 consecrata
1221 2229 1333 2271 sunt,
1354 2220 1596 2261 vitiosarum
1617 2230 1682 2258 re-

249 2294 359 2330 rum,
394 2293 530 2335 neque
565 2278 814 2319 naturalium
836 2294 845 2319 ε
885 2292 1140 2333 quamquam
1174 2277 1360 2317 Velleius
1393 2276 1514 2317 aliter
1541 2272 1684 2315 existi-—

250 2345 341 2378 mat
359 2353 369 2378 z
389 2336 463 2377 sed
484 2344 625 2376 tamen
645 2350 695 2375 ea
714 2336 805 2390 ipsa
822 2334 920 2375 vitia
940 2343 1130 2374 naturam
1151 2332 1437 2374 vehementius
1456 2345 1566 2386 saepe
1588 2328 1684 2393 pul,-

186 2396 237 2432 62
250 2402 358 2434 sant.
422 2393 667 2433 Utilitatum
698 2392 828 2447 igitur
857 2390 1148 2446 magnitudine
1177 2388 1398 2430 constituti
1427 2396 1526 2428 sunt
1555 2386 1584 2427 ii
1613 2385 1686 2435 dil,

251 2449 324 2504 qui
345 2449 549 2490 utilitates
568 2462 758 2504 quasque
776 2447 1022 2503 gignebant.
1081 2447 1226 2500 Atque
1254 2445 1319 2485 his
1346 2443 1526 2507 quidem·
1547 2442 1684 2483 nomi-

252 2505 391 2555 nibus,
414 2521 508 2561 quae
538 2504 682 2560 paullo
710 2515 808 2545 ante
839 2504 952 2544 dicta
972 2511 1071 2543 sunt
1088 2517 1113 2543 a
1132 2515 1216 2551 me,
1236 2515 1330 2555 quae
1350 2500 1408 2540 vis
1430 2508 1496 2550 sit,
1517 2515 1560 2540 m
1579 2513 1688 2554 quo·

167 2551 240 2604 24
252 2576 336 2617 que
359 2561 595 2603 declaratur
615 2561 712 2602 deo.
769 2560 963 2616 Suscepit
983 2569 1127 2599 autem
1147 2558 1229 2598 vita
1250 2556 1487 2607 hominum,
1507 2568 1687 2597 consue·

301 2707 336 2735 71
363 2711 381 2728 α
400 2699 528 2728 Graeciae
544 2693 776 2736 sapientissimis]
801 2696 852 2725 Sic
875 2695 954 2724 Mss.
1041 2700 1078 2728 73
1103 2692 1201 2722 multis
1223 2700 1290 2722 ante
1311 2691 1410 2732 annis]
1435 2693 1494 2723 Sed
1517 2693 1603 2723 fuere
1621 2700 1691 2724 tan·

255 2751 286 2773 et
301 2744 369 2772 edd.
388 2748 461 2771 vett.
477 2741 625 2780 quaedam
643 2749 697 2779 pro
712 2737 897 2776 sapientibus.
997 2743 1068 2766 tum
1085 2736 1205 2774 viginti.
1229 2743 1260 2766 at
1276 2736 1410 2767 verbum
1428 2735 1513 2766 multi
1526 2743 1572 2765 est
1587 2746 1691 2774 σχετι-

302 2793 340 2820 72
365 2785 447 2814 vides
469 2784 589 2813 Honoris
612 2794 630 2811 a
655 2783 703 2812 M.
720 2779 863 2810 Illam-ello
877 2790 956 2809 reno·
999 2778 1057 2816 mir,
1073 2779 1249 2818 diciturque
1264 2780 1359 2808 etiam
1376 2780 1413 2809 de
1429 2779 1532 2815 annis,
1553 2779 1606 2817 qul
1628 2778 1691 2812 alio

256 2835 363 2858 vatum
381 2826 452 2866 ἂι]
474 2826 536 2856 Hic
552 2827 661 2856 Cicero
677 2835 695 2854 a
711 2824 800 2853 Livio
814 2823 957 2853 dissenti-
999 2829 1142 2862 respectu
1160 2822 1253 2861 pauci
1274 2822 1438 2851 dicantur:
1463 2828 1498 2851 ut
1514 2828 1622 2851 contra
1637 2832 1692 2850 mu

247 2881 290 2903 *re
307 2872 439 2900 videtur.
455 2870 494 2899 de
509 2879 573 2908 quo
590 2879 619 2900 v.
635 2866 864 2906 VVesselingius
879 2866 957 2896 Obs.
994 2871 1049 2904 per
1064 2866 1102 2894 de
1118 2864 1213 2903 longo
1237 2872 1389 2904 tempore,
1409 2865 1448 2894 de
1468 2864 1594 2902 seculis,
1611 2864 1692 2897 infra

259 2914 302 2951 ΙΙ,
319 2921 346 2945 5.
364 2924 393 2955 p.
411 2919 480 2948 157.
496 2922 523 2943 s.
1000 2918 1028 2939 c·
1044 2915 1095 2939 50.
1117 2917 1147 2938 v.
1163 2907 1251 2939 Clav.
1269 2909 1300 2938 in
1317 2913 1418 2947 nuper.
