<?xml version="1.0" encoding="UTF-8"?>
<!DOCTYPE html PUBLIC "-//W3C//DTD XHTML 1.0 Transitional//EN"
    "http://www.w3.org/TR/xhtml1/DTD/xhtml1-transitional.dtd">
<html xmlns="http://www.w3.org/1999/xhtml" xml:lang="en" lang="en">
 <head>
  <title>
</title>
<meta http-equiv="Content-Type" content="text/html;charset=utf-8" />
  <meta name='ocr-system' content='tesseract 3.04.00' />
  <meta name='ocr-capabilities' content='ocr_page ocr_carea ocr_par ocr_line ocrx_word'/>
</head>
<body>
  <div class='ocr_page' id='page_1' title='image "./p1operaomnia04ciceuoft_0188.png"; bbox 0 0 1778 3095; ppageno 0'>
   <div class='ocr_carea' id='block_1_1' title="bbox 172 615 223 646">
    <p class='ocr_par' dir='ltr' id='par_1_1' title="bbox 172 615 223 646">
     <span class='ocr_line' id='line_1_1' title="bbox 172 615 223 646; baseline -0.02 0"><span class='ocrx_word' id='word_1_1' title='bbox 172 615 223 646; x_wconf 82' lang='lat'>20</span> 
     </span>
    </p>
   </div>
   <div class='ocr_carea' id='block_1_2' title="bbox 103 1129 222 1162">
    <p class='ocr_par' dir='ltr' id='par_1_2' title="bbox 103 1129 222 1162">
     <span class='ocr_line' id='line_1_2' title="bbox 103 1129 222 1162; baseline 0 -9"><span class='ocrx_word' id='word_1_2' title='bbox 103 1129 222 1162; x_wconf 84' lang='lat' dir='ltr'>p.111.</span> 
     </span>
    </p>
   </div>
   <div class='ocr_carea' id='block_1_3' title="bbox 183 1511 219 1565">
    <p class='ocr_par' dir='ltr' id='par_1_3' title="bbox 183 1511 219 1565">
     <span class='ocr_line' id='line_1_3' title="bbox 183 1511 219 1565; baseline 0 0"><span class='ocrx_word' id='word_1_3' title='bbox 183 1511 219 1565; x_wconf 85' lang='lat'><strong>9</strong></span> 
     </span>
    </p>
   </div>
   <div class='ocr_carea' id='block_1_4' title="bbox 168 1645 213 1676">
    <p class='ocr_par' dir='ltr' id='par_1_4' title="bbox 168 1645 213 1676">
     <span class='ocr_line' id='line_1_4' title="bbox 168 1645 213 1676; baseline -0.022 0"><span class='ocrx_word' id='word_1_4' title='bbox 168 1645 213 1676; x_wconf 82' lang='lat'>21</span> 
     </span>
    </p>
   </div>
   <div class='ocr_carea' id='block_1_5' title="bbox 166 2497 218 2528">
    <p class='ocr_par' dir='ltr' id='par_1_5' title="bbox 166 2497 218 2528">
     <span class='ocr_line' id='line_1_5' title="bbox 166 2497 218 2528; baseline 0 0"><span class='ocrx_word' id='word_1_5' title='bbox 166 2497 218 2528; x_wconf 81' lang='lat'>22</span> 
     </span>
    </p>
   </div>
   <div class='ocr_carea' id='block_1_6' title="bbox 236 107 1338 149">
    <p class='ocr_par' dir='ltr' id='par_1_6' title="bbox 236 107 1338 149">
     <span class='ocr_line' id='line_1_6' title="bbox 236 107 1338 149; baseline 0.003 -3"><span class='ocrx_word' id='word_1_6' title='bbox 236 116 310 147; x_wconf 85' lang='lat'>180</span> <span class='ocrx_word' id='word_1_7' title='bbox 539 107 610 145; x_wconf 90' lang='lat' dir='ltr'>DE</span> <span class='ocrx_word' id='word_1_8' title='bbox 640 108 795 146; x_wconf 86' lang='lat' dir='ltr'>FINIB.</span> <span class='ocrx_word' id='word_1_9' title='bbox 815 108 1014 148; x_wconf 82' lang='lat' dir='ltr'>BONOR.</span> <span class='ocrx_word' id='word_1_10' title='bbox 1033 110 1100 148; x_wconf 90' lang='lat' dir='ltr'>ET</span> <span class='ocrx_word' id='word_1_11' title='bbox 1127 111 1338 149; x_wconf 82' lang='lat' dir='ltr'><strong>MALOR.</strong></span> 
     </span>
    </p>
   </div>
   <div class='ocr_carea' id='block_1_7' title="bbox 228 217 1669 2595">
    <p class='ocr_par' dir='ltr' id='par_1_7' title="bbox 228 217 1669 2595">
     <span class='ocr_line' id='line_1_7' title="bbox 231 217 1661 276; baseline 0.003 -19"><span class='ocrx_word' id='word_1_12' title='bbox 231 225 273 257; x_wconf 89' lang='lat' dir='ltr'>et</span> <span class='ocrx_word' id='word_1_13' title='bbox 293 231 438 258; x_wconf 83' lang='lat' dir='ltr'>eorum</span> <span class='ocrx_word' id='word_1_14' title='bbox 456 217 628 258; x_wconf 86' lang='lat' dir='ltr'>virtutes</span> <span class='ocrx_word' id='word_1_15' title='bbox 662 232 736 273; x_wconf 89' lang='lat' dir='ltr'>per</span> <span class='ocrx_word' id='word_1_16' title='bbox 766 232 809 259; x_wconf 90' lang='lat' dir='ltr'>se</span> <span class='ocrx_word' id='word_1_17' title='bbox 836 233 926 259; x_wconf 87' lang='lat' dir='ltr'>esse</span> <span class='ocrx_word' id='word_1_18' title='bbox 955 219 1206 260; x_wconf 86' lang='lat' dir='ltr'>sumendas?</span> <span class='ocrx_word' id='word_1_19' title='bbox 1239 234 1291 260; x_wconf 90' lang='lat' dir='ltr'>an</span> <span class='ocrx_word' id='word_1_20' title='bbox 1320 233 1417 260; x_wconf 88' lang='lat' dir='ltr'>vero</span> <span class='ocrx_word' id='word_1_21' title='bbox 1447 219 1661 276; x_wconf 83' lang='lat' dir='ltr'><strong>displicuit</strong></span> 
     </span>
     <span class='ocr_line' id='line_1_8' title="bbox 232 275 1663 331; baseline 0.003 -17"><span class='ocrx_word' id='word_1_22' title='bbox 232 288 295 324; x_wconf 89' lang='lat' dir='ltr'>ea,</span> <span class='ocrx_word' id='word_1_23' title='bbox 325 289 420 330; x_wconf 81' lang='lat' dir='ltr'>quae</span> <span class='ocrx_word' id='word_1_24' title='bbox 457 275 614 315; x_wconf 87' lang='lat' dir='ltr'>tributa</span> <span class='ocrx_word' id='word_1_25' title='bbox 647 284 711 316; x_wconf 90' lang='lat' dir='ltr'>est</span> <span class='ocrx_word' id='word_1_26' title='bbox 738 275 866 316; x_wconf 89' lang='lat' dir='ltr'>animi</span> <span class='ocrx_word' id='word_1_27' title='bbox 901 276 1122 317; x_wconf 88' lang='lat' dir='ltr'>virtutibus</span> <span class='ocrx_word' id='word_1_28' title='bbox 1154 285 1270 317; x_wconf 90' lang='lat' dir='ltr'>tanta</span> <span class='ocrx_word' id='word_1_29' title='bbox 1305 277 1577 331; x_wconf 80' lang='lat' dir='ltr'>praestantia?</span> <span class='ocrx_word' id='word_1_30' title='bbox 1609 293 1663 320; x_wconf 88' lang='lat' dir='ltr'>an</span> 
     </span>
     <span class='ocr_line' id='line_1_9' title="bbox 233 331 1664 389; baseline 0.003 -18"><span class='ocrx_word' id='word_1_31' title='bbox 233 345 327 386; x_wconf 88' lang='lat' dir='ltr'>quae</span> <span class='ocrx_word' id='word_1_32' title='bbox 367 331 418 371; x_wconf 89' lang='lat' dir='ltr'>de</span> <span class='ocrx_word' id='word_1_33' title='bbox 455 331 690 386; x_wconf 87' lang='lat' dir='ltr'>prudentia,</span> <span class='ocrx_word' id='word_1_34' title='bbox 730 331 782 372; x_wconf 94' lang='lat' dir='ltr'>de</span> <span class='ocrx_word' id='word_1_35' title='bbox 815 332 1059 387; x_wconf 78' lang='lat' dir='ltr'>cognitione</span> <span class='ocrx_word' id='word_1_36' title='bbox 1093 347 1247 382; x_wconf 87' lang='lat' dir='ltr'>rerum,</span> <span class='ocrx_word' id='word_1_37' title='bbox 1282 332 1334 373; x_wconf 91' lang='lat' dir='ltr'>de</span> <span class='ocrx_word' id='word_1_38' title='bbox 1365 332 1664 389; x_wconf 88' lang='lat' dir='ltr'>conjunctione</span> 
     </span>
     <span class='ocr_line' id='line_1_10' title="bbox 232 388 1664 445; baseline 0.002 -17"><span class='ocrx_word' id='word_1_39' title='bbox 232 388 398 442; x_wconf 87' lang='lat' dir='ltr'>generis</span> <span class='ocrx_word' id='word_1_40' title='bbox 436 388 623 438; x_wconf 87' lang='lat' dir='ltr'>humani,</span> <span class='ocrx_word' id='word_1_41' title='bbox 662 403 841 444; x_wconf 84' lang='lat' dir='ltr'>quaeque</span> <span class='ocrx_word' id='word_1_42' title='bbox 879 388 931 429; x_wconf 91' lang='lat' dir='ltr'>ab</span> <span class='ocrx_word' id='word_1_43' title='bbox 978 388 1136 429; x_wconf 91' lang='lat' dir='ltr'>eisdem</span> <span class='ocrx_word' id='word_1_44' title='bbox 1183 388 1234 430; x_wconf 92' lang='lat' dir='ltr'>de</span> <span class='ocrx_word' id='word_1_45' title='bbox 1281 389 1572 445; x_wconf 83' lang='lat' dir='ltr'>temperantia,</span> <span class='ocrx_word' id='word_1_46' title='bbox 1612 390 1664 431; x_wconf 92' lang='lat' dir='ltr'>de</span> 
     </span>
     <span class='ocr_line' id='line_1_11' title="bbox 233 444 1662 499; baseline 0.002 -15"><span class='ocrx_word' id='word_1_47' title='bbox 233 444 452 495; x_wconf 82' lang='lat' dir='ltr'>modestia,</span> <span class='ocrx_word' id='word_1_48' title='bbox 471 445 522 485; x_wconf 92' lang='lat' dir='ltr'>de</span> <span class='ocrx_word' id='word_1_49' title='bbox 541 445 832 499; x_wconf 82' lang='lat' dir='ltr'>magnitudine</span> <span class='ocrx_word' id='word_1_50' title='bbox 849 445 990 495; x_wconf 89' lang='lat' dir='ltr'>animi,</span> <span class='ocrx_word' id='word_1_51' title='bbox 1007 444 1057 485; x_wconf 92' lang='lat' dir='ltr'>de</span> <span class='ocrx_word' id='word_1_52' title='bbox 1070 445 1185 486; x_wconf 88' lang='lat' dir='ltr'>omni</span> <span class='ocrx_word' id='word_1_53' title='bbox 1198 445 1418 487; x_wconf 84' lang='lat' dir='ltr'>honestate</span> <span class='ocrx_word' id='word_1_54' title='bbox 1437 445 1633 488; x_wconf 85' lang='lat' dir='ltr'>dicuntur</span> <span class='ocrx_word' id='word_1_55' title='bbox 1649 448 1662 487; x_wconf 90' lang='lat'>?</span> 
     </span>
     <span class='ocr_line' id='line_1_12' title="bbox 233 500 1665 559; baseline 0.002 -18"><span class='ocrx_word' id='word_1_56' title='bbox 233 501 476 541; x_wconf 81' lang='lat' dir='ltr'>fatebuntur</span> <span class='ocrx_word' id='word_1_57' title='bbox 509 501 656 550; x_wconf 85' lang='lat' dir='ltr'>Stoici,</span> <span class='ocrx_word' id='word_1_58' title='bbox 688 500 778 541; x_wconf 85' lang='lat' dir='ltr'>haec</span> <span class='ocrx_word' id='word_1_59' title='bbox 813 501 954 541; x_wconf 86' lang='lat' dir='ltr'>omnia</span> <span class='ocrx_word' id='word_1_60' title='bbox 984 501 1096 541; x_wconf 89' lang='lat' dir='ltr'>dicta</span> <span class='ocrx_word' id='word_1_61' title='bbox 1124 516 1214 542; x_wconf 89' lang='lat' dir='ltr'>esse</span> <span class='ocrx_word' id='word_1_62' title='bbox 1244 503 1454 557; x_wconf 83' lang='lat' dir='ltr'>praeclare.</span> <span class='ocrx_word' id='word_1_63' title='bbox 1479 510 1516 538; x_wconf 81' lang='grc'>47</span> <span class='ocrx_word' id='word_1_64' title='bbox 1530 517 1665 559; x_wconf 81' lang='lat' dir='ltr'>neque</span> 
     </span>
     <span class='ocr_line' id='line_1_13' title="bbox 234 557 1521 613; baseline 0.002 -16"><span class='ocrx_word' id='word_1_65' title='bbox 234 571 404 598; x_wconf 88' lang='lat' dir='ltr'>causam</span> <span class='ocrx_word' id='word_1_66' title='bbox 427 557 589 598; x_wconf 87' lang='lat' dir='ltr'>Zenoni</span> <span class='ocrx_word' id='word_1_67' title='bbox 610 557 867 597; x_wconf 87' lang='lat' dir='ltr'>desciscendi</span> <span class='ocrx_word' id='word_1_68' title='bbox 887 557 1027 598; x_wconf 85' lang='lat' dir='ltr'>fuisse.</span> <span class='ocrx_word' id='word_1_69' title='bbox 1049 557 1130 597; x_wconf 90' lang='lat' dir='ltr'>alia</span> <span class='ocrx_word' id='word_1_70' title='bbox 1151 559 1345 613; x_wconf 83' lang='lat' dir='ltr'>quaedam</span> <span class='ocrx_word' id='word_1_71' title='bbox 1367 559 1521 600; x_wconf 89' lang='lat' dir='ltr'>dicent.</span> 
     </span>
     <span class='ocr_line' id='line_1_14' title="bbox 293 613 1666 671; baseline 0.002 -17"><span class='ocrx_word' id='word_1_72' title='bbox 293 613 450 663; x_wconf 88' lang='lat' dir='ltr'>Credo,</span> <span class='ocrx_word' id='word_1_73' title='bbox 489 628 645 669; x_wconf 87' lang='lat' dir='ltr'>magna</span> <span class='ocrx_word' id='word_1_74' title='bbox 681 614 949 668; x_wconf 87' lang='lat' dir='ltr'>antiquorum</span> <span class='ocrx_word' id='word_1_75' title='bbox 991 627 1081 653; x_wconf 86' lang='lat' dir='ltr'>esse</span> <span class='ocrx_word' id='word_1_76' title='bbox 1120 625 1304 668; x_wconf 86' lang='lat' dir='ltr'>peccata,</span> <span class='ocrx_word' id='word_1_77' title='bbox 1343 631 1436 671; x_wconf 85' lang='lat' dir='ltr'>quae</span> <span class='ocrx_word' id='word_1_78' title='bbox 1474 617 1544 657; x_wconf 86' lang='lat' dir='ltr'>ille</span> <span class='ocrx_word' id='word_1_79' title='bbox 1581 616 1666 657; x_wconf 84' lang='lat' dir='ltr'>veri</span> 
     </span>
     <span class='ocr_line' id='line_1_15' title="bbox 233 669 1665 728; baseline 0.002 -18"><span class='ocrx_word' id='word_1_80' title='bbox 233 670 509 726; x_wconf 86' lang='lat' dir='ltr'>investigandi</span> <span class='ocrx_word' id='word_1_81' title='bbox 527 669 721 725; x_wconf 81' lang='lat' dir='ltr'>cupidus,</span> <span class='ocrx_word' id='word_1_82' title='bbox 750 669 866 709; x_wconf 90' lang='lat' dir='ltr'>nullo</span> <span class='ocrx_word' id='word_1_83' title='bbox 897 669 1025 710; x_wconf 89' lang='lat' dir='ltr'>modo</span> <span class='ocrx_word' id='word_1_84' title='bbox 1056 669 1163 710; x_wconf 88' lang='lat' dir='ltr'>ferre</span> <span class='ocrx_word' id='word_1_85' title='bbox 1193 672 1391 725; x_wconf 89' lang='lat' dir='ltr'>potuerit.</span> <span class='ocrx_word' id='word_1_86' title='bbox 1422 673 1523 728; x_wconf 91' lang='lat' dir='ltr'>quid</span> <span class='ocrx_word' id='word_1_87' title='bbox 1553 673 1665 713; x_wconf 92' lang='lat' dir='ltr'>enim</span> 
     </span>
     <span class='ocr_line' id='line_1_16' title="bbox 231 725 1664 784; baseline 0.003 -17"><span class='ocrx_word' id='word_1_88' title='bbox 231 727 476 782; x_wconf 84' lang='lat' dir='ltr'>perversius,</span> <span class='ocrx_word' id='word_1_89' title='bbox 509 726 609 782; x_wconf 88' lang='lat' dir='ltr'>quid</span> <span class='ocrx_word' id='word_1_90' title='bbox 644 725 959 776; x_wconf 80' lang='lat' dir='ltr'>intolerabilius,</span> <span class='ocrx_word' id='word_1_91' title='bbox 1001 726 1101 781; x_wconf 88' lang='lat' dir='ltr'>quid</span> <span class='ocrx_word' id='word_1_92' title='bbox 1134 727 1316 778; x_wconf 90' lang='lat' dir='ltr'>stultius,</span> <span class='ocrx_word' id='word_1_93' title='bbox 1352 744 1478 784; x_wconf 88' lang='lat' dir='ltr'>quam</span> <span class='ocrx_word' id='word_1_94' title='bbox 1510 730 1664 770; x_wconf 89' lang='lat' dir='ltr'>bonam</span> 
     </span>
     <span class='ocr_line' id='line_1_17' title="bbox 231 781 1664 840; baseline 0.002 -16"><span class='ocrx_word' id='word_1_95' title='bbox 231 783 518 833; x_wconf 88' lang='lat' dir='ltr'>valitudinem,</span> <span class='ocrx_word' id='word_1_96' title='bbox 548 796 673 838; x_wconf 89' lang='lat' dir='ltr'>quam</span> <span class='ocrx_word' id='word_1_97' title='bbox 707 781 904 823; x_wconf 88' lang='lat' dir='ltr'>dolorum</span> <span class='ocrx_word' id='word_1_98' title='bbox 934 781 1124 823; x_wconf 88' lang='lat' dir='ltr'>omnium</span> <span class='ocrx_word' id='word_1_99' title='bbox 1155 784 1420 836; x_wconf 84' lang='lat' dir='ltr'>vacuitatem,</span> <span class='ocrx_word' id='word_1_100' title='bbox 1449 800 1576 840; x_wconf 91' lang='lat' dir='ltr'>quam</span> <span class='ocrx_word' id='word_1_101' title='bbox 1599 785 1664 826; x_wconf 88' lang='lat' dir='ltr'>in-</span> 
     </span>
     <span class='ocr_line' id='line_1_18' title="bbox 232 838 1663 896; baseline 0.001 -16"><span class='ocrx_word' id='word_1_102' title='bbox 232 840 473 895; x_wconf 88' lang='lat' dir='ltr'>tegritatem</span> <span class='ocrx_word' id='word_1_103' title='bbox 517 838 754 888; x_wconf 87' lang='lat' dir='ltr'>oculorum,</span> <span class='ocrx_word' id='word_1_104' title='bbox 794 838 1139 895; x_wconf 90' lang='lat' dir='ltr'>reliquorumque</span> <span class='ocrx_word' id='word_1_105' title='bbox 1175 855 1388 892; x_wconf 89' lang='lat' dir='ltr'>sensuum,</span> <span class='ocrx_word' id='word_1_106' title='bbox 1427 856 1582 896; x_wconf 89' lang='lat' dir='ltr'>ponere</span> <span class='ocrx_word' id='word_1_107' title='bbox 1620 842 1663 883; x_wconf 89' lang='lat' dir='ltr'>in</span> 
     </span>
     <span class='ocr_line' id='line_1_19' title="bbox 230 895 1665 951; baseline 0.003 -15"><span class='ocrx_word' id='word_1_108' title='bbox 230 896 352 937; x_wconf 86' lang='lat' dir='ltr'>bonis</span> <span class='ocrx_word' id='word_1_109' title='bbox 374 895 528 951; x_wconf 88' lang='lat' dir='ltr'>potius,</span> <span class='ocrx_word' id='word_1_110' title='bbox 551 910 678 951; x_wconf 89' lang='lat' dir='ltr'>quam</span> <span class='ocrx_word' id='word_1_111' title='bbox 712 895 864 946; x_wconf 87' lang='lat' dir='ltr'>dicere,</span> <span class='ocrx_word' id='word_1_112' title='bbox 900 895 1004 936; x_wconf 88' lang='lat' dir='ltr'>nihil</span> <span class='ocrx_word' id='word_1_113' title='bbox 1039 896 1212 937; x_wconf 90' lang='lat' dir='ltr'>omnino</span> <span class='ocrx_word' id='word_1_114' title='bbox 1245 897 1352 938; x_wconf 87' lang='lat' dir='ltr'>inter</span> <span class='ocrx_word' id='word_1_115' title='bbox 1383 911 1453 938; x_wconf 91' lang='lat' dir='ltr'>eas</span> <span class='ocrx_word' id='word_1_116' title='bbox 1485 913 1564 950; x_wconf 91' lang='lat' dir='ltr'>res,</span> <span class='ocrx_word' id='word_1_117' title='bbox 1592 899 1665 940; x_wconf 92' lang='lat' dir='ltr'>iis-</span> 
     </span>
     <span class='ocr_line' id='line_1_20' title="bbox 234 952 1665 1010; baseline 0.002 -17"><span class='ocrx_word' id='word_1_118' title='bbox 234 967 315 1009; x_wconf 90' lang='lat' dir='ltr'>que</span> <span class='ocrx_word' id='word_1_119' title='bbox 335 953 577 1002; x_wconf 89' lang='lat' dir='ltr'>contrarias,</span> <span class='ocrx_word' id='word_1_120' title='bbox 599 952 825 994; x_wconf 81' lang='lat' dir='ltr'>interesse?</span> <span class='ocrx_word' id='word_1_121' title='bbox 858 967 907 993; x_wconf 88' lang='lat' dir='ltr'>ea</span> <span class='ocrx_word' id='word_1_122' title='bbox 935 953 1045 994; x_wconf 88' lang='lat' dir='ltr'>enim</span> <span class='ocrx_word' id='word_1_123' title='bbox 1076 953 1231 1004; x_wconf 89' lang='lat' dir='ltr'>omnia,</span> <span class='ocrx_word' id='word_1_124' title='bbox 1263 969 1356 1010; x_wconf 88' lang='lat' dir='ltr'>quae</span> <span class='ocrx_word' id='word_1_125' title='bbox 1388 954 1448 995; x_wconf 91' lang='lat' dir='ltr'>illi</span> <span class='ocrx_word' id='word_1_126' title='bbox 1468 955 1581 996; x_wconf 88' lang='lat' dir='ltr'>bona</span> <span class='ocrx_word' id='word_1_127' title='bbox 1601 955 1665 996; x_wconf 86' lang='lat' dir='ltr'>di-</span> 
     </span>
     <span class='ocr_line' id='line_1_21' title="bbox 233 1009 1667 1067; baseline 0.001 -17"><span class='ocrx_word' id='word_1_128' title='bbox 233 1018 389 1060; x_wconf 86' lang='lat' dir='ltr'>cerent,</span> <span class='ocrx_word' id='word_1_129' title='bbox 410 1009 635 1064; x_wconf 85' lang='lat' dir='ltr'>praeposita</span> <span class='ocrx_word' id='word_1_130' title='bbox 655 1024 758 1059; x_wconf 89' lang='lat' dir='ltr'>esse,</span> <span class='ocrx_word' id='word_1_131' title='bbox 782 1024 866 1050; x_wconf 91' lang='lat' dir='ltr'>non</span> <span class='ocrx_word' id='word_1_132' title='bbox 896 1009 1008 1050; x_wconf 91' lang='lat' dir='ltr'>bona</span> <span class='ocrx_word' id='word_1_133' title='bbox 1027 1026 1035 1050; x_wconf 94' lang='lat'>:</span> <span class='ocrx_word' id='word_1_134' title='bbox 1067 1009 1252 1066; x_wconf 88' lang='lat' dir='ltr'>itemque</span> <span class='ocrx_word' id='word_1_135' title='bbox 1279 1011 1364 1062; x_wconf 90' lang='lat' dir='ltr'>illa,</span> <span class='ocrx_word' id='word_1_136' title='bbox 1395 1026 1489 1067; x_wconf 87' lang='lat' dir='ltr'>quae</span> <span class='ocrx_word' id='word_1_137' title='bbox 1509 1011 1551 1052; x_wconf 91' lang='lat' dir='ltr'>in</span> <span class='ocrx_word' id='word_1_138' title='bbox 1571 1026 1667 1053; x_wconf 89' lang='lat' dir='ltr'>cor-</span> 
     </span>
     <span class='ocr_line' id='line_1_22' title="bbox 233 1066 1669 1124; baseline 0.002 -18"><span class='ocrx_word' id='word_1_139' title='bbox 233 1080 336 1122; x_wconf 89' lang='lat' dir='ltr'>pore</span> <span class='ocrx_word' id='word_1_140' title='bbox 370 1066 636 1116; x_wconf 83' lang='lat' dir='ltr'>excellerent,</span> <span class='ocrx_word' id='word_1_141' title='bbox 668 1066 793 1107; x_wconf 90' lang='lat' dir='ltr'>stulte</span> <span class='ocrx_word' id='word_1_142' title='bbox 828 1066 1022 1122; x_wconf 88' lang='lat' dir='ltr'>antiquos</span> <span class='ocrx_word' id='word_1_143' title='bbox 1055 1066 1207 1108; x_wconf 87' lang='lat' dir='ltr'>dixisse</span> <span class='ocrx_word' id='word_1_144' title='bbox 1240 1081 1315 1122; x_wconf 88' lang='lat' dir='ltr'>per</span> <span class='ocrx_word' id='word_1_145' title='bbox 1343 1083 1387 1108; x_wconf 92' lang='lat' dir='ltr'>se</span> <span class='ocrx_word' id='word_1_146' title='bbox 1416 1082 1507 1109; x_wconf 88' lang='lat' dir='ltr'>esse</span> <span class='ocrx_word' id='word_1_147' title='bbox 1543 1082 1669 1124; x_wconf 87' lang='lat' dir='ltr'>expe-</span> 
     </span>
     <span class='ocr_line' id='line_1_23' title="bbox 235 1122 1666 1181; baseline 0.001 -17"><span class='ocrx_word' id='word_1_148' title='bbox 235 1122 384 1164; x_wconf 88' lang='lat' dir='ltr'>tenda:</span> <span class='ocrx_word' id='word_1_149' title='bbox 417 1133 460 1164; x_wconf 90' lang='lat' dir='ltr'>et</span> <span class='ocrx_word' id='word_1_150' title='bbox 492 1123 695 1163; x_wconf 89' lang='lat' dir='ltr'>sumenda</span> <span class='ocrx_word' id='word_1_151' title='bbox 724 1123 879 1178; x_wconf 76' lang='lat' dir='ltr'>potiuS,</span> <span class='ocrx_word' id='word_1_152' title='bbox 914 1138 1039 1178; x_wconf 90' lang='lat' dir='ltr'>quam</span> <span class='ocrx_word' id='word_1_153' title='bbox 1074 1124 1319 1179; x_wconf 86' lang='lat' dir='ltr'>expetenda.</span> <span class='ocrx_word' id='word_1_154' title='bbox 1351 1124 1582 1181; x_wconf 90' lang='lat' dir='ltr'>eademque</span> <span class='ocrx_word' id='word_1_155' title='bbox 1614 1125 1666 1166; x_wconf 90' lang='lat' dir='ltr'>de</span> 
     </span>
     <span class='ocr_line' id='line_1_24' title="bbox 234 1179 1666 1237; baseline 0.002 -17"><span class='ocrx_word' id='word_1_156' title='bbox 234 1179 351 1220; x_wconf 92' lang='lat' dir='ltr'>omni</span> <span class='ocrx_word' id='word_1_157' title='bbox 371 1179 469 1230; x_wconf 86' lang='lat' dir='ltr'>vita,</span> <span class='ocrx_word' id='word_1_158' title='bbox 488 1195 583 1235; x_wconf 87' lang='lat' dir='ltr'>quae</span> <span class='ocrx_word' id='word_1_159' title='bbox 606 1180 645 1220; x_wconf 92' lang='lat' dir='ltr'>in</span> <span class='ocrx_word' id='word_1_160' title='bbox 678 1194 759 1220; x_wconf 91' lang='lat' dir='ltr'>una</span> <span class='ocrx_word' id='word_1_161' title='bbox 788 1179 937 1220; x_wconf 87' lang='lat' dir='ltr'>virtute</span> <span class='ocrx_word' id='word_1_162' title='bbox 966 1179 1238 1221; x_wconf 87' lang='lat' dir='ltr'>consisteret:</span> <span class='ocrx_word' id='word_1_163' title='bbox 1270 1180 1386 1221; x_wconf 90' lang='lat' dir='ltr'>illam</span> <span class='ocrx_word' id='word_1_164' title='bbox 1405 1181 1549 1232; x_wconf 90' lang='lat' dir='ltr'>vitam,</span> <span class='ocrx_word' id='word_1_165' title='bbox 1570 1197 1666 1237; x_wconf 86' lang='lat' dir='ltr'>quae</span> 
     </span>
     <span class='ocr_line' id='line_1_25' title="bbox 231 1236 1665 1290; baseline 0.001 -13"><span class='ocrx_word' id='word_1_166' title='bbox 231 1237 357 1278; x_wconf 88' lang='lat' dir='ltr'>etiam</span> <span class='ocrx_word' id='word_1_167' title='bbox 389 1237 537 1277; x_wconf 88' lang='lat' dir='ltr'>ceteris</span> <span class='ocrx_word' id='word_1_168' title='bbox 573 1236 711 1285; x_wconf 82' lang='lat' dir='ltr'>rebus,</span> <span class='ocrx_word' id='word_1_169' title='bbox 745 1251 838 1290; x_wconf 72' lang='lat' dir='ltr'>quae</span> <span class='ocrx_word' id='word_1_170' title='bbox 866 1245 1005 1276; x_wconf 88' lang='lat' dir='ltr'>essent</span> <span class='ocrx_word' id='word_1_171' title='bbox 1040 1236 1271 1277; x_wconf 90' lang='lat' dir='ltr'>secundum</span> <span class='ocrx_word' id='word_1_172' title='bbox 1303 1245 1510 1288; x_wconf 89' lang='lat' dir='ltr'>naturam,</span> <span class='ocrx_word' id='word_1_173' title='bbox 1531 1238 1665 1279; x_wconf 88' lang='lat' dir='ltr'>abun-</span> 
     </span>
     <span class='ocr_line' id='line_1_26' title="bbox 231 1292 1664 1348; baseline 0.001 -14"><span class='ocrx_word' id='word_1_174' title='bbox 231 1293 364 1343; x_wconf 88' lang='lat' dir='ltr'>daret,</span> <span class='ocrx_word' id='word_1_175' title='bbox 394 1293 530 1347; x_wconf 87' lang='lat' dir='ltr'>magis</span> <span class='ocrx_word' id='word_1_176' title='bbox 561 1292 836 1347; x_wconf 84' lang='lat' dir='ltr'>expetendam</span> <span class='ocrx_word' id='word_1_177' title='bbox 872 1306 956 1332; x_wconf 92' lang='lat' dir='ltr'>non</span> <span class='ocrx_word' id='word_1_178' title='bbox 984 1307 1090 1342; x_wconf 87' lang='lat' dir='ltr'>esse,</span> <span class='ocrx_word' id='word_1_179' title='bbox 1121 1292 1194 1333; x_wconf 90' lang='lat' dir='ltr'>sed</span> <span class='ocrx_word' id='word_1_180' title='bbox 1225 1293 1360 1348; x_wconf 90' lang='lat' dir='ltr'>magis</span> <span class='ocrx_word' id='word_1_181' title='bbox 1391 1294 1664 1335; x_wconf 87' lang='lat' dir='ltr'>sumendam:</span> 
     </span>
     <span class='ocr_line' id='line_1_27' title="bbox 230 1348 1666 1405; baseline 0.002 -16"><span class='ocrx_word' id='word_1_182' title='bbox 230 1363 413 1405; x_wconf 86' lang='lat' dir='ltr'>cumque</span> <span class='ocrx_word' id='word_1_183' title='bbox 435 1349 524 1403; x_wconf 89' lang='lat' dir='ltr'>ipsa</span> <span class='ocrx_word' id='word_1_184' title='bbox 546 1349 672 1390; x_wconf 79' lang='lat' dir='ltr'>virtus</span> <span class='ocrx_word' id='word_1_185' title='bbox 692 1348 844 1389; x_wconf 87' lang='lat' dir='ltr'>efficiat</span> <span class='ocrx_word' id='word_1_186' title='bbox 865 1348 922 1389; x_wconf 93' lang='lat' dir='ltr'>ita</span> <span class='ocrx_word' id='word_1_187' title='bbox 952 1349 1114 1389; x_wconf 87' lang='lat' dir='ltr'>beatam</span> <span class='ocrx_word' id='word_1_188' title='bbox 1147 1349 1288 1400; x_wconf 89' lang='lat' dir='ltr'>vitam,</span> <span class='ocrx_word' id='word_1_189' title='bbox 1318 1359 1366 1391; x_wconf 88' lang='lat' dir='ltr'>ut</span> <span class='ocrx_word' id='word_1_190' title='bbox 1395 1350 1555 1392; x_wconf 89' lang='lat' dir='ltr'>beatior</span> <span class='ocrx_word' id='word_1_191' title='bbox 1575 1365 1666 1392; x_wconf 89' lang='lat' dir='ltr'>esse</span> 
     </span>
     <span class='ocr_line' id='line_1_28' title="bbox 231 1404 1666 1462; baseline 0.003 -17"><span class='ocrx_word' id='word_1_192' title='bbox 231 1420 315 1446; x_wconf 87' lang='lat' dir='ltr'>non</span> <span class='ocrx_word' id='word_1_193' title='bbox 346 1405 492 1460; x_wconf 81' lang='lat' dir='ltr'>possit,</span> <span class='ocrx_word' id='word_1_194' title='bbox 524 1414 664 1446; x_wconf 84' lang='lat' dir='ltr'>tamen</span> <span class='ocrx_word' id='word_1_195' title='bbox 694 1404 887 1461; x_wconf 85' lang='lat' dir='ltr'>quaedam</span> <span class='ocrx_word' id='word_1_196' title='bbox 919 1405 1062 1447; x_wconf 89' lang='lat' dir='ltr'>deesse</span> <span class='ocrx_word' id='word_1_197' title='bbox 1091 1406 1361 1462; x_wconf 88' lang='lat' dir='ltr'>sapientibus,</span> <span class='ocrx_word' id='word_1_198' title='bbox 1393 1416 1546 1458; x_wconf 75' lang='lat' dir='ltr'>48tum‚</span> <span class='ocrx_word' id='word_1_199' title='bbox 1568 1422 1666 1449; x_wconf 89' lang='lat' dir='ltr'>cum</span> 
     </span>
     <span class='ocr_line' id='line_1_29' title="bbox 231 1461 1666 1518; baseline 0.002 -16"><span class='ocrx_word' id='word_1_200' title='bbox 231 1462 314 1502; x_wconf 90' lang='lat' dir='ltr'>sint</span> <span class='ocrx_word' id='word_1_201' title='bbox 331 1461 589 1503; x_wconf 90' lang='lat' dir='ltr'>beatissimi:</span> <span class='ocrx_word' id='word_1_202' title='bbox 621 1462 763 1518; x_wconf 88' lang='lat' dir='ltr'>itaque</span> <span class='ocrx_word' id='word_1_203' title='bbox 793 1476 865 1503; x_wconf 94' lang='lat' dir='ltr'>eos</span> <span class='ocrx_word' id='word_1_204' title='bbox 895 1462 937 1503; x_wconf 91' lang='lat' dir='ltr'>id</span> <span class='ocrx_word' id='word_1_205' title='bbox 969 1477 1108 1518; x_wconf 89' lang='lat' dir='ltr'>agere,</span> <span class='ocrx_word' id='word_1_206' title='bbox 1138 1470 1185 1504; x_wconf 90' lang='lat' dir='ltr'>ut</span> <span class='ocrx_word' id='word_1_207' title='bbox 1215 1478 1238 1504; x_wconf 90' lang='lat' dir='ltr'>a</span> <span class='ocrx_word' id='word_1_208' title='bbox 1268 1478 1311 1504; x_wconf 89' lang='lat' dir='ltr'>se</span> <span class='ocrx_word' id='word_1_209' title='bbox 1341 1464 1522 1515; x_wconf 88' lang='lat' dir='ltr'>dolores,</span> <span class='ocrx_word' id='word_1_210' title='bbox 1552 1479 1666 1505; x_wconf 90' lang='lat' dir='ltr'>mor-</span> 
     </span>
     <span class='ocr_line' id='line_1_30' title="bbox 231 1518 1663 1576; baseline 0.001 -17"><span class='ocrx_word' id='word_1_211' title='bbox 231 1519 324 1569; x_wconf 90' lang='lat' dir='ltr'>bos,</span> <span class='ocrx_word' id='word_1_212' title='bbox 364 1518 600 1559; x_wconf 90' lang='lat' dir='ltr'>debilitates</span> <span class='ocrx_word' id='word_1_213' title='bbox 639 1519 853 1574; x_wconf 86' lang='lat' dir='ltr'>repellant.</span> <span class='ocrx_word' id='word_1_214' title='bbox 914 1519 952 1560; x_wconf 93' lang='lat' dir='ltr'>O</span> <span class='ocrx_word' id='word_1_215' title='bbox 986 1533 1185 1575; x_wconf 85' lang='lat' dir='ltr'>magnam</span> <span class='ocrx_word' id='word_1_216' title='bbox 1225 1520 1306 1560; x_wconf 91' lang='lat' dir='ltr'>vim</span> <span class='ocrx_word' id='word_1_217' title='bbox 1352 1520 1522 1576; x_wconf 88' lang='lat' dir='ltr'>ingenii,</span> <span class='ocrx_word' id='word_1_218' title='bbox 1562 1535 1663 1562; x_wconf 89' lang='lat' dir='ltr'>cau-</span> 
     </span>
     <span class='ocr_line' id='line_1_31' title="bbox 231 1575 1667 1632; baseline 0.001 -16"><span class='ocrx_word' id='word_1_219' title='bbox 231 1590 407 1631; x_wconf 89' lang='lat' dir='ltr'>samque</span> <span class='ocrx_word' id='word_1_220' title='bbox 421 1575 597 1631; x_wconf 90' lang='lat' dir='ltr'>justam,</span> <span class='ocrx_word' id='word_1_221' title='bbox 619 1590 693 1616; x_wconf 90' lang='lat' dir='ltr'>cur</span> <span class='ocrx_word' id='word_1_222' title='bbox 713 1590 818 1616; x_wconf 88' lang='lat' dir='ltr'>nova</span> <span class='ocrx_word' id='word_1_223' title='bbox 846 1575 1065 1616; x_wconf 85' lang='lat' dir='ltr'>exsisteret</span> <span class='ocrx_word' id='word_1_224' title='bbox 1092 1575 1310 1632; x_wconf 89' lang='lat' dir='ltr'>disciplina</span> <span class='ocrx_word' id='word_1_225' title='bbox 1331 1577 1339 1617; x_wconf 85' lang='lat'>!</span> <span class='ocrx_word' id='word_1_226' title='bbox 1374 1578 1504 1632; x_wconf 84' lang='lat' dir='ltr'>Perge</span> <span class='ocrx_word' id='word_1_227' title='bbox 1524 1592 1667 1632; x_wconf 88' lang='lat' dir='ltr'>porro.</span> 
     </span>
     <span class='ocr_line' id='line_1_32' title="bbox 232 1632 1667 1688; baseline 0.001 -15"><span class='ocrx_word' id='word_1_228' title='bbox 232 1641 461 1688; x_wconf 88' lang='lat' dir='ltr'>sequentur</span> <span class='ocrx_word' id='word_1_229' title='bbox 479 1632 607 1682; x_wconf 91' lang='lat' dir='ltr'>enim,</span> <span class='ocrx_word' id='word_1_230' title='bbox 629 1647 723 1687; x_wconf 86' lang='lat' dir='ltr'>quae</span> <span class='ocrx_word' id='word_1_231' title='bbox 752 1642 799 1673; x_wconf 81' lang='lat' dir='ltr'>tu</span> <span class='ocrx_word' id='word_1_232' title='bbox 828 1632 1101 1673; x_wconf 87' lang='lat' dir='ltr'>scientissime</span> <span class='ocrx_word' id='word_1_233' title='bbox 1131 1633 1377 1688; x_wconf 82' lang='lat' dir='ltr'>complexus</span> <span class='ocrx_word' id='word_1_234' title='bbox 1407 1649 1466 1684; x_wconf 89' lang='lat' dir='ltr'>es,</span> <span class='ocrx_word' id='word_1_235' title='bbox 1497 1648 1667 1675; x_wconf 87' lang='lat' dir='ltr'>omnem</span> 
     </span>
     <span class='ocr_line' id='line_1_33' title="bbox 229 1688 1668 1745; baseline 0.001 -16"><span class='ocrx_word' id='word_1_236' title='bbox 229 1689 527 1744; x_wconf 86' lang='lat' dir='ltr'>insipientiam,</span> <span class='ocrx_word' id='word_1_237' title='bbox 564 1699 605 1730; x_wconf 88' lang='lat' dir='ltr'>et</span> <span class='ocrx_word' id='word_1_238' title='bbox 639 1688 901 1745; x_wconf 86' lang='lat' dir='ltr'>injustitiam,</span> <span class='ocrx_word' id='word_1_239' title='bbox 935 1689 1015 1730; x_wconf 88' lang='lat' dir='ltr'>alia</span> <span class='ocrx_word' id='word_1_240' title='bbox 1051 1689 1149 1729; x_wconf 87' lang='lat' dir='ltr'>vitia</span> <span class='ocrx_word' id='word_1_241' title='bbox 1182 1690 1334 1731; x_wconf 88' lang='lat' dir='ltr'>similia</span> <span class='ocrx_word' id='word_1_242' title='bbox 1364 1705 1468 1741; x_wconf 91' lang='lat' dir='ltr'>esse,</span> <span class='ocrx_word' id='word_1_243' title='bbox 1503 1691 1668 1731; x_wconf 90' lang='lat' dir='ltr'>omnia-</span> 
     </span>
     <span class='ocr_line' id='line_1_34' title="bbox 229 1745 1666 1803; baseline 0.001 -17"><span class='ocrx_word' id='word_1_244' title='bbox 229 1760 311 1801; x_wconf 90' lang='lat' dir='ltr'>que</span> <span class='ocrx_word' id='word_1_245' title='bbox 331 1755 505 1801; x_wconf 89' lang='lat' dir='ltr'>peccata</span> <span class='ocrx_word' id='word_1_246' title='bbox 524 1760 614 1786; x_wconf 89' lang='lat' dir='ltr'>esse</span> <span class='ocrx_word' id='word_1_247' title='bbox 634 1745 763 1801; x_wconf 88' lang='lat' dir='ltr'>paria,</span> <span class='ocrx_word' id='word_1_248' title='bbox 791 1760 962 1801; x_wconf 92' lang='lat' dir='ltr'>eosque,</span> <span class='ocrx_word' id='word_1_249' title='bbox 994 1745 1066 1801; x_wconf 91' lang='lat' dir='ltr'>qui</span> <span class='ocrx_word' id='word_1_250' title='bbox 1093 1755 1254 1797; x_wconf 90' lang='lat' dir='ltr'>natura,</span> <span class='ocrx_word' id='word_1_251' title='bbox 1275 1746 1550 1803; x_wconf 85' lang='lat' dir='ltr'>doctrinaque</span> <span class='ocrx_word' id='word_1_252' title='bbox 1570 1747 1666 1788; x_wconf 90' lang='lat' dir='ltr'>lon-</span> 
     </span>
     <span class='ocr_line' id='line_1_35' title="bbox 228 1802 1667 1857; baseline 0.001 -15"><span class='ocrx_word' id='word_1_253' title='bbox 228 1816 284 1857; x_wconf 88' lang='lat' dir='ltr'>ge</span> <span class='ocrx_word' id='word_1_254' title='bbox 304 1802 356 1843; x_wconf 90' lang='lat' dir='ltr'>ad</span> <span class='ocrx_word' id='word_1_255' title='bbox 377 1802 571 1843; x_wconf 89' lang='lat' dir='ltr'>virtutem</span> <span class='ocrx_word' id='word_1_256' title='bbox 594 1802 906 1857; x_wconf 88' lang='lat' dir='ltr'>processissent,</span> <span class='ocrx_word' id='word_1_257' title='bbox 928 1803 1005 1843; x_wconf 90' lang='lat' dir='ltr'>nisi</span> <span class='ocrx_word' id='word_1_258' title='bbox 1025 1817 1117 1843; x_wconf 88' lang='lat' dir='ltr'>eam</span> <span class='ocrx_word' id='word_1_259' title='bbox 1133 1803 1255 1857; x_wconf 89' lang='lat' dir='ltr'>plene</span> <span class='ocrx_word' id='word_1_260' title='bbox 1275 1804 1490 1845; x_wconf 90' lang='lat' dir='ltr'>consecuti</span> <span class='ocrx_word' id='word_1_261' title='bbox 1512 1813 1667 1854; x_wconf 89' lang='lat' dir='ltr'>essent,</span> 
     </span>
     <span class='ocr_line' id='line_1_36' title="bbox 231 1859 1667 1916; baseline 0.003 -18"><span class='ocrx_word' id='word_1_262' title='bbox 231 1873 396 1899; x_wconf 88' lang='lat' dir='ltr'>summe</span> <span class='ocrx_word' id='word_1_263' title='bbox 429 1873 520 1900; x_wconf 90' lang='lat' dir='ltr'>esse</span> <span class='ocrx_word' id='word_1_264' title='bbox 556 1859 746 1909; x_wconf 89' lang='lat' dir='ltr'>miseros,</span> <span class='ocrx_word' id='word_1_265' title='bbox 780 1874 915 1915; x_wconf 91' lang='lat' dir='ltr'>neque</span> <span class='ocrx_word' id='word_1_266' title='bbox 944 1859 1052 1900; x_wconf 88' lang='lat' dir='ltr'>inter</span> <span class='ocrx_word' id='word_1_267' title='bbox 1081 1873 1228 1900; x_wconf 86' lang='lat' dir='ltr'>eorum</span> <span class='ocrx_word' id='word_1_268' title='bbox 1258 1860 1399 1910; x_wconf 84' lang='lat' dir='ltr'>vitam,</span> <span class='ocrx_word' id='word_1_269' title='bbox 1433 1869 1476 1901; x_wconf 90' lang='lat' dir='ltr'>et</span> <span class='ocrx_word' id='word_1_270' title='bbox 1504 1861 1667 1916; x_wconf 90' lang='lat' dir='ltr'>impro-</span> 
     </span>
     <span class='ocr_line' id='line_1_37' title="bbox 228 1915 1667 1972; baseline 0.002 -16"><span class='ocrx_word' id='word_1_271' title='bbox 228 1915 515 1967; x_wconf 88' lang='lat' dir='ltr'>bissimorum,</span> <span class='ocrx_word' id='word_1_272' title='bbox 549 1915 779 1972; x_wconf 92' lang='lat' dir='ltr'>quidquam</span> <span class='ocrx_word' id='word_1_273' title='bbox 815 1916 987 1957; x_wconf 88' lang='lat' dir='ltr'>omnino</span> <span class='ocrx_word' id='word_1_274' title='bbox 1018 1916 1242 1957; x_wconf 84' lang='lat' dir='ltr'>interesse:</span> <span class='ocrx_word' id='word_1_275' title='bbox 1275 1926 1322 1958; x_wconf 89' lang='lat' dir='ltr'>ut</span> <span class='ocrx_word' id='word_1_276' title='bbox 1358 1917 1492 1968; x_wconf 88' lang='lat' dir='ltr'>Plato,</span> <span class='ocrx_word' id='word_1_277' title='bbox 1523 1926 1667 1959; x_wconf 87' lang='lat' dir='ltr'>tantus</span> 
     </span>
     <span class='ocr_line' id='line_1_38' title="bbox 230 1971 1668 2030; baseline 0.002 -18"><span class='ocrx_word' id='word_1_278' title='bbox 230 1971 300 2012; x_wconf 91' lang='lat' dir='ltr'>ille</span> <span class='ocrx_word' id='word_1_279' title='bbox 338 1972 410 2022; x_wconf 83' lang='lat' dir='ltr'>vir,</span> <span class='ocrx_word' id='word_1_280' title='bbox 446 1973 480 2013; x_wconf 90' lang='lat' dir='ltr'>si</span> <span class='ocrx_word' id='word_1_281' title='bbox 515 1973 678 2028; x_wconf 88' lang='lat' dir='ltr'>sapiens</span> <span class='ocrx_word' id='word_1_282' title='bbox 711 1987 796 2013; x_wconf 90' lang='lat' dir='ltr'>non</span> <span class='ocrx_word' id='word_1_283' title='bbox 828 1972 966 2023; x_wconf 75' lang='lat' dir='ltr'>fuerit,</span> <span class='ocrx_word' id='word_1_284' title='bbox 997 1971 1129 2014; x_wconf 88' lang='lat' dir='ltr'>nihilo</span> <span class='ocrx_word' id='word_1_285' title='bbox 1168 1973 1332 2024; x_wconf 90' lang='lat' dir='ltr'>melius,</span> <span class='ocrx_word' id='word_1_286' title='bbox 1368 1989 1495 2029; x_wconf 89' lang='lat' dir='ltr'>quam</span> <span class='ocrx_word' id='word_1_287' title='bbox 1533 1973 1668 2030; x_wconf 89' lang='lat' dir='ltr'>quivis</span> 
     </span>
     <span class='ocr_line' id='line_1_39' title="bbox 230 2028 1666 2084; baseline 0.001 -15"><span class='ocrx_word' id='word_1_288' title='bbox 230 2028 582 2084; x_wconf 86' lang='lat' dir='ltr'>improbissimus,</span> <span class='ocrx_word' id='word_1_289' title='bbox 613 2043 691 2070; x_wconf 94' lang='lat' dir='ltr'>nec</span> <span class='ocrx_word' id='word_1_290' title='bbox 720 2029 885 2070; x_wconf 90' lang='lat' dir='ltr'>beatius</span> <span class='ocrx_word' id='word_1_291' title='bbox 914 2029 1072 2071; x_wconf 79' lang='lat' dir='ltr'>vixerit.</span> <span class='ocrx_word' id='word_1_292' title='bbox 1133 2031 1241 2071; x_wconf 88' lang='lat' dir='ltr'>Haec</span> <span class='ocrx_word' id='word_1_293' title='bbox 1269 2030 1462 2071; x_wconf 90' lang='lat' dir='ltr'>videlicet</span> <span class='ocrx_word' id='word_1_294' title='bbox 1491 2039 1555 2071; x_wconf 93' lang='lat' dir='ltr'>est</span> <span class='ocrx_word' id='word_1_295' title='bbox 1570 2044 1666 2071; x_wconf 91' lang='lat' dir='ltr'>cor-</span> 
     </span>
     <span class='ocr_line' id='line_1_40' title="bbox 230 2085 1665 2142; baseline 0.001 -16"><span class='ocrx_word' id='word_1_296' title='bbox 230 2086 362 2126; x_wconf 91' lang='lat' dir='ltr'>rectio</span> <span class='ocrx_word' id='word_1_297' title='bbox 392 2085 673 2141; x_wconf 80' lang='lat' dir='ltr'>philosophiae</span> <span class='ocrx_word' id='word_1_298' title='bbox 704 2086 866 2137; x_wconf 83' lang='lat' dir='ltr'>veteris,</span> <span class='ocrx_word' id='word_1_299' title='bbox 895 2096 938 2128; x_wconf 88' lang='lat' dir='ltr'>et</span> <span class='ocrx_word' id='word_1_300' title='bbox 969 2086 1223 2128; x_wconf 87' lang='lat' dir='ltr'>emendatio.</span> <span class='ocrx_word' id='word_1_301' title='bbox 1254 2102 1347 2142; x_wconf 86' lang='lat' dir='ltr'>quae</span> <span class='ocrx_word' id='word_1_302' title='bbox 1379 2087 1554 2127; x_wconf 92' lang='lat' dir='ltr'>omnino</span> <span class='ocrx_word' id='word_1_303' title='bbox 1575 2086 1665 2127; x_wconf 91' lang='lat' dir='ltr'>adi-</span> 
     </span>
     <span class='ocr_line' id='line_1_41' title="bbox 230 2141 1665 2198; baseline 0.001 -15"><span class='ocrx_word' id='word_1_304' title='bbox 230 2150 323 2183; x_wconf 89' lang='lat' dir='ltr'>tum</span> <span class='ocrx_word' id='word_1_305' title='bbox 346 2141 499 2183; x_wconf 91' lang='lat' dir='ltr'>habere</span> <span class='ocrx_word' id='word_1_306' title='bbox 521 2142 684 2183; x_wconf 89' lang='lat' dir='ltr'>nullum</span> <span class='ocrx_word' id='word_1_307' title='bbox 714 2151 856 2198; x_wconf 84' lang='lat' dir='ltr'>potest</span> <span class='ocrx_word' id='word_1_308' title='bbox 887 2143 928 2184; x_wconf 90' lang='lat' dir='ltr'>in</span> <span class='ocrx_word' id='word_1_309' title='bbox 960 2144 1121 2194; x_wconf 87' lang='lat' dir='ltr'>urbem,</span> <span class='ocrx_word' id='word_1_310' title='bbox 1154 2143 1195 2183; x_wconf 91' lang='lat' dir='ltr'>in</span> <span class='ocrx_word' id='word_1_311' title='bbox 1227 2143 1379 2194; x_wconf 84' lang='lat' dir='ltr'>forum,</span> <span class='ocrx_word' id='word_1_312' title='bbox 1416 2144 1458 2184; x_wconf 93' lang='lat' dir='ltr'>in</span> <span class='ocrx_word' id='word_1_313' title='bbox 1489 2143 1665 2185; x_wconf 85' lang='lat' dir='ltr'>curiam.</span> 
     </span>
     <span class='ocr_line' id='line_1_42' title="bbox 230 2199 1665 2256; baseline 0.001 -17"><span class='ocrx_word' id='word_1_314' title='bbox 230 2199 323 2254; x_wconf 90' lang='lat' dir='ltr'>quis</span> <span class='ocrx_word' id='word_1_315' title='bbox 345 2199 456 2239; x_wconf 90' lang='lat' dir='ltr'>enim</span> <span class='ocrx_word' id='word_1_316' title='bbox 480 2200 585 2240; x_wconf 87' lang='lat' dir='ltr'>ferre</span> <span class='ocrx_word' id='word_1_317' title='bbox 605 2209 748 2254; x_wconf 89' lang='lat' dir='ltr'>posset</span> <span class='ocrx_word' id='word_1_318' title='bbox 766 2200 825 2240; x_wconf 91' lang='lat' dir='ltr'>ita</span> <span class='ocrx_word' id='word_1_319' title='bbox 851 2201 1097 2256; x_wconf 88' lang='lat' dir='ltr'>loquentem</span> <span class='ocrx_word' id='word_1_320' title='bbox 1127 2215 1239 2249; x_wconf 88' lang='lat' dir='ltr'>eum,</span> <span class='ocrx_word' id='word_1_321' title='bbox 1270 2200 1341 2255; x_wconf 90' lang='lat' dir='ltr'>qui</span> <span class='ocrx_word' id='word_1_322' title='bbox 1376 2214 1419 2240; x_wconf 88' lang='lat' dir='ltr'>se</span> <span class='ocrx_word' id='word_1_323' title='bbox 1449 2210 1665 2241; x_wconf 86' lang='lat' dir='ltr'>auctorem</span> 
     </span>
     <span class='ocr_line' id='line_1_43' title="bbox 230 2255 1667 2312; baseline 0.002 -17"><span class='ocrx_word' id='word_1_324' title='bbox 230 2255 340 2306; x_wconf 86' lang='lat' dir='ltr'>vitae,</span> <span class='ocrx_word' id='word_1_325' title='bbox 370 2256 565 2311; x_wconf 81' lang='lat' dir='ltr'>graviter,</span> <span class='ocrx_word' id='word_1_326' title='bbox 602 2265 644 2296; x_wconf 86' lang='lat' dir='ltr'>et</span> <span class='ocrx_word' id='word_1_327' title='bbox 675 2256 883 2311; x_wconf 86' lang='lat' dir='ltr'>sapienter</span> <span class='ocrx_word' id='word_1_328' title='bbox 910 2257 1098 2312; x_wconf 83' lang='lat' dir='ltr'>agendae,</span> <span class='ocrx_word' id='word_1_329' title='bbox 1133 2257 1414 2312; x_wconf 88' lang='lat' dir='ltr'>profiteretur,</span> <span class='ocrx_word' id='word_1_330' title='bbox 1445 2257 1667 2298; x_wconf 75' lang='lat' dir='ltr'>4⁹nomina</span> 
     </span>
     <span class='ocr_line' id='line_1_44' title="bbox 230 2313 1666 2370; baseline 0.001 -18"><span class='ocrx_word' id='word_1_331' title='bbox 230 2326 369 2353; x_wconf 89' lang='lat' dir='ltr'>rerum</span> <span class='ocrx_word' id='word_1_332' title='bbox 391 2322 754 2354; x_wconf 84' lang='lat' dir='ltr'>commutantem:</span> <span class='ocrx_word' id='word_1_333' title='bbox 785 2328 968 2370; x_wconf 89' lang='lat' dir='ltr'>cumque</span> <span class='ocrx_word' id='word_1_334' title='bbox 998 2313 1110 2354; x_wconf 91' lang='lat' dir='ltr'>idem</span> <span class='ocrx_word' id='word_1_335' title='bbox 1143 2314 1328 2364; x_wconf 90' lang='lat' dir='ltr'>sentiret,</span> <span class='ocrx_word' id='word_1_336' title='bbox 1359 2314 1475 2369; x_wconf 91' lang='lat' dir='ltr'>quod</span> <span class='ocrx_word' id='word_1_337' title='bbox 1504 2327 1666 2364; x_wconf 91' lang='lat' dir='ltr'>omnes,</span> 
     </span>
     <span class='ocr_line' id='line_1_45' title="bbox 231 2369 1667 2425; baseline 0.001 -16"><span class='ocrx_word' id='word_1_338' title='bbox 231 2369 382 2423; x_wconf 86' lang='lat' dir='ltr'>quibus</span> <span class='ocrx_word' id='word_1_339' title='bbox 417 2370 540 2410; x_wconf 88' lang='lat' dir='ltr'>rebus</span> <span class='ocrx_word' id='word_1_340' title='bbox 573 2370 750 2411; x_wconf 88' lang='lat' dir='ltr'>eandem</span> <span class='ocrx_word' id='word_1_341' title='bbox 771 2370 854 2410; x_wconf 89' lang='lat' dir='ltr'>vim</span> <span class='ocrx_word' id='word_1_342' title='bbox 883 2370 1099 2421; x_wconf 80' lang='lat' dir='ltr'>tribueret,</span> <span class='ocrx_word' id='word_1_343' title='bbox 1129 2370 1210 2411; x_wconf 86' lang='lat' dir='ltr'>alia</span> <span class='ocrx_word' id='word_1_344' title='bbox 1243 2371 1415 2410; x_wconf 90' lang='lat' dir='ltr'>nomina</span> <span class='ocrx_word' id='word_1_345' title='bbox 1447 2371 1667 2425; x_wconf 88' lang='lat' dir='ltr'>imponen-</span> 
     </span>
     <span class='ocr_line' id='line_1_46' title="bbox 230 2426 1666 2482; baseline 0.001 -17"><span class='ocrx_word' id='word_1_346' title='bbox 230 2434 332 2476; x_wconf 85' lang='lat' dir='ltr'>tem,</span> <span class='ocrx_word' id='word_1_347' title='bbox 382 2427 506 2466; x_wconf 88' lang='lat' dir='ltr'>verba</span> <span class='ocrx_word' id='word_1_348' title='bbox 554 2426 684 2467; x_wconf 85' lang='lat' dir='ltr'>modo</span> <span class='ocrx_word' id='word_1_349' title='bbox 733 2435 982 2478; x_wconf 87' lang='lat' dir='ltr'>mutantem,</span> <span class='ocrx_word' id='word_1_350' title='bbox 1029 2427 1082 2467; x_wconf 91' lang='lat' dir='ltr'>de</span> <span class='ocrx_word' id='word_1_351' title='bbox 1128 2427 1398 2482; x_wconf 90' lang='lat' dir='ltr'>opinionibus</span> <span class='ocrx_word' id='word_1_352' title='bbox 1446 2427 1551 2468; x_wconf 90' lang='lat' dir='ltr'>nihil</span> <span class='ocrx_word' id='word_1_353' title='bbox 1591 2427 1666 2467; x_wconf 94' lang='lat' dir='ltr'>de-</span> 
     </span>
     <span class='ocr_line' id='line_1_47' title="bbox 231 2482 1666 2539; baseline 0.002 -17"><span class='ocrx_word' id='word_1_354' title='bbox 231 2482 500 2523; x_wconf 87' lang='lat' dir='ltr'>trahentem?</span> <span class='ocrx_word' id='word_1_355' title='bbox 536 2484 796 2524; x_wconf 88' lang='lat' dir='ltr'>Patronusne</span> <span class='ocrx_word' id='word_1_356' title='bbox 825 2496 978 2534; x_wconf 87' lang='lat' dir='ltr'>causae,</span> <span class='ocrx_word' id='word_1_357' title='bbox 1004 2483 1046 2524; x_wconf 91' lang='lat' dir='ltr'>in</span> <span class='ocrx_word' id='word_1_358' title='bbox 1077 2484 1248 2539; x_wconf 84' lang='lat' dir='ltr'>epilogo</span> <span class='ocrx_word' id='word_1_359' title='bbox 1282 2498 1357 2539; x_wconf 86' lang='lat' dir='ltr'>pro</span> <span class='ocrx_word' id='word_1_360' title='bbox 1399 2498 1469 2525; x_wconf 88' lang='lat' dir='ltr'>reo</span> <span class='ocrx_word' id='word_1_361' title='bbox 1507 2483 1666 2533; x_wconf 87' lang='lat' dir='ltr'>dicens,</span> 
     </span>
     <span class='ocr_line' id='line_1_48' title="bbox 230 2539 1665 2595; baseline 0.001 -16"><span class='ocrx_word' id='word_1_362' title='bbox 230 2549 404 2594; x_wconf 84' lang='lat' dir='ltr'>negaret</span> <span class='ocrx_word' id='word_1_363' title='bbox 425 2554 516 2580; x_wconf 82' lang='lat' dir='ltr'>esse</span> <span class='ocrx_word' id='word_1_364' title='bbox 537 2539 697 2580; x_wconf 84' lang='lat' dir='ltr'>malum</span> <span class='ocrx_word' id='word_1_365' title='bbox 718 2539 926 2591; x_wconf 84' lang='lat' dir='ltr'>exsilium,</span> <span class='ocrx_word' id='word_1_366' title='bbox 946 2539 1278 2595; x_wconf 83' lang='lat' dir='ltr'>publicationem</span> <span class='ocrx_word' id='word_1_367' title='bbox 1301 2541 1539 2582; x_wconf 82' lang='lat' dir='ltr'>bonorum?</span> <span class='ocrx_word' id='word_1_368' title='bbox 1573 2540 1665 2582; x_wconf 87' lang='lat' dir='ltr'>haec</span> 
     </span>
    </p>
   </div>
   <div class='ocr_carea' id='block_1_8' title="bbox 227 2674 1208 2714">
    <p class='ocr_par' dir='ltr' id='par_1_8' title="bbox 227 2674 1208 2714">
     <span class='ocr_line' id='line_1_49' title="bbox 227 2674 1208 2714; baseline 0.002 -11"><span class='ocrx_word' id='word_1_369' title='bbox 227 2674 280 2703; x_wconf 89' lang='lat' dir='ltr'>bet</span> <span class='ocrx_word' id='word_1_370' title='bbox 302 2674 408 2714; x_wconf 85' lang='lat' dir='ltr'>priori,</span> <span class='ocrx_word' id='word_1_371' title='bbox 433 2676 464 2704; x_wconf 81' lang='lat' dir='ltr'>in</span> <span class='ocrx_word' id='word_1_372' title='bbox 489 2684 551 2713; x_wconf 82' lang='lat' dir='ltr'>qua</span> <span class='ocrx_word' id='word_1_373' title='bbox 567 2682 612 2705; x_wconf 77' lang='lat' dir='ltr'>est</span> <span class='ocrx_word' id='word_1_374' title='bbox 629 2682 754 2705; x_wconf 89' lang='lat' dir='ltr'>tantum</span> <span class='ocrx_word' id='word_1_375' title='bbox 771 2687 818 2705; x_wconf 88' lang='lat' dir='ltr'>an.</span> <span class='ocrx_word' id='word_1_376' title='bbox 840 2687 922 2704; x_wconf 82' lang='lat' dir='ltr'>cum:</span> <span class='ocrx_word' id='word_1_377' title='bbox 968 2682 1014 2705; x_wconf 85' lang='lat' dir='ltr'>est</span> <span class='ocrx_word' id='word_1_378' title='bbox 1029 2676 1114 2706; x_wconf 77' lang='lat' dir='ltr'>male</span> <span class='ocrx_word' id='word_1_379' title='bbox 1129 2682 1208 2706; x_wconf 78' lang='lat' dir='ltr'>sunt.</span> 
     </span>
    </p>
   </div>
   <div class='ocr_carea' id='block_1_9' title="bbox 226 2717 1666 2844">
    <p class='ocr_par' dir='ltr' id='par_1_9' title="bbox 226 2717 1666 2844">
     <span class='ocr_line' id='line_1_50' title="bbox 227 2717 1665 2759; baseline 0.001 -12"><span class='ocrx_word' id='word_1_380' title='bbox 227 2718 349 2747; x_wconf 85' lang='lat' dir='ltr'>videtur</span> <span class='ocrx_word' id='word_1_381' title='bbox 366 2718 460 2748; x_wconf 82' lang='lat' dir='ltr'>fuisse</span> <span class='ocrx_word' id='word_1_382' title='bbox 476 2729 513 2746; x_wconf 84' lang='lat' dir='ltr'>an</span> <span class='ocrx_word' id='word_1_383' title='bbox 527 2729 621 2759; x_wconf 84' lang='lat' dir='ltr'>quom,</span> <span class='ocrx_word' id='word_1_384' title='bbox 638 2718 688 2748; x_wconf 86' lang='lat' dir='ltr'>vel</span> <span class='ocrx_word' id='word_1_385' title='bbox 704 2729 743 2747; x_wconf 82' lang='lat' dir='ltr'>an</span> <span class='ocrx_word' id='word_1_386' title='bbox 758 2719 902 2759; x_wconf 82' lang='lat' dir='ltr'>quoniam.</span> <span class='ocrx_word' id='word_1_387' title='bbox 1012 2726 1052 2751; x_wconf 77' lang='lat'>49</span> <span class='ocrx_word' id='word_1_388' title='bbox 1075 2719 1188 2748; x_wconf 80' lang='lat' dir='ltr'>nomina</span> <span class='ocrx_word' id='word_1_389' title='bbox 1212 2730 1306 2748; x_wconf 82' lang='lat' dir='ltr'>rerum</span> <span class='ocrx_word' id='word_1_390' title='bbox 1333 2717 1563 2757; x_wconf 82' lang='lat' dir='ltr'>commutantem]</span> <span class='ocrx_word' id='word_1_391' title='bbox 1592 2720 1665 2750; x_wconf 84' lang='lat' dir='ltr'>Hoc</span> 
     </span>
     <span class='ocr_line' id='line_1_51' title="bbox 271 2759 1666 2801; baseline 0.003 -13"><span class='ocrx_word' id='word_1_392' title='bbox 271 2766 307 2794; x_wconf 85' lang='lat'>47</span> <span class='ocrx_word' id='word_1_393' title='bbox 333 2771 422 2801; x_wconf 81' lang='lat' dir='ltr'>neque</span> <span class='ocrx_word' id='word_1_394' title='bbox 444 2761 519 2789; x_wconf 83' lang='lat' dir='ltr'>enim</span> <span class='ocrx_word' id='word_1_395' title='bbox 543 2772 604 2789; x_wconf 80' lang='lat' dir='ltr'>eam</span> <span class='ocrx_word' id='word_1_396' title='bbox 628 2759 759 2801; x_wconf 84' lang='lat' dir='ltr'>causam]</span> <span class='ocrx_word' id='word_1_397' title='bbox 779 2761 852 2790; x_wconf 83' lang='lat' dir='ltr'>enim</span> <span class='ocrx_word' id='word_1_398' title='bbox 868 2762 923 2792; x_wconf 80' lang='lat' dir='ltr'>ab·</span> <span class='ocrx_word' id='word_1_399' title='bbox 966 2761 1039 2791; x_wconf 88' lang='lat' dir='ltr'>alibi</span> <span class='ocrx_word' id='word_1_400' title='bbox 1057 2769 1086 2791; x_wconf 91' lang='lat' dir='ltr'>et</span> <span class='ocrx_word' id='word_1_401' title='bbox 1103 2768 1171 2801; x_wconf 79' lang='lat' dir='ltr'>post</span> <span class='ocrx_word' id='word_1_402' title='bbox 1186 2763 1264 2792; x_wconf 82' lang='lat' dir='ltr'>dixit</span> <span class='ocrx_word' id='word_1_403' title='bbox 1280 2762 1408 2792; x_wconf 85' lang='lat' dir='ltr'>Cicero:</span> <span class='ocrx_word' id='word_1_404' title='bbox 1431 2763 1485 2793; x_wconf 83' lang='lat' dir='ltr'>sed</span> <span class='ocrx_word' id='word_1_405' title='bbox 1504 2763 1536 2792; x_wconf 87' lang='lat' dir='ltr'>h.</span> <span class='ocrx_word' id='word_1_406' title='bbox 1551 2762 1571 2792; x_wconf 94' lang='lat' dir='ltr'>l.</span> <span class='ocrx_word' id='word_1_407' title='bbox 1589 2772 1666 2793; x_wconf 83' lang='lat' dir='ltr'>sane</span> 
     </span>
     <span class='ocr_line' id='line_1_52' title="bbox 226 2804 1665 2844; baseline 0.001 -11"><span class='ocrx_word' id='word_1_408' title='bbox 226 2810 272 2833; x_wconf 87' lang='lat' dir='ltr'>est</span> <span class='ocrx_word' id='word_1_409' title='bbox 288 2804 356 2833; x_wconf 85' lang='lat' dir='ltr'>edd.</span> <span class='ocrx_word' id='word_1_410' title='bbox 374 2814 418 2843; x_wconf 88' lang='lat' dir='ltr'>pr.</span> <span class='ocrx_word' id='word_1_411' title='bbox 437 2805 562 2834; x_wconf 84' lang='lat' dir='ltr'>rectius.</span> <span class='ocrx_word' id='word_1_412' title='bbox 578 2804 690 2834; x_wconf 83' lang='lat' dir='ltr'>delevi.</span> <span class='ocrx_word' id='word_1_413' title='bbox 967 2815 1080 2844; x_wconf 80' lang='lat' dir='ltr'>parum</span> <span class='ocrx_word' id='word_1_414' title='bbox 1103 2812 1215 2844; x_wconf 78' lang='lat' dir='ltr'>aptum</span> <span class='ocrx_word' id='word_1_415' title='bbox 1239 2812 1294 2835; x_wconf 72' lang='lat' dir='ltr'>est.</span> <span class='ocrx_word' id='word_1_416' title='bbox 1312 2807 1417 2844; x_wconf 82' lang='lat' dir='ltr'>itaque</span> <span class='ocrx_word' id='word_1_417' title='bbox 1429 2806 1498 2844; x_wconf 86' lang='lat' dir='ltr'>jam</span> <span class='ocrx_word' id='word_1_418' title='bbox 1517 2806 1665 2836; x_wconf 86' lang='lat' dir='ltr'>Manutio</span> 
     </span>
    </p>
   </div>
   <div class='ocr_carea' id='block_1_10' title="bbox 271 2845 1493 2889">
    <p class='ocr_par' dir='ltr' id='par_1_10' title="bbox 271 2845 1493 2889">
     <span class='ocr_line' id='line_1_53' title="bbox 271 2845 1493 2889; baseline 0.002 -13"><span class='ocrx_word' id='word_1_419' title='bbox 271 2854 309 2877; x_wconf 80' lang='lat'>48</span> <span class='ocrx_word' id='word_1_420' title='bbox 334 2853 407 2884; x_wconf 87' lang='lat' dir='ltr'>tum,</span> <span class='ocrx_word' id='word_1_421' title='bbox 432 2858 499 2877; x_wconf 74' lang='lat' dir='ltr'>vcum</span> <span class='ocrx_word' id='word_1_422' title='bbox 527 2846 584 2876; x_wconf 81' lang='lat' dir='ltr'>sint</span> <span class='ocrx_word' id='word_1_423' title='bbox 615 2845 787 2888; x_wconf 78' lang='lat' dir='ltr'>beatissimi]</span> <span class='ocrx_word' id='word_1_424' title='bbox 815 2846 922 2887; x_wconf 85' lang='lat' dir='ltr'>Vulgo</span> <span class='ocrx_word' id='word_1_425' title='bbox 965 2849 1004 2879; x_wconf 91' lang='lat' dir='ltr'>de</span> <span class='ocrx_word' id='word_1_426' title='bbox 1021 2848 1208 2889; x_wconf 83' lang='lat' dir='ltr'>glossemate</span> <span class='ocrx_word' id='word_1_427' title='bbox 1224 2856 1408 2889; x_wconf 75' lang='lat' dir='ltr'>suspectum</span> <span class='ocrx_word' id='word_1_428' title='bbox 1425 2849 1493 2880; x_wconf 83' lang='lat' dir='ltr'>fuit.</span> 
     </span>
    </p>
   </div>
  </div>
 </body>
</html>
