1768 3095
258 94 334 133 166
545 94 617 133 DE
645 95 802 134 FINIB.
829 92 1030 134 BONOR.
1058 95 1126 132 ET
1153 94 1361 133 MALOR.

253 200 353 243 ferri
371 216 519 244 omnes
546 210 709 244 nostras
738 203 1050 260 cogitationes:
1081 204 1124 245 in
1144 203 1208 245 his
1229 210 1272 244 et
1291 216 1507 243 excessum
1538 216 1564 243 e
1589 202 1689 254 vita,

254 264 298 298 et
327 258 371 299 in
402 259 486 300 vita
516 259 793 301 mansionem.
824 261 865 301 in
896 276 981 316 quo
1011 261 1121 302 enim
1153 259 1275 315 plura
1295 267 1407 309 sunt,
1427 273 1521 314 quae
1541 273 1691 301 secun-

254 313 357 356 dum
378 324 570 357 naturam
589 325 700 367 sunt,
721 316 847 373 hujus
867 317 1051 358 officium
1073 326 1136 358 est
1157 319 1199 358 in
1220 317 1301 357 vita
1317 329 1511 356 manere:
1541 315 1584 356 in
1604 330 1691 371 quo

254 379 398 413 autem
417 381 490 414 aut
510 381 608 414 sunt
625 373 747 429 plura
776 374 998 425 contraria,
1018 383 1093 415 aut
1112 374 1200 414 fore
1227 372 1432 422 videntur,
1454 371 1580 427 hujus
1599 372 1693 414 offi-

254 429 368 469 cium
397 438 476 479 est,
505 444 528 470 e
559 430 643 470 vita
675 431 888 471 excedere.
921 445 944 471 e
975 445 1059 486 quo
1092 437 1278 485 apparet,
1300 438 1343 470 et
1372 427 1570 483 sapientis
1599 442 1695 470 esse

254 485 481 541 aliquando
502 486 703 536 officium,
723 486 925 527 excedere
946 500 970 526 e
991 487 1088 536 vita,
1107 500 1205 527 cum
1227 486 1376 527 beatus
1398 485 1452 525 sit
1469 502 1478 525 ε
1510 493 1554 526 et
1574 483 1692 526 stulti

191 549 239 587 61
255 556 425 583 manere
443 543 484 583 in
499 543 598 593 vita,
617 557 714 583 cum
738 543 792 583 sit
807 543 947 583 miser.
1006 544 1121 583 Nam
1138 542 1294 583 bonum
1317 541 1436 590 illud,
1454 550 1497 582 et
1516 541 1693 593 malum,

285 598 372 640 uod
391 613 502 654 saepe
517 598 608 655 jam
629 599 791 640 dictum
813 606 890 648 est,
912 608 1059 654 postea
1078 599 1362 654 consequitur.
1394 598 1530 653 prima
1548 606 1692 640 autem

254 613 327 695 illa
357 665 532 706 naturae,
563 656 646 697 sive
683 655 880 705 secunda,
914 654 996 695 sive
1026 655 1248 704 contraria,
1279 655 1358 696 sub
1382 654 1593 711 judicium
1625 670 1693 696 sa-

125 731 157 763 p.
173 728 243 753 103.
255 712 423 768 pientis,
444 719 487 753 et
506 711 717 752 delectum
736 711 895 752 cadunt
915 728 924 752 z
954 720 1102 767 estque
1121 711 1193 752 illa
1211 711 1402 766 subjecta
1420 711 1538 766 quasi
1557 720 1695 752 mate-

217 769 317 810 ³·ria
350 768 577 823 sapientiae.
608 768 751 824 itaque
782 775 824 809 et
853 768 1051 809 manendi
1077 768 1119 808 in
1148 768 1233 809 vita
1260 776 1304 809 et
1330 766 1542 822 migrandi
1571 768 1695 819 ratio,

255 825 453 866 omnibus
475 825 524 866 iis
546 825 686 875 rebus,
705 840 808 881 quas
829 839 955 880 supra
973 825 1072 876 dixi,
1092 824 1317 866 metienda.
1349 839 1446 865 nam
1473 837 1609 879 neque
1628 824 1694 876 iis,

254 882 327 938 qui
347 882 499 922 virtute
519 881 753 923 retinentur
772 882 815 922 in
836 882 933 933 vita,
954 896 1091 938 neque
1111 882 1175 932 iis,
1196 881 1268 937 qui
1289 882 1378 922 sine
1402 880 1553 921 virtute
1581 890 1694 932 sunt,

251 953 368 979 mors
397 947 461 978 est
487 938 742 994 oppetenda.
767 947 799 971 11
821 948 864 979 at
884 952 995 995 saepe
1016 937 1200 979 officium
1222 946 1286 979 est
1306 937 1518 993 sapientis,
1539 937 1695 979 descis-

254 1009 348 1036 cere
368 1009 393 1035 a
411 994 509 1046 vita,
528 1009 627 1036 cum
658 995 712 1036 sit
744 995 1026 1046 beatissimus,
1049 995 1081 1035 si
1106 994 1149 1036 id
1169 1002 1406 1050 opportune
1426 993 1564 1035 facere
1593 1008 1695 1049 pos-

252 1051 308 1092 sit
325 1067 337 1102 ;
369 1050 485 1108 quod
504 1059 568 1092 est
588 1052 883 1093 convenienter
909 1061 1069 1094 naturae
1098 1052 1244 1093 vivere.
1276 1051 1334 1092 sic
1364 1050 1475 1092 enim
1506 1060 1694 1102 censent,

252 1107 584 1163 opportunitatis
617 1122 709 1149 esse
737 1109 859 1149 beate
887 1109 1033 1150 vivere.
1065 1108 1207 1163 itaque
1226 1122 1250 1148 a
1270 1108 1474 1162 sapientia
1502 1108 1696 1163 praecipi-

250 1172 336 1215 tur,
371 1172 467 1205 12se
500 1164 649 1219 ipsam,
686 1166 721 1205 si
750 1180 851 1206 usus
883 1166 951 1215 sit,
980 1165 1143 1220 sapiens
1173 1173 1222 1204 ut
1250 1164 1470 1219 relinquat.
1529 1165 1693 1220 Quam-

250 1221 396 1262 obrem
420 1235 518 1262 cum
540 1221 737 1262 vitiorum
757 1221 838 1262 ista
856 1222 916 1262 vis
937 1236 1021 1262 non
1041 1221 1110 1270 sit,
1127 1229 1176 1262 ut
1194 1235 1364 1262 causam
1384 1221 1558 1261 afferant
1578 1234 1695 1262 mor-

251 1277 306 1319 tis
327 1277 601 1318 voluntariae:
633 1278 904 1333 perspicuum
933 1286 1011 1328 est,
1036 1277 1163 1317 etiam
1196 1276 1438 1327 stultorum,
1468 1277 1541 1332 qui
1565 1276 1692 1318 iidem

249 1333 393 1375 miseri
422 1333 520 1384 sint,
541 1333 728 1375 officium
760 1348 871 1385 esse,>
884 1347 1053 1375 manere
1083 1334 1126 1374 in
1154 1333 1252 1384 vita,
1282 1333 1316 1374 si
1347 1333 1431 1374 sint
1458 1333 1501 1373 in
1531 1333 1695 1390 majore

250 1399 371 1444 parte
402 1404 548 1431 earum
578 1405 735 1442 rerum,
758 1406 861 1446 quas
892 1389 1124 1436 secundum
1158 1398 1351 1431 naturam
1380 1404 1470 1430 esse
1499 1389 1695 1432 dicimus.

250 1447 307 1488 Et
326 1446 526 1502 quoniam
548 1446 754 1488 excedens
775 1463 799 1488 e
817 1447 916 1498 vita‚'v
935 1456 978 1488 et
998 1460 1186 1497 manens,
1208 1461 1327 1502 aeque
1348 1446 1473 1487 miser
1491 1455 1556 1487 est
1575 1463 1585 1488 ε
1617 1462 1694 1489 nec

248 1502 502 1544 diuturnitas
525 1504 664 1560 magis
696 1504 734 1544 ei
761 1505 886 1545 vitam
919 1503 1165 1559 fugiendam
1196 1504 1325 1544 facit:
1354 1517 1439 1543 non
1460 1503 1548 1544 sine
1568 1517 1696 1545 causa

248 1559 418 1611 dicitur,
439 1560 503 1610 iis,
526 1560 598 1617 qui
618 1560 812 1615 pluribus
843 1560 1104 1601 naturalibus
1124 1560 1206 1601 frui
1225 1559 1402 1615 possint,
1421 1573 1512 1601 esse
1540 1559 1582 1600 in
1610 1560 1696 1602 vita

251 1615 524 1657 manendum.
580 1633 583 1636 ’

171 1677 241 1731 19
309 1672 520 1713 Pertinere
539 1681 682 1714 autem
717 1672 771 1713 ad
800 1687 888 1713 rem
917 1673 1186 1724 arbitrantur,
1207 1672 1387 1727 intelligi
1417 1681 1567 1714 natura
1591 1673 1695 1726 fieri,

188 1746 240 1785 62
251 1736 298 1769 ut
332 1728 453 1770 liberi
486 1744 511 1769 a
542 1730 786 1785 parentibus
818 1737 1041 1771 amentur:
1078 1738 1154 1770 lssa
1187 1744 1272 1785 quo
1305 1729 1424 1773 initio
1455 1730 1693 1785 profectam

250 1799 523 1826 communem
555 1785 732 1826 humani
761 1786 927 1841 generis
960 1787 1205 1842 societatem
1234 1786 1542 1841 persequimur.
1576 1787 1695 1843 quod

248 1842 435 1897 primum
457 1842 641 1898 intelligi
662 1842 802 1893 debet,
827 1843 976 1898 figura,
997 1842 1283 1898 membrisque
1308 1856 1536 1897 corporum
1553 1859 1565 1894 3
1597 1858 1694 1900 quae

248 1898 341 1953 ipsa
373 1898 589 1940 declarant
620 1899 869 1954 procreandi
901 1914 926 1940 a
956 1908 1105 1941 natura
1134 1899 1322 1940 habitam
1351 1914 1443 1940 esse
1469 1900 1692 1942 rationem.

248 1955 406 2011 Neque
424 1969 521 1997 vero
541 1955 633 1997 haec
659 1956 815 1996 14inter
849 1970 894 1996 se
927 1970 1165 2012 congruere
1195 1964 1380 2011 possent,
1403 1965 1450 1997 ut
1480 1966 1628 1998 natura
1651 1965 1696 1999 et

247 2012 461 2066 procreari
495 2012 635 2064 vellet,
672 2022 714 2053 et
749 2012 871 2068 diligi
909 2023 1154 2068 procreatos
1190 2027 1275 2053 non
1309 2022 1488 2053 curaret.
1547 2013 1697 2070 Atque

248 2068 379 2109 etiam
405 2068 447 2109 in
475 2068 622 2110 bestiis
652 2070 711 2110 vis
741 2078 901 2110 naturae
934 2069 1082 2125 inspici
1112 2078 1281 2125 potest:
1310 2083 1488 2124 quarum
1509 2069 1551 2110 in
1573 2070 1695 2122 faetu‚

247 2131 292 2165 et
322 2124 366 2165 in
398 2125 650 2167 educatione
682 2125 870 2167 laborem
902 2140 1001 2167 cum
1032 2127 1258 2176 cernimus,
1279 2134 1440 2166 naturae
1469 2126 1599 2181 ipsius
1619 2142 1693 2169 vo—

249 2194 343 2222 cem
364 2181 553 2222 videmur
575 2182 733 2223 audire.
793 2183 938 2224 Quare
967 2192 1015 2224 ut
1043 2182 1314 2239 perspicuum
1336 2192 1415 2233 est,
1437 2192 1585 2224 natura
1615 2199 1694 2226 nos

249 2251 275 2278 a
306 2237 456 2280 dolore
486 2238 738 2280 abhorrere:
771 2239 829 2280 sic
863 2248 1049 2295 apparet,
1071 2254 1096 2280 a
1115 2246 1263 2279 natura
1282 2238 1386 2293 ipsa,
1407 2248 1455 2280 ut
1473 2254 1561 2292 eos,
1583 2255 1692 2297 quos

186 2298 236 2336 63
249 2295 538 2351 genuerimus,
566 2310 774 2347 amemus,
804 2296 982 2352 impelli.
1041 2298 1105 2337 Ex
1136 2294 1219 2337 hoc
1254 2296 1453 2348 nascitur,
1481 2306 1531 2338 ut
1562 2298 1692 2339 etiam

207 2352 239 2382 b.

294 2442 329 2465 11
359 2442 392 2465 at
417 2442 493 2476 saepe
520 2436 641 2477 officium
663 2437 716 2476 est]
746 2438 824 2468 Edd.
852 2438 949 2478 vulgo
993 2444 1023 2468 et
1037 2438 1112 2477 quia
1128 2445 1201 2468 ante
1217 2445 1262 2468 est
1277 2438 1461 2469 arbitrantur
1476 2440 1612 2480 corrigit,
1623 2447 1697 2481 per-

248 2478 369 2511 habent
390 2484 434 2509 ut.
455 2481 543 2518 quod
564 2488 611 2512 est
626 2482 660 2511 h.
677 2481 699 2511 l.
715 2481 869 2511 alienum.
885 2488 918 2510 ar
933 2491 950 2511 e
993 2487 1162 2522 sequuntur.
1207 2481 1273 2521 Ego
1303 2482 1417 2512 malim
1447 2484 1600 2522 corrigere
1624 2490 1693 2524 pro-

249 2521 330 2552 Mss.
347 2522 431 2551 dedit
446 2523 607 2554 Davisius.
981 2523 1075 2563 freti,
1090 2531 1124 2553 ut
1133 2524 1336 2566 persequimur
1351 2527 1568 2556 communiter
1578 2528 1618 2558 ad
1633 2528 1693 2558 ho-

295 2572 332 2594 12
346 2575 374 2593 se
384 2564 554 2603 ipsam—ut
569 2565 728 2607 relinquat]
743 2567 794 2596 An
807 2566 946 2605 seipsum:
992 2567 1094 2596 mines
1111 2568 1270 2598 referatur.
1292 2578 1369 2598 nam
1386 2575 1415 2598 et
1431 2569 1539 2608 paullo
1562 2577 1633 2609 post
1646 2571 1694 2601 di-

249 2616 327 2638 nam
342 2617 376 2637 se
391 2608 498 2646 ipsum
515 2608 663 2648 relinquit
677 2609 730 2648 qui
750 2611 894 2639 moritur.
917 2616 948 2639 at

249 2649 421 2689 sapientiam
451 2650 612 2692 relinquere
637 2653 799 2691 quomodo
825 2653 948 2692 sapiens

248 2693 310 2723 dici
326 2699 437 2732 potest.
453 2703 508 2733 pro
523 2694 548 2723 si
562 2695 734 2734 ususfuerit
749 2696 819 2725 edd.
833 2705 878 2735 pr.
893 2697 949 2726 ha-

250 2737 340 2774 bent,
357 2736 381 2765 si
387 2736 520 2776 jusserit.

294 2785 331 2809 13
346 2791 367 2808 a
391 2790 447 2820 quo
470 2778 554 2808 initio
572 2779 735 2818 preffectam
759 2779 948 2809 c.—-societa-

249 2828 306 2855 em
314 2821 530 2864 persequimur]
541 2822 689 2853 Davisius
705 2832 721 2853 e
737 2822 801 2854 Ms.
815 2822 947 2860 Eliensi‚

991 2610 1033 2639 cit
1058 2610 1102 2639 sic
1118 2622 1125 2639 :
1159 2621 1257 2640 vocem
1287 2611 1376 2650 ipsius
1405 2619 1518 2641 naturae
1555 2613 1691 2644 videmur

991 2652 1113 2691 audire;
1137 2659 1167 2683 et
1183 2654 1217 2684 L.
1235 2654 1290 2691 IV,
1309 2660 1337 2689 7.
1355 2655 1438 2684 idem
1451 2662 1519 2686 est:
1544 2663 1632 2697 atque
1653 2656 1691 2687 ab

992 2695 1035 2724 bis
1049 2695 1143 2725 initiis
1158 2697 1285 2736 pnffecti
1298 2697 1422 2726 omnium
1437 2697 1584 2728 virtutum
1599 2700 1689 2739 origi-

991 2749 1054 2767 nem
1071 2740 1130 2769 &c.
1143 2739 1287 2779 persecuti
1302 2747 1378 2770 sunt.

1037 2788 1073 2812 14
1091 2782 1167 2811 inter
1180 2793 1207 2811 se
1221 2793 1374 2822 congruere
1390 2782 1518 2824 possent]
1545 2784 1597 2814 Sic
1619 2784 1690 2822 cdd.

991 2833 1037 2865 pr.
1050 2825 1237 2857 recentiores
1246 2826 1367 2866 possint.
