<?xml version="1.0" encoding="UTF-8"?>
<!DOCTYPE html PUBLIC "-//W3C//DTD XHTML 1.0 Transitional//EN"
    "http://www.w3.org/TR/xhtml1/DTD/xhtml1-transitional.dtd">
<html xmlns="http://www.w3.org/1999/xhtml" xml:lang="en" lang="en">
 <head>
  <title>
</title>
<meta http-equiv="Content-Type" content="text/html;charset=utf-8" />
  <meta name='ocr-system' content='tesseract 3.04.00' />
  <meta name='ocr-capabilities' content='ocr_page ocr_carea ocr_par ocr_line ocrx_word'/>
</head>
<body>
  <div class='ocr_page' id='page_1' title='image "./p1operaomnia04ciceuoft_0010.png"; bbox 0 0 1732 3105; ppageno 0'>
   <div class='ocr_carea' id='block_1_1' title="bbox 198 98 1123 148">
    <p class='ocr_par' dir='ltr' id='par_1_1' title="bbox 198 98 1123 148">
     <span class='ocr_line' id='line_1_1' title="bbox 198 98 1123 148; baseline -0.009 0"><span class='ocrx_word' id='word_1_1' title='bbox 198 115 224 148; x_wconf 75' lang='lat'>2</span> <span class='ocrx_word' id='word_1_2' title='bbox 716 98 1123 143; x_wconf 90' lang='lat' dir='ltr'><strong>PRAEFATIO.</strong></span> 
     </span>
    </p>
   </div>
   <div class='ocr_carea' id='block_1_2' title="bbox 195 211 1638 1288">
    <p class='ocr_par' dir='ltr' id='par_1_2' title="bbox 195 211 1638 1288">
     <span class='ocr_line' id='line_1_2' title="bbox 197 211 1636 272; baseline 0 -14"><span class='ocrx_word' id='word_1_3' title='bbox 197 216 312 258; x_wconf 88' lang='lat' dir='ltr'><strong>Nam</strong></span> <span class='ocrx_word' id='word_1_4' title='bbox 331 215 437 259; x_wconf 91' lang='lat' dir='ltr'><strong>ordo</strong></span> <span class='ocrx_word' id='word_1_5' title='bbox 457 214 685 272; x_wconf 88' lang='lat' dir='ltr'><strong>primarum</strong></span> <span class='ocrx_word' id='word_1_6' title='bbox 707 212 941 256; x_wconf 84' lang='lat' dir='ltr'>editionum</span> <span class='ocrx_word' id='word_1_7' title='bbox 961 213 1100 255; x_wconf 83' lang='lat' dir='ltr'><strong>differt</strong></span> <span class='ocrx_word' id='word_1_8' title='bbox 1120 211 1173 254; x_wconf 90' lang='lat' dir='ltr'><strong>ab</strong></span> <span class='ocrx_word' id='word_1_9' title='bbox 1193 227 1260 265; x_wconf 92' lang='lat' dir='ltr'><strong>e0,</strong></span> <span class='ocrx_word' id='word_1_10' title='bbox 1280 213 1352 270; x_wconf 93' lang='lat' dir='ltr'><strong>qui</strong></span> <span class='ocrx_word' id='word_1_11' title='bbox 1373 228 1483 256; x_wconf 90' lang='lat' dir='ltr'><strong>nunc</strong></span> <span class='ocrx_word' id='word_1_12' title='bbox 1500 228 1636 258; x_wconf 88' lang='lat' dir='ltr'><strong>serva-</strong></span> 
     </span>
     <span class='ocr_line' id='line_1_3' title="bbox 196 280 1638 340; baseline 0 -14"><span class='ocrx_word' id='word_1_13' title='bbox 196 292 280 336; x_wconf 89' lang='lat' dir='ltr'><strong>tur,</strong></span> <span class='ocrx_word' id='word_1_14' title='bbox 302 290 619 340; x_wconf 88' lang='lat' dir='ltr'><strong>sequunturque</strong></span> <span class='ocrx_word' id='word_1_15' title='bbox 649 282 778 324; x_wconf 90' lang='lat' dir='ltr'><strong>libros</strong></span> <span class='ocrx_word' id='word_1_16' title='bbox 806 280 1162 323; x_wconf 87' lang='lat' dir='ltr'><strong>Academicarum</strong></span> <span class='ocrx_word' id='word_1_17' title='bbox 1193 280 1545 337; x_wconf 85' lang='lat' dir='ltr'><strong>disputationum,</strong></span> <span class='ocrx_word' id='word_1_18' title='bbox 1564 284 1638 340; x_wconf 86' lang='lat' dir='ltr'><strong>qui</strong></span> 
     </span>
     <span class='ocr_line' id='line_1_4' title="bbox 196 348 1638 409; baseline -0.001 -15"><span class='ocrx_word' id='word_1_19' title='bbox 196 352 380 409; x_wconf 89' lang='lat' dir='ltr'><strong>primum</strong></span> <span class='ocrx_word' id='word_1_20' title='bbox 411 351 554 393; x_wconf 89' lang='lat' dir='ltr'><strong>locum</strong></span> <span class='ocrx_word' id='word_1_21' title='bbox 584 359 742 400; x_wconf 87' lang='lat' dir='ltr'><strong>tenent,</strong></span> <span class='ocrx_word' id='word_1_22' title='bbox 767 348 863 390; x_wconf 88' lang='lat' dir='ltr'>libri</span> <span class='ocrx_word' id='word_1_23' title='bbox 894 348 947 390; x_wconf 93' lang='lat' dir='ltr'><strong>de</strong></span> <span class='ocrx_word' id='word_1_24' title='bbox 977 349 1181 404; x_wconf 76' lang='lat' dir='ltr'><strong>Legibus,</strong></span> <span class='ocrx_word' id='word_1_25' title='bbox 1201 348 1278 390; x_wconf 91' lang='lat' dir='ltr'><strong>hos</strong></span> <span class='ocrx_word' id='word_1_26' title='bbox 1308 349 1361 390; x_wconf 93' lang='lat' dir='ltr'><strong>de</strong></span> <span class='ocrx_word' id='word_1_27' title='bbox 1391 349 1566 402; x_wconf 84' lang='lat' dir='ltr'><strong>Officiis,</strong></span> <span class='ocrx_word' id='word_1_28' title='bbox 1585 351 1638 392; x_wconf 88' lang='lat' dir='ltr'><strong>de</strong></span> 
     </span>
     <span class='ocr_line' id='line_1_5' title="bbox 199 415 1636 472; baseline -0.002 -11"><span class='ocrx_word' id='word_1_29' title='bbox 199 419 385 470; x_wconf 87' lang='lat' dir='ltr'><strong>Finibus,</strong></span> <span class='ocrx_word' id='word_1_30' title='bbox 404 417 655 460; x_wconf 79' lang='lat' dir='ltr'>Tusculanae</span> <span class='ocrx_word' id='word_1_31' title='bbox 684 416 970 472; x_wconf 70' lang='lat' dir='ltr'><strong>QuaestioneS,</strong></span> <span class='ocrx_word' id='word_1_32' title='bbox 1001 423 1045 457; x_wconf 90' lang='lat' dir='ltr'><strong>et</strong></span> <span class='ocrx_word' id='word_1_33' title='bbox 1073 415 1237 471; x_wconf 80' lang='lat' dir='ltr'><strong>reliqui.</strong></span> <span class='ocrx_word' id='word_1_34' title='bbox 1297 416 1501 459; x_wconf 88' lang='lat' dir='ltr'><strong>Ordinem</strong></span> <span class='ocrx_word' id='word_1_35' title='bbox 1520 431 1636 469; x_wconf 89' lang='lat' dir='ltr'><strong>eum,</strong></span> 
     </span>
     <span class='ocr_line' id='line_1_6' title="bbox 197 482 1637 543; baseline -0.001 -15"><span class='ocrx_word' id='word_1_36' title='bbox 197 486 271 543; x_wconf 91' lang='lat' dir='ltr'><strong>qui</strong></span> <span class='ocrx_word' id='word_1_37' title='bbox 292 501 403 527; x_wconf 91' lang='lat' dir='ltr'><strong>nunc</strong></span> <span class='ocrx_word' id='word_1_38' title='bbox 423 494 501 536; x_wconf 85' lang='lat' dir='ltr'><strong>est,</strong></span> <span class='ocrx_word' id='word_1_39' title='bbox 523 483 687 525; x_wconf 87' lang='lat' dir='ltr'>induxit</span> <span class='ocrx_word' id='word_1_40' title='bbox 709 482 958 533; x_wconf 83' lang='lat' dir='ltr'>Cratander,</span> <span class='ocrx_word' id='word_1_41' title='bbox 977 482 1117 538; x_wconf 89' lang='lat' dir='ltr'><strong>ipsum</strong></span> <span class='ocrx_word' id='word_1_42' title='bbox 1139 482 1387 525; x_wconf 86' lang='lat' dir='ltr'><strong>Ciceronem</strong></span> <span class='ocrx_word' id='word_1_43' title='bbox 1417 494 1637 526; x_wconf 86' lang='lat' dir='ltr'>auctorem</span> 
     </span>
     <span class='ocr_line' id='line_1_7' title="bbox 196 550 1637 608; baseline -0.002 -12"><span class='ocrx_word' id='word_1_44' title='bbox 196 562 382 604; x_wconf 85' lang='lat' dir='ltr'><strong>secutus,</strong></span> <span class='ocrx_word' id='word_1_45' title='bbox 402 561 451 594; x_wconf 89' lang='lat' dir='ltr'><strong>ut</strong></span> <span class='ocrx_word' id='word_1_46' title='bbox 469 553 511 593; x_wconf 92' lang='lat' dir='ltr'><strong>in</strong></span> <span class='ocrx_word' id='word_1_47' title='bbox 531 550 776 608; x_wconf 73' lang='lat' dir='ltr'><strong>praefatione</strong></span> <span class='ocrx_word' id='word_1_48' title='bbox 791 550 1104 591; x_wconf 87' lang='lat' dir='ltr'><strong>demonstravit.</strong></span> <span class='ocrx_word' id='word_1_49' title='bbox 1153 551 1252 591; x_wconf 91' lang='lat' dir='ltr'><strong>Hoc</strong></span> <span class='ocrx_word' id='word_1_50' title='bbox 1271 559 1412 592; x_wconf 87' lang='lat' dir='ltr'><strong>autem</strong></span> <span class='ocrx_word' id='word_1_51' title='bbox 1432 560 1637 608; x_wconf 87' lang='lat' dir='ltr'><strong>apparatu</strong></span> 
     </span>
     <span class='ocr_line' id='line_1_8' title="bbox 198 617 1637 670; baseline -0.003 -5"><span class='ocrx_word' id='word_1_52' title='bbox 198 631 344 665; x_wconf 90' lang='lat' dir='ltr'><strong>nostro</strong></span> <span class='ocrx_word' id='word_1_53' title='bbox 363 622 421 664; x_wconf 85' lang='lat' dir='ltr'><strong>ita</strong></span> <span class='ocrx_word' id='word_1_54' title='bbox 441 621 506 663; x_wconf 89' lang='lat' dir='ltr'><strong>usi</strong></span> <span class='ocrx_word' id='word_1_55' title='bbox 527 634 672 662; x_wconf 88' lang='lat' dir='ltr'><strong>sumus</strong></span> <span class='ocrx_word' id='word_1_56' title='bbox 691 619 734 660; x_wconf 89' lang='lat' dir='ltr'><strong>in</strong></span> <span class='ocrx_word' id='word_1_57' title='bbox 761 628 879 661; x_wconf 89' lang='lat' dir='ltr'><strong>textu</strong></span> <span class='ocrx_word' id='word_1_58' title='bbox 909 617 1162 660; x_wconf 89' lang='lat' dir='ltr'><strong>recensendo</strong></span> <span class='ocrx_word' id='word_1_59' title='bbox 1183 626 1226 659; x_wconf 91' lang='lat' dir='ltr'><strong>et</strong></span> <span class='ocrx_word' id='word_1_60' title='bbox 1246 619 1568 670; x_wconf 87' lang='lat' dir='ltr'><strong>conformando,</strong></span> <span class='ocrx_word' id='word_1_61' title='bbox 1588 629 1637 661; x_wconf 92' lang='lat' dir='ltr'><strong>ut</strong></span> 
     </span>
     <span class='ocr_line' id='line_1_9' title="bbox 197 684 1636 743; baseline -0.003 -11"><span class='ocrx_word' id='word_1_62' title='bbox 197 689 298 732; x_wconf 87' lang='lat' dir='ltr'><strong>artis</strong></span> <span class='ocrx_word' id='word_1_63' title='bbox 319 688 476 731; x_wconf 88' lang='lat' dir='ltr'><strong>criticae</strong></span> <span class='ocrx_word' id='word_1_64' title='bbox 493 687 599 729; x_wconf 88' lang='lat' dir='ltr'><strong>ratio</strong></span> <span class='ocrx_word' id='word_1_65' title='bbox 618 685 879 743; x_wconf 86' lang='lat' dir='ltr'><strong>postulabat,</strong></span> <span class='ocrx_word' id='word_1_66' title='bbox 895 699 1031 742; x_wconf 89' lang='lat' dir='ltr'><strong>neque</strong></span> <span class='ocrx_word' id='word_1_67' title='bbox 1048 684 1233 727; x_wconf 83' lang='lat' dir='ltr'><strong>audaciae</strong></span> <span class='ocrx_word' id='word_1_68' title='bbox 1254 686 1296 727; x_wconf 89' lang='lat' dir='ltr'><strong>in</strong></span> <span class='ocrx_word' id='word_1_69' title='bbox 1315 700 1366 726; x_wconf 89' lang='lat' dir='ltr'><strong>eo</strong></span> <span class='ocrx_word' id='word_1_70' title='bbox 1385 686 1636 743; x_wconf 81' lang='lat' dir='ltr'><strong>corrigendo</strong></span> 
     </span>
     <span class='ocr_line' id='line_1_10' title="bbox 196 752 1635 812; baseline -0.003 -12"><span class='ocrx_word' id='word_1_71' title='bbox 196 756 479 812; x_wconf 85' lang='lat' dir='ltr'><strong>indulgentes,</strong></span> <span class='ocrx_word' id='word_1_72' title='bbox 501 768 636 811; x_wconf 88' lang='lat' dir='ltr'><strong>neque</strong></span> <span class='ocrx_word' id='word_1_73' title='bbox 653 752 834 795; x_wconf 90' lang='lat' dir='ltr'><strong>evidenti</strong></span> <span class='ocrx_word' id='word_1_74' title='bbox 855 752 1106 804; x_wconf 84' lang='lat' dir='ltr'><strong>necessitati,</strong></span> <span class='ocrx_word' id='word_1_75' title='bbox 1126 767 1200 809; x_wconf 90' lang='lat' dir='ltr'><strong>per</strong></span> <span class='ocrx_word' id='word_1_76' title='bbox 1219 753 1383 794; x_wconf 85' lang='lat' dir='ltr'><strong>inanem</strong></span> <span class='ocrx_word' id='word_1_77' title='bbox 1415 754 1635 796; x_wconf 84' lang='lat' dir='ltr'><strong>modestiae</strong></span> 
     </span>
     <span class='ocr_line' id='line_1_11' title="bbox 197 821 1636 882; baseline -0.002 -15"><span class='ocrx_word' id='word_1_78' title='bbox 197 825 382 882; x_wconf 86' lang='lat' dir='ltr'><strong>speciem</strong></span> <span class='ocrx_word' id='word_1_79' title='bbox 418 830 717 879; x_wconf 86' lang='lat' dir='ltr'><strong>repugnantes.</strong></span> <span class='ocrx_word' id='word_1_80' title='bbox 787 822 938 877; x_wconf 89' lang='lat' dir='ltr'><strong>Itaque</strong></span> <span class='ocrx_word' id='word_1_81' title='bbox 976 834 1191 876; x_wconf 88' lang='lat' dir='ltr'><strong>speramus</strong></span> <span class='ocrx_word' id='word_1_82' title='bbox 1228 835 1305 862; x_wconf 90' lang='lat' dir='ltr'><strong>nos</strong></span> <span class='ocrx_word' id='word_1_83' title='bbox 1348 821 1494 863; x_wconf 87' lang='lat' dir='ltr'><strong>multis</strong></span> <span class='ocrx_word' id='word_1_84' title='bbox 1531 822 1636 864; x_wconf 90' lang='lat' dir='ltr'><strong>locis</strong></span> 
     </span>
     <span class='ocr_line' id='line_1_12' title="bbox 196 888 1637 947; baseline -0.003 -12"><span class='ocrx_word' id='word_1_85' title='bbox 196 893 306 935; x_wconf 89' lang='lat' dir='ltr'><strong>bene</strong></span> <span class='ocrx_word' id='word_1_86' title='bbox 343 890 605 933; x_wconf 89' lang='lat' dir='ltr'><strong>consuluisse</strong></span> <span class='ocrx_word' id='word_1_87' title='bbox 641 897 783 932; x_wconf 85' lang='lat' dir='ltr'><strong>textus</strong></span> <span class='ocrx_word' id='word_1_88' title='bbox 822 888 1089 930; x_wconf 88' lang='lat' dir='ltr'><strong>Ciceroniani</strong></span> <span class='ocrx_word' id='word_1_89' title='bbox 1125 888 1373 944; x_wconf 87' lang='lat' dir='ltr'><strong>integritati.</strong></span> <span class='ocrx_word' id='word_1_90' title='bbox 1431 889 1563 947; x_wconf 70' lang='lat' dir='ltr'><strong>Quod</strong></span> <span class='ocrx_word' id='word_1_91' title='bbox 1602 890 1637 932; x_wconf 86' lang='lat' dir='ltr'><strong>si</strong></span> 
     </span>
     <span class='ocr_line' id='line_1_13' title="bbox 198 956 1636 1014; baseline -0.003 -11"><span class='ocrx_word' id='word_1_92' title='bbox 198 968 340 1004; x_wconf 88' lang='lat' dir='ltr'><strong>tamen</strong></span> <span class='ocrx_word' id='word_1_93' title='bbox 359 959 464 1002; x_wconf 91' lang='lat' dir='ltr'><strong>locis</strong></span> <span class='ocrx_word' id='word_1_94' title='bbox 482 958 592 1000; x_wconf 86' lang='lat' dir='ltr'><strong>forte</strong></span> <span class='ocrx_word' id='word_1_95' title='bbox 611 956 863 1014; x_wconf 87' lang='lat' dir='ltr'><strong>quibusdam</strong></span> <span class='ocrx_word' id='word_1_96' title='bbox 883 956 938 998; x_wconf 91' lang='lat' dir='ltr'><strong>ab</strong></span> <span class='ocrx_word' id='word_1_97' title='bbox 957 956 1122 1012; x_wconf 89' lang='lat' dir='ltr'><strong>legibus</strong></span> <span class='ocrx_word' id='word_1_98' title='bbox 1153 970 1303 998; x_wconf 86' lang='lat' dir='ltr'><strong>severae</strong></span> <span class='ocrx_word' id='word_1_99' title='bbox 1334 956 1433 998; x_wconf 87' lang='lat' dir='ltr'><strong>artis</strong></span> <span class='ocrx_word' id='word_1_100' title='bbox 1461 957 1636 1010; x_wconf 66' lang='lat' dir='ltr'><strong>criticae,</strong></span> 
     </span>
     <span class='ocr_line' id='line_1_14' title="bbox 197 1024 1634 1076; baseline -0.003 -5"><span class='ocrx_word' id='word_1_101' title='bbox 197 1037 345 1072; x_wconf 87' lang='lat' dir='ltr'><strong>contra</strong></span> <span class='ocrx_word' id='word_1_102' title='bbox 364 1026 589 1069; x_wconf 89' lang='lat' dir='ltr'><strong>consilium</strong></span> <span class='ocrx_word' id='word_1_103' title='bbox 609 1032 800 1067; x_wconf 87' lang='lat' dir='ltr'><strong>nostrum</strong></span> <span class='ocrx_word' id='word_1_104' title='bbox 822 1024 1149 1076; x_wconf 82' lang='lat' dir='ltr'><strong>discesserimus,</strong></span> <span class='ocrx_word' id='word_1_105' title='bbox 1167 1025 1330 1066; x_wconf 88' lang='lat' dir='ltr'><strong>veniam</strong></span> <span class='ocrx_word' id='word_1_106' title='bbox 1360 1024 1482 1067; x_wconf 90' lang='lat' dir='ltr'><strong>nobis</strong></span> <span class='ocrx_word' id='word_1_107' title='bbox 1509 1025 1634 1068; x_wconf 90' lang='lat' dir='ltr'><strong>datu-</strong></span> 
     </span>
     <span class='ocr_line' id='line_1_15' title="bbox 195 1090 1635 1148; baseline -0.003 -8"><span class='ocrx_word' id='word_1_108' title='bbox 195 1112 268 1140; x_wconf 82' lang='lat' dir='ltr'><strong>ros</strong></span> <span class='ocrx_word' id='word_1_109' title='bbox 287 1110 378 1138; x_wconf 88' lang='lat' dir='ltr'><strong>esse</strong></span> <span class='ocrx_word' id='word_1_110' title='bbox 406 1093 516 1136; x_wconf 87' lang='lat' dir='ltr'><strong>viros</strong></span> <span class='ocrx_word' id='word_1_111' title='bbox 545 1092 696 1144; x_wconf 87' lang='lat' dir='ltr'><strong>harum</strong></span> <span class='ocrx_word' id='word_1_112' title='bbox 725 1106 865 1134; x_wconf 90' lang='lat' dir='ltr'><strong>rerum</strong></span> <span class='ocrx_word' id='word_1_113' title='bbox 894 1106 975 1133; x_wconf 93' lang='lat' dir='ltr'><strong>usu</strong></span> <span class='ocrx_word' id='word_1_114' title='bbox 1004 1091 1175 1148; x_wconf 83' lang='lat' dir='ltr'><strong>peritOS‚</strong></span> <span class='ocrx_word' id='word_1_115' title='bbox 1199 1090 1288 1148; x_wconf 90' lang='lat' dir='ltr'><strong>qui,</strong></span> <span class='ocrx_word' id='word_1_116' title='bbox 1308 1105 1436 1147; x_wconf 90' lang='lat' dir='ltr'><strong>quam</strong></span> <span class='ocrx_word' id='word_1_117' title='bbox 1466 1091 1635 1135; x_wconf 84' lang='lat' dir='ltr'><strong>difficile</strong></span> 
     </span>
     <span class='ocr_line' id='line_1_16' title="bbox 198 1158 1633 1216; baseline -0.003 -9"><span class='ocrx_word' id='word_1_118' title='bbox 198 1165 267 1216; x_wconf 85' lang='lat' dir='ltr'><strong>sit,</strong></span> <span class='ocrx_word' id='word_1_119' title='bbox 286 1163 366 1206; x_wconf 87' lang='lat' dir='ltr'><strong>sibi</strong></span> <span class='ocrx_word' id='word_1_120' title='bbox 386 1162 440 1204; x_wconf 87' lang='lat' dir='ltr'><strong>ab</strong></span> <span class='ocrx_word' id='word_1_121' title='bbox 459 1160 577 1204; x_wconf 90' lang='lat' dir='ltr'><strong>omni</strong></span> <span class='ocrx_word' id='word_1_122' title='bbox 596 1159 718 1216; x_wconf 88' lang='lat' dir='ltr'><strong>lapsu</strong></span> <span class='ocrx_word' id='word_1_123' title='bbox 738 1159 784 1201; x_wconf 88' lang='lat' dir='ltr'><strong>in</strong></span> <span class='ocrx_word' id='word_1_124' title='bbox 803 1158 885 1201; x_wconf 90' lang='lat' dir='ltr'><strong>hoc</strong></span> <span class='ocrx_word' id='word_1_125' title='bbox 902 1173 1055 1215; x_wconf 84' lang='lat' dir='ltr'><strong>genere</strong></span> <span class='ocrx_word' id='word_1_126' title='bbox 1073 1172 1216 1200; x_wconf 87' lang='lat' dir='ltr'><strong>cavere</strong></span> <span class='ocrx_word' id='word_1_127' title='bbox 1237 1159 1384 1211; x_wconf 87' lang='lat' dir='ltr'><strong>sciant,</strong></span> <span class='ocrx_word' id='word_1_128' title='bbox 1400 1172 1633 1216; x_wconf 83' lang='lat' dir='ltr'><strong>speramus.</strong></span> 
     </span>
     <span class='ocr_line' id='line_1_17' title="bbox 200 1225 1318 1288; baseline -0.007 -13"><span class='ocrx_word' id='word_1_129' title='bbox 200 1233 291 1275; x_wconf 88' lang='lat' dir='ltr'><strong>Scr.</strong></span> <span class='ocrx_word' id='word_1_130' title='bbox 311 1229 481 1288; x_wconf 86' lang='lat' dir='ltr'><strong>Lipsiae.</strong></span> <span class='ocrx_word' id='word_1_131' title='bbox 501 1227 543 1270; x_wconf 86' lang='lat' dir='ltr'><strong>d·</strong></span> <span class='ocrx_word' id='word_1_132' title='bbox 565 1239 708 1270; x_wconf 79' lang='lat' dir='ltr'><strong>xxxv.</strong></span> <span class='ocrx_word' id='word_1_133' title='bbox 726 1227 844 1283; x_wconf 91' lang='lat' dir='ltr'><strong>Sept.</strong></span> <span class='ocrx_word' id='word_1_134' title='bbox 862 1241 900 1267; x_wconf 92' lang='lat' dir='ltr'><strong>a.</strong></span> <span class='ocrx_word' id='word_1_135' title='bbox 921 1225 973 1268; x_wconf 93' lang='lat' dir='ltr'><strong>C.</strong></span> <span class='ocrx_word' id='word_1_136' title='bbox 997 1239 1318 1269; x_wconf 72' lang='lat' dir='ltr'><strong>MDceLxxw.</strong></span> 
     </span>
    </p>
   </div>
  </div>
 </body>
</html>
