1778 3095
259 125 340 156 238
604 115 858 155 TUSCUL.
888 116 1332 155 QUAESTIONUM

256 238 414 281 genere
433 224 692 276 exstiterunt,
715 239 797 266 non
818 224 916 266 satis
934 226 1178 267 Graecorum
1197 224 1343 281 gloriae
1366 221 1682 279 responderunt.

220 283 329 323 4An
363 295 595 332 censemus,
627 281 661 321 si
702 281 845 332 Fabio,
882 282 1141 323 nobilissimo
1178 281 1354 331 homini,
1390 279 1504 321 laudi
1535 279 1682 320 datum

256 347 382 389 esset,
421 338 536 394 quod
566 337 773 393 pingeret,
805 353 889 379 non
920 339 1077 379 multos
1112 338 1238 379 etiam
1270 337 1381 393 apud
1408 351 1484 377 nos
1517 335 1681 377 futuros

257 404 275 428 ⁵
301 394 538 451 Polycletos
569 402 612 435 et
645 394 882 436 Parrhasios
912 396 1038 436 fuisse
1060 397 1073 436 ?
1106 397 1259 436 Honos
1279 394 1353 435 alit
1373 402 1496 443 artes,
1515 406 1683 432 omnes-

254 466 337 508 que
356 451 637 493 incenduntur
655 451 709 492 ad
726 452 865 492 studia
888 451 1050 507 gloria:
1073 452 1301 507 jacentque
1320 465 1369 491 ea
1387 463 1566 506 semper,
1587 463 1684 504 quae

253 507 368 564 apud
400 522 590 564 quosque
622 508 925 564 improbantur.
983 509 1202 549 Summam
1233 507 1511 549 eruditionem
1543 504 1685 546 Graeci

255 565 377 606 sitam
401 565 627 606 censebant
644 565 686 606 in
716 578 949 614 nervorum,
977 579 1213 621 vocumque
1241 564 1448 605 cantibus.
1478 561 1610 618 igitur
1638 570 1684 602 et

254 620 584 677 EpaminondaS,
609 621 817 676 princeps,
848 635 945 661 meo
968 620 1147 676 judicio,
1178 621 1370 671 Graeciae,
1401 619 1552 661 fidibus
1573 632 1682 674 prae-

122 686 154 717 Ρ·
171 683 241 709 ¹49·
254 678 365 719 clare
384 677 583 719 cecinisse
599 677 774 718 dicitur:
805 677 1195 734 Themistoclesque
1218 685 1235 709 6
1251 677 1411 733 aliquot
1424 685 1520 717 ante
1535 689 1682 726 annos,

212 728 271 772 ³‘7
297 749 394 776 cum
433 734 476 775 in
516 733 650 789 epulis
684 742 916 774 recusasset
953 733 1104 790 lyram,
1145 734 1314 775 habitus
1356 742 1421 774 est
1459 732 1682 773 indoctior.

253 792 371 847 Ergo
390 791 433 832 in
453 790 619 831 Graecia
643 789 793 831 musici
820 791 1063 841 floruerunt,
1089 790 1419 845 ¹&discebantque
1449 789 1492 830 id
1520 802 1684 838 omnes,

218 859 347 899 5nec,
379 846 450 902 qui
486 846 712 897 nesciebat,
747 846 845 887 satis
877 846 1067 888 excultus
1106 846 1299 889 doctrina
1330 845 1571 902 putabatur.
1632 844 1682 884 In

253 918 422 945 summo
443 902 556 957 apud
574 902 668 944 illos
690 902 853 944 honore
872 903 1107 959 geometria
1125 904 1218 945 fuit.
1237 904 1378 959 itaque
1391 902 1494 943 nihil
1515 900 1683 942 mathe-

252 960 417 1001 maticis
437 959 653 1000 illustrius.
683 959 744 1000 At
765 974 856 1010 nos,
876 960 1090 1011 metiendi,
1111 959 1468 1015 ratiocinandique
1486 958 1681 1008 utilitate,

206 1012 379 1072 3hujus
418 1015 519 1057 artis
562 1015 874 1057 terminavimus
921 1017 1111 1058 modum.
1169 1017 1232 1058 At
1276 1027 1422 1057 contra
1467 1024 1681 1056 oratorem

251 1073 443 1114 celeriter
461 1072 667 1128 complexi
689 1088 860 1114 sumus:
893 1088 969 1114 nec
997 1088 1094 1114 eum
1120 1073 1256 1128 primo
1284 1072 1512 1122 eruditum,
1533 1079 1680 1126 aptum

250 1136 393 1170 tamen
427 1128 479 1170 ad
509 1128 760 1170 dicendum:
793 1138 890 1185 post
919 1139 1060 1171 autem
1096 1129 1323 1170 eruditum.
1356 1143 1453 1169 nam
1483 1127 1680 1177 Galbam,

251 1186 515 1236 Africanum,
544 1186 739 1235 Laelium,
769 1185 918 1226 doctos
948 1186 1076 1226 fuisse
1102 1185 1301 1226 traditum
1322 1193 1409 1225 est:
1441 1184 1679 1225 studiosum

250 1251 393 1284 autem
430 1257 543 1292 eum,
579 1241 650 1297 qui
688 1242 738 1282 iis
778 1250 900 1282 aetate
933 1242 1133 1291 anteibat,
1168 1241 1405 1282 Catonem:
1450 1249 1549 1295 post
1584 1253 1680 1280 vero

250 1299 478 1354 Lepidum,
503 1298 792 1348 9Carbonem,
824 1297 1069 1339 Gracchos:
1101 1297 1254 1338 deinde
1283 1298 1343 1338 ita
1370 1310 1550 1352 magnos
1582 1309 1682 1336 nos-

247 1363 356 1396 tram
376 1355 429 1395 ad
451 1361 631 1403 aetatem,
661 1363 710 1395 ut
739 1369 821 1395 non
851 1354 1050 1405 multum,
1081 1363 1155 1396 aut
1185 1354 1290 1395 nihil
1318 1353 1492 1394 omnino
1521 1352 1681 1393 Graecis

245 1411 478 1452 cederetur.
539 1419 577 1442 10
592 1410 862 1466 Philosophia
874 1410 1013 1467 jacuit
1031 1425 1165 1467 usque
1192 1411 1245 1451 ad
1271 1410 1378 1452 hanc
1400 1416 1583 1459 aetatem,
1603 1423 1680 1449 nec

243 1467 379 1508 ullum
419 1467 568 1508 habuit
600 1467 794 1508 lllumen
832 1467 1065 1509 litterarum
1100 1467 1373 1508 Latinarum:
1424 1480 1519 1521 quae
1560 1465 1681 1507 illus-

244 1523 408 1574 tranda,
428 1533 471 1564 et
491 1523 712 1565 excitanda
730 1523 849 1564 nobis
870 1533 947 1575 est,
973 1532 1034 1574 ut,
1065 1524 1099 1565 si
1129 1524 1325 1578 occupati
1345 1523 1581 1579 profuimus
1601 1521 1678 1562 ali-

244 1580 347 1636 quid
367 1580 525 1621 civibus
554 1580 721 1631 nostris,
755 1580 964 1635 prosimus
995 1580 1138 1632 etiam,
1163 1589 1199 1612 12
1216 1581 1248 1621 si
1276 1593 1516 1636 possumus,
1536 1578 1676 1619 otiosi.

208 1637 296 1678 6111
319 1651 404 1692 quo
435 1651 486 1677 eo
516 1637 653 1692 magis
689 1636 810 1677 nobis
842 1645 906 1677 est
939 1636 1256 1687 elaborandum,
1289 1635 1404 1692 quod
1436 1635 1561 1676 multi
1584 1635 1676 1690 jam

242 1707 333 1734 esse
353 1693 493 1734 Latini
513 1693 608 1734 libri
639 1693 836 1734 dicuntur
865 1693 1009 1748 scripti
1036 1692 1356 1744 inconsiderate,
1380 1699 1415 1724 13
1430 1692 1484 1733 ab
1504 1691 1675 1747 optimis

241 1749 322 1790 illis
343 1749 512 1804 quidem
534 1750 643 1799 viris,
673 1749 746 1790 sed
775 1764 860 1791 non
889 1750 988 1791 satis
1018 1750 1206 1791 eruditis.
1238 1749 1326 1790 fieri
1357 1757 1497 1790 autem
1517 1756 1674 1803 potest,

239 1814 289 1846 ut
310 1814 422 1846 recte
454 1806 547 1861 quis
579 1806 742 1857 sentiat,
772 1815 814 1847 et
844 1806 901 1857 id,
934 1806 1049 1862 quod
1081 1807 1222 1857 sentit,
1254 1806 1386 1861 polite
1419 1804 1561 1860 eloqui
1589 1818 1674 1844 non

237 1862 386 1917 possit.
421 1862 495 1902 sed
531 1862 729 1903 mandare
767 1877 1023 1918 quemquam
1062 1863 1212 1904 litteris
1247 1861 1528 1917 cogitationes
1564 1874 1675 1911 suas,

238 1918 312 1974 qui
331 1932 400 1958 eas
422 1933 497 1958 nec
518 1919 752 1974 disponere,
773 1934 848 1960 nec
878 1919 1083 1960 illustrare
1112 1919 1260 1974 possit,
1290 1933 1366 1959 nec
1395 1917 1674 1959 delectatione

239 1973 382 2030 aliqua
403 1974 568 2016 allicere
590 1975 806 2027 lectorem,
827 1975 1011 2017 hominis
1033 1983 1097 2016 est
1119 1976 1445 2031 intemperanter
1463 1972 1675 2014 abutentis

236 2039 278 2071 et
299 2031 402 2082 otio,
424 2040 467 2072 et
482 2031 644 2073 litteris.
703 2033 851 2088 Itaque
873 2047 971 2074 suos
1001 2033 1130 2073 libros
1159 2032 1238 2088 ipsi
1267 2031 1416 2087 legunt
1445 2044 1543 2072 cum
1573 2029 1674 2080 suis,

281 2164 297 2188 5
323 2156 479 2198 Poh'cletos
509 2164 536 2186 et
567 2155 749 2194 Parrhasios]
785 2157 870 2186 Quia
896 2158 934 2187 de
1022 2164 1039 2187 8
1063 2156 1262 2198 discebantque
1285 2155 1318 2185 id
1334 2153 1441 2193 omnes]
1462 2155 1626 2185 Quorsum
1643 2155 1677 2184 id

237 2200 408 2239 pictoribus
435 2209 539 2230 sermo
561 2207 619 2236 est,
646 2200 787 2229 alienum
813 2200 935 2230 videtur
977 2200 1135 2239 pertinet?
1160 2201 1219 2229 arti
1244 2199 1319 2229 cium
1348 2198 1591 2239 intelligendum
1621 2199 1671 2228 sit.

238 2242 418 2272 Camerario
451 2243 599 2282 Polycleti
631 2253 764 2278 nomen,
795 2244 935 2281 corrigit·
976 2244 1031 2273 sed
1047 2242 1159 2273 malim
1174 2242 1244 2273 ideo.

236 2294 299 2323 que
338 2285 504 2325 Pogygnotos
542 2292 636 2324 atque
674 2286 716 2315 ita
752 2285 874 2315 edidere
900 2286 932 2315 P.
1022 2294 1040 2318 9
1068 2284 1237 2323 Carbonem]
1263 2285 1340 2315 Edd.
1367 2294 1413 2324 pr.
1438 2284 1557 2314 habent
1584 2281 1671 2314 Cato-

237 2328 405 2358 Manutius
428 2335 458 2358 et
481 2329 666 2358 Lambinus.
711 2329 770 2357 Sed
793 2328 935 2367 Polycle-
977 2339 1039 2357 nem
1052 2338 1062 2357 .·
1086 2334 1122 2359 ut
1137 2335 1166 2358 et
1183 2328 1291 2359 Guelf.
1306 2337 1406 2367 eaque
1421 2334 1485 2356 erat
1499 2327 1670 2356 Camerarii

237 2376 288 2400 tus
311 2371 407 2400 etiam
433 2372 562 2410 pictoria
584 2379 648 2400 arte
671 2371 832 2405 excelluit,
849 2373 934 2401 unde
977 2378 1118 2410 tempore
1133 2371 1262 2409 vulgata
1275 2371 1381 2406 lectio,
1404 2370 1458 2408 qui
1479 2377 1586 2399 tamen
1602 2379 1672 2399 cor-

235 2419 267 2442 ει
281 2423 329 2452 ap.
346 2414 466 2444 AElian.
482 2414 520 2444 V.
540 2414 580 2444 H.
597 2414 685 2449 XIV,
712 2421 741 2443 8.
765 2414 864 2452 pictor
884 2415 930 2444 di·
973 2414 1029 2452 rigi
1038 2414 1164 2444 volebat
1182 2413 1350 2449 Carbonem,
1365 2413 1458 2450 idque
1474 2418 1505 2441 et
1520 2412 1671 2442 Beroaldo

234 2456 328 2485 citur.
360 2457 423 2486 Ms.
456 2456 562 2486 Guelf.
594 2457 689 2486 habet
719 2455 874 2497 Polyclrtos
904 2463 932 2486 et
974 2456 1129 2495 placuisse
1143 2456 1228 2486 dicit.
1245 2457 1320 2494 quia
1335 2455 1380 2484 sic
1396 2455 1427 2484 in
1440 2456 1509 2485 edd.
1525 2454 1668 2494 pluribus

236 2497 412 2527 Praxiteles.
976 2499 1112 2537 antiquis
1128 2499 1222 2537 reperi
1236 2498 1307 2528 Ald.
1324 2497 1432 2536 steph.
1446 2499 1505 2528 Sec.
1522 2498 1648 2527 retinui.

281 2545 299 2569 6
322 2539 434 2581 aliquot
461 2546 528 2570 ante
557 2539 658 2581 annes]
690 2543 772 2571 Ante
803 2541 930 2579 Epami·
1022 2548 1060 2571 10
1083 2541 1162 2571 Phil.
1181 2540 1299 2580 jacuit]
1337 2540 1415 2570 Edd.
1445 2547 1518 2570 vett.
1549 2541 1669 2570 habent

238 2583 392 2613 nondam.
976 2583 1077 2619 latuit,
1094 2584 1179 2622 quod
1195 2590 1225 2612 et
1237 2592 1322 2622 seqq.
1338 2584 1420 2612 bene
1439 2584 1599 2613 convenit.
1615 2586 1668 2614 sed

280 2632 295 2660 7
322 2635 385 2654 cum
406 2623 570 2663 recusassel]
596 2626 647 2654 Sic
663 2632 693 2653 ct
708 2625 846 2655 latinitas
862 2635 932 2664 pos·
974 2635 1086 2655 sensus
1102 2632 1209 2656 tamen
1226 2626 1310 2655 idem
1326 2633 1372 2656 est
1388 2626 1536 2664 injacuit.

236 2667 328 2704 tulat,
346 2674 376 2697 et
391 2669 511 2698 habent
534 2669 602 2697 edd.
626 2674 700 2696 vett.
726 2667 841 2706 plures,
863 2669 932 2697 Me·
1023 2675 1056 2698 11
1084 2667 1177 2697 lumen
1192 2668 1343 2697 literarum
1368 2668 1452 2709 Lan]
1477 2669 1584 2698 Nemo
1600 2667 1669 2698 lati-

236 2710 312 2740 diol.
343 2711 431 2740 Junt.
460 2711 533 2740 Ald.
561 2711 668 2749 steph.
713 2711 784 2740 Post
811 2712 932 2741 edidere
977 2720 1017 2740 ne
1032 2711 1070 2740 de
1086 2711 1286 2750 philosophia
1300 2712 1433 2750 scripsit.

237 2760 391 2783 recusaret.
418 2754 511 2783 male.
558 2753 629 2782 Post
656 2753 719 2782 Ms.
744 2754 851 2785 Guelf.
877 2755 933 2783 ha·
1021 2760 1058 2784 12
1082 2754 1105 2782 si
1119 2753 1276 2793 possumus]
1296 2753 1411 2783 Malim
1427 2753 1452 2783 si
1465 2753 1612 2792 possimus.

237 2796 290 2825 bet
305 2803 345 2825 est
360 2796 474 2826 habitus
489 2795 638 2833 indoctior,
663 2803 697 2825 ut
718 2796 864 2827 Davisius
880 2798 933 2827 de-
1021 2803 1056 2826 13
1081 2796 1117 2825 ab
1127 2796 1239 2835 optimis
1256 2796 1315 2825 illis
1326 2795 1438 2837 quidem
1447 2795 1537 2834 viris]
1551 2796 1668 2828 Malim

237 2838 295 2869 dit.
977 2838 1023 2867 illi
1038 2849 1093 2878 pro
1110 2838 1181 2876 illis,
1199 2846 1234 2869 ut
1250 2840 1288 2869 ad
1304 2839 1397 2870 libros
1415 2840 1578 2878 pertineat.
