<?xml version="1.0" encoding="UTF-8"?>
<!DOCTYPE html PUBLIC "-//W3C//DTD XHTML 1.0 Transitional//EN"
    "http://www.w3.org/TR/xhtml1/DTD/xhtml1-transitional.dtd">
<html xmlns="http://www.w3.org/1999/xhtml" xml:lang="en" lang="en">
 <head>
  <title>
</title>
<meta http-equiv="Content-Type" content="text/html;charset=utf-8" />
  <meta name='ocr-system' content='tesseract 3.04.00' />
  <meta name='ocr-capabilities' content='ocr_page ocr_carea ocr_par ocr_line ocrx_word'/>
</head>
<body>
  <div class='ocr_page' id='page_1' title='image "./p1operaomnia04ciceuoft_0507.png"; bbox 0 0 1778 3095; ppageno 0'>
   <div class='ocr_carea' id='block_1_1' title="bbox 546 84 1504 136">
    <p class='ocr_par' dir='ltr' id='par_1_1' title="bbox 546 84 1504 136">
     <span class='ocr_line' id='line_1_1' title="bbox 546 84 1504 136; baseline 0.006 -16"><span class='ocrx_word' id='word_1_1' title='bbox 546 85 729 121; x_wconf 82' lang='lat' dir='ltr'>LIBER</span> <span class='ocrx_word' id='word_1_2' title='bbox 755 84 1034 122; x_wconf 73' lang='lat' dir='ltr'><strong>TERTIUS.</strong></span> <span class='ocrx_word' id='word_1_3' title='bbox 1423 93 1504 136; x_wconf 76' lang='lat'><strong>499</strong></span> 
     </span>
    </p>
   </div>
   <div class='ocr_carea' id='block_1_2' title="bbox 58 190 1601 2453">
    <p class='ocr_par' dir='ltr' id='par_1_2' title="bbox 60 190 1601 1606">
     <span class='ocr_line' id='line_1_2' title="bbox 68 190 1501 246; baseline 0.002 -11"><span class='ocrx_word' id='word_1_4' title='bbox 68 191 105 235; x_wconf 79' lang='lat' dir='ltr'><strong>si</strong></span> <span class='ocrx_word' id='word_1_5' title='bbox 134 193 238 235; x_wconf 87' lang='lat' dir='ltr'><strong>deus</strong></span> <span class='ocrx_word' id='word_1_6' title='bbox 267 200 364 236; x_wconf 86' lang='lat' dir='ltr'><strong>est:</strong></span> <span class='ocrx_word' id='word_1_7' title='bbox 393 200 436 235; x_wconf 89' lang='lat' dir='ltr'><strong>et</strong></span> <span class='ocrx_word' id='word_1_8' title='bbox 467 190 678 246; x_wconf 85' lang='lat' dir='ltr'><strong>Orpheus,</strong></span> <span class='ocrx_word' id='word_1_9' title='bbox 707 199 750 231; x_wconf 90' lang='lat' dir='ltr'><strong>et</strong></span> <span class='ocrx_word' id='word_1_10' title='bbox 781 191 958 242; x_wconf 82' lang='lat' dir='ltr'><strong>Rhesus,</strong></span> <span class='ocrx_word' id='word_1_11' title='bbox 985 192 1043 232; x_wconf 90' lang='lat' dir='ltr'><strong>dii</strong></span> <span class='ocrx_word' id='word_1_12' title='bbox 1070 200 1180 243; x_wconf 90' lang='lat' dir='ltr'><strong>sunt,</strong></span> <span class='ocrx_word' id='word_1_13' title='bbox 1208 194 1338 234; x_wconf 88' lang='lat' dir='ltr'><strong>Musa</strong></span> <span class='ocrx_word' id='word_1_14' title='bbox 1366 205 1501 238; x_wconf 84' lang='lat' dir='ltr'><strong>matre</strong></span> 
     </span>
     <span class='ocr_line' id='line_1_3' title="bbox 69 247 1499 304; baseline 0.001 -13"><span class='ocrx_word' id='word_1_15' title='bbox 69 251 171 292; x_wconf 87' lang='lat' dir='ltr'><strong>nati.</strong></span> <span class='ocrx_word' id='word_1_16' title='bbox 203 251 281 292; x_wconf 88' lang='lat' dir='ltr'><strong>nisi</strong></span> <span class='ocrx_word' id='word_1_17' title='bbox 313 251 421 291; x_wconf 85' lang='lat' dir='ltr'><strong>forte</strong></span> <span class='ocrx_word' id='word_1_18' title='bbox 453 247 673 289; x_wconf 78' lang='lat' dir='ltr'><strong>maritimae</strong></span> <span class='ocrx_word' id='word_1_19' title='bbox 699 247 856 302; x_wconf 62' lang='lat' dir='ltr'><strong>nuptiae</strong></span> <span class='ocrx_word' id='word_1_20' title='bbox 877 249 1050 289; x_wconf 87' lang='lat' dir='ltr'><strong>terrenis</strong></span> <span class='ocrx_word' id='word_1_21' title='bbox 1069 259 1394 304; x_wconf 84' lang='lat' dir='ltr'><strong>anteponuntur.</strong></span> <span class='ocrx_word' id='word_1_22' title='bbox 1455 253 1499 294; x_wconf 89' lang='lat' dir='ltr'><strong>Si</strong></span> 
     </span>
     <span class='ocr_line' id='line_1_4' title="bbox 68 304 1495 360; baseline 0.001 -13"><span class='ocrx_word' id='word_1_23' title='bbox 68 306 114 347; x_wconf 87' lang='lat' dir='ltr'><strong>hi</strong></span> <span class='ocrx_word' id='word_1_24' title='bbox 135 307 192 349; x_wconf 89' lang='lat' dir='ltr'><strong>dii</strong></span> <span class='ocrx_word' id='word_1_25' title='bbox 214 322 297 348; x_wconf 91' lang='lat' dir='ltr'><strong>non</strong></span> <span class='ocrx_word' id='word_1_26' title='bbox 320 315 430 355; x_wconf 90' lang='lat' dir='ltr'><strong>sunt,</strong></span> <span class='ocrx_word' id='word_1_27' title='bbox 451 305 549 360; x_wconf 87' lang='lat' dir='ltr'><strong>quia</strong></span> <span class='ocrx_word' id='word_1_28' title='bbox 569 318 775 359; x_wconf 83' lang='lat' dir='ltr'><strong>nusquam</strong></span> <span class='ocrx_word' id='word_1_29' title='bbox 796 304 1013 344; x_wconf 85' lang='lat' dir='ltr'><strong>coluntur:</strong></span> <span class='ocrx_word' id='word_1_30' title='bbox 1039 320 1123 359; x_wconf 89' lang='lat' dir='ltr'><strong>quo</strong></span> <span class='ocrx_word' id='word_1_31' title='bbox 1144 305 1273 346; x_wconf 90' lang='lat' dir='ltr'><strong>modo</strong></span> <span class='ocrx_word' id='word_1_32' title='bbox 1294 307 1355 346; x_wconf 87' lang='lat' dir='ltr'><strong>illi</strong></span> <span class='ocrx_word' id='word_1_33' title='bbox 1374 311 1495 349; x_wconf 88' lang='lat' dir='ltr'><strong>sunt?</strong></span> 
     </span>
     <span class='ocr_line' id='line_1_5' title="bbox 67 360 1560 419; baseline -0.001 -14"><span class='ocrx_word' id='word_1_34' title='bbox 67 363 177 405; x_wconf 85' lang='lat' dir='ltr'><strong>Vide</strong></span> <span class='ocrx_word' id='word_1_35' title='bbox 210 364 354 419; x_wconf 84' lang='lat' dir='ltr'><strong>igitur,</strong></span> <span class='ocrx_word' id='word_1_36' title='bbox 377 377 428 403; x_wconf 90' lang='lat' dir='ltr'><strong>ne</strong></span> <span class='ocrx_word' id='word_1_37' title='bbox 455 360 676 401; x_wconf 88' lang='lat' dir='ltr'><strong>virtutibus</strong></span> <span class='ocrx_word' id='word_1_38' title='bbox 707 360 928 400; x_wconf 87' lang='lat' dir='ltr'><strong>hominum</strong></span> <span class='ocrx_word' id='word_1_39' title='bbox 957 360 1025 400; x_wconf 83' lang='lat' dir='ltr'><strong>isti</strong></span> <span class='ocrx_word' id='word_1_40' title='bbox 1049 361 1229 402; x_wconf 83' lang='lat' dir='ltr'>honores</span> <span class='ocrx_word' id='word_1_41' title='bbox 1250 363 1560 415; x_wconf 79' lang='lat' dir='ltr'><strong>habeantur,46</strong></span> 
     </span>
     <span class='ocr_line' id='line_1_6' title="bbox 68 417 1496 472; baseline -0.001 -11"><span class='ocrx_word' id='word_1_42' title='bbox 68 435 154 460; x_wconf 90' lang='lat' dir='ltr'><strong>non</strong></span> <span class='ocrx_word' id='word_1_43' title='bbox 174 417 589 461; x_wconf 83' lang='lat' dir='ltr'><strong>immortalitatibus:</strong></span> <span class='ocrx_word' id='word_1_44' title='bbox 623 417 738 472; x_wconf 88' lang='lat' dir='ltr'><strong>quod</strong></span> <span class='ocrx_word' id='word_1_45' title='bbox 773 426 819 457; x_wconf 91' lang='lat' dir='ltr'><strong>tu</strong></span> <span class='ocrx_word' id='word_1_46' title='bbox 851 430 1034 471; x_wconf 85' lang='lat' dir='ltr'><strong>quoque,</strong></span> <span class='ocrx_word' id='word_1_47' title='bbox 1054 417 1200 467; x_wconf 88' lang='lat' dir='ltr'><strong>Balbe,</strong></span> <span class='ocrx_word' id='word_1_48' title='bbox 1218 418 1327 459; x_wconf 88' lang='lat' dir='ltr'><strong>visus</strong></span> <span class='ocrx_word' id='word_1_49' title='bbox 1359 434 1402 459; x_wconf 91' lang='lat' dir='ltr'><strong>es</strong></span> <span class='ocrx_word' id='word_1_50' title='bbox 1433 420 1496 460; x_wconf 86' lang='lat' dir='ltr'><strong>di-</strong></span> 
     </span>
     <span class='ocr_line' id='line_1_7' title="bbox 67 473 1497 529; baseline -0.001 -11"><span class='ocrx_word' id='word_1_51' title='bbox 67 490 177 517; x_wconf 87' lang='lat' dir='ltr'><strong>cere.</strong></span> <span class='ocrx_word' id='word_1_52' title='bbox 237 478 337 518; x_wconf 79' lang='lat' dir='ltr'><strong>Quo</strong></span> <span class='ocrx_word' id='word_1_53' title='bbox 357 474 486 515; x_wconf 90' lang='lat' dir='ltr'><strong>modo</strong></span> <span class='ocrx_word' id='word_1_54' title='bbox 507 483 645 514; x_wconf 86' lang='lat' dir='ltr'><strong>autem</strong></span> <span class='ocrx_word' id='word_1_55' title='bbox 667 482 804 528; x_wconf 88' lang='lat' dir='ltr'><strong>potes,</strong></span> <span class='ocrx_word' id='word_1_56' title='bbox 825 473 858 514; x_wconf 91' lang='lat' dir='ltr'><strong>si</strong></span> <span class='ocrx_word' id='word_1_57' title='bbox 879 474 1087 513; x_wconf 79' lang='lat' dir='ltr'>Latonam</span> <span class='ocrx_word' id='word_1_58' title='bbox 1107 473 1229 514; x_wconf 88' lang='lat' dir='ltr'><strong>deam</strong></span> <span class='ocrx_word' id='word_1_59' title='bbox 1250 484 1388 529; x_wconf 89' lang='lat' dir='ltr'><strong>putas,</strong></span> <span class='ocrx_word' id='word_1_60' title='bbox 1406 477 1497 516; x_wconf 87' lang='lat' dir='ltr'><strong>He—</strong></span> 
     </span>
     <span class='ocr_line' id='line_1_8' title="bbox 66 529 1497 587; baseline -0.001 -13"><span class='ocrx_word' id='word_1_61' title='bbox 66 542 188 574; x_wconf 83' lang='lat' dir='ltr'>caten</span> <span class='ocrx_word' id='word_1_62' title='bbox 208 547 292 573; x_wconf 90' lang='lat' dir='ltr'><strong>non</strong></span> <span class='ocrx_word' id='word_1_63' title='bbox 311 540 472 587; x_wconf 88' lang='lat' dir='ltr'><strong>putare,</strong></span> <span class='ocrx_word' id='word_1_64' title='bbox 493 546 588 585; x_wconf 88' lang='lat' dir='ltr'><strong>quae</strong></span> <span class='ocrx_word' id='word_1_65' title='bbox 610 540 743 570; x_wconf 86' lang='lat' dir='ltr'><strong>matre</strong></span> <span class='ocrx_word' id='word_1_66' title='bbox 762 529 931 570; x_wconf 77' lang='lat' dir='ltr'><strong>Asteria</strong></span> <span class='ocrx_word' id='word_1_67' title='bbox 951 540 1028 580; x_wconf 90' lang='lat' dir='ltr'><strong>est,</strong></span> <span class='ocrx_word' id='word_1_68' title='bbox 1050 544 1192 570; x_wconf 88' lang='lat' dir='ltr'><strong>sorore</strong></span> <span class='ocrx_word' id='word_1_69' title='bbox 1215 532 1389 572; x_wconf 79' lang='lat' dir='ltr'><strong>Latonae</strong></span> <span class='ocrx_word' id='word_1_70' title='bbox 1407 534 1419 572; x_wconf 87' lang='lat'>?</span> <span class='ocrx_word' id='word_1_71' title='bbox 1445 548 1497 573; x_wconf 87' lang='lat' dir='ltr'><strong>an</strong></span> 
     </span>
     <span class='ocr_line' id='line_1_9' title="bbox 68 586 1497 644; baseline 0.001 -15"><span class='ocrx_word' id='word_1_72' title='bbox 68 588 160 629; x_wconf 86' lang='lat' dir='ltr'><strong>haec</strong></span> <span class='ocrx_word' id='word_1_73' title='bbox 189 602 358 644; x_wconf 88' lang='lat' dir='ltr'><strong>quoque</strong></span> <span class='ocrx_word' id='word_1_74' title='bbox 387 587 467 628; x_wconf 90' lang='lat' dir='ltr'><strong>dea</strong></span> <span class='ocrx_word' id='word_1_75' title='bbox 496 588 588 628; x_wconf 86' lang='lat' dir='ltr'><strong>est?</strong></span> <span class='ocrx_word' id='word_1_76' title='bbox 619 586 797 627; x_wconf 88' lang='lat' dir='ltr'><strong>vidimus</strong></span> <span class='ocrx_word' id='word_1_77' title='bbox 823 586 932 627; x_wconf 88' lang='lat' dir='ltr'><strong>enim</strong></span> <span class='ocrx_word' id='word_1_78' title='bbox 956 587 1046 642; x_wconf 87' lang='lat' dir='ltr'><strong>ejus</strong></span> <span class='ocrx_word' id='word_1_79' title='bbox 1067 601 1156 627; x_wconf 87' lang='lat' dir='ltr'><strong>aras</strong></span> <span class='ocrx_word' id='word_1_80' title='bbox 1178 586 1433 644; x_wconf 79' lang='lat' dir='ltr'>delubraque</span> <span class='ocrx_word' id='word_1_81' title='bbox 1454 589 1497 630; x_wconf 90' lang='lat' dir='ltr'><strong>in</strong></span> 
     </span>
     <span class='ocr_line' id='line_1_10' title="bbox 69 642 1497 699; baseline 0 -13"><span class='ocrx_word' id='word_1_82' title='bbox 69 646 248 686; x_wconf 87' lang='lat' dir='ltr'><strong>Graecia.</strong></span> <span class='ocrx_word' id='word_1_83' title='bbox 279 645 342 685; x_wconf 90' lang='lat' dir='ltr'><strong>sin</strong></span> <span class='ocrx_word' id='word_1_84' title='bbox 366 644 455 685; x_wconf 85' lang='lat' dir='ltr'><strong>haec</strong></span> <span class='ocrx_word' id='word_1_85' title='bbox 477 644 555 684; x_wconf 88' lang='lat' dir='ltr'><strong>dea</strong></span> <span class='ocrx_word' id='word_1_86' title='bbox 579 653 656 694; x_wconf 89' lang='lat' dir='ltr'><strong>est,</strong></span> <span class='ocrx_word' id='word_1_87' title='bbox 678 658 752 684; x_wconf 92' lang='lat' dir='ltr'><strong>cur</strong></span> <span class='ocrx_word' id='word_1_88' title='bbox 784 658 869 683; x_wconf 88' lang='lat' dir='ltr'><strong>non</strong></span> <span class='ocrx_word' id='word_1_89' title='bbox 897 642 1182 684; x_wconf 83' lang='lat' dir='ltr'><strong>Eumenides?</strong></span> <span class='ocrx_word' id='word_1_90' title='bbox 1215 659 1310 699; x_wconf 82' lang='lat' dir='ltr'><strong>quae</strong></span> <span class='ocrx_word' id='word_1_91' title='bbox 1346 647 1380 685; x_wconf 90' lang='lat' dir='ltr'><strong>si</strong></span> <span class='ocrx_word' id='word_1_92' title='bbox 1406 646 1497 686; x_wconf 83' lang='lat' dir='ltr'><strong>deae</strong></span> 
     </span>
     <span class='ocr_line' id='line_1_11' title="bbox 66 700 1496 757; baseline 0.001 -15"><span class='ocrx_word' id='word_1_93' title='bbox 66 711 179 752; x_wconf 89' lang='lat' dir='ltr'><strong>sunt,</strong></span> <span class='ocrx_word' id='word_1_94' title='bbox 202 716 378 756; x_wconf 89' lang='lat' dir='ltr'><strong>quarum</strong></span> <span class='ocrx_word' id='word_1_95' title='bbox 410 709 453 741; x_wconf 90' lang='lat' dir='ltr'><strong>et</strong></span> <span class='ocrx_word' id='word_1_96' title='bbox 486 700 665 740; x_wconf 78' lang='lat' dir='ltr'><strong>Athenis</strong></span> <span class='ocrx_word' id='word_1_97' title='bbox 697 706 734 732; x_wconf 77' lang='grc'><strong>56</strong></span> <span class='ocrx_word' id='word_1_98' title='bbox 748 700 890 740; x_wconf 86' lang='lat' dir='ltr'><strong>fanum</strong></span> <span class='ocrx_word' id='word_1_99' title='bbox 922 709 1000 751; x_wconf 89' lang='lat' dir='ltr'><strong>est,</strong></span> <span class='ocrx_word' id='word_1_100' title='bbox 1020 709 1062 740; x_wconf 87' lang='lat' dir='ltr'><strong>et</strong></span> <span class='ocrx_word' id='word_1_101' title='bbox 1090 700 1202 755; x_wconf 87' lang='lat' dir='ltr'><strong>apud</strong></span> <span class='ocrx_word' id='word_1_102' title='bbox 1234 716 1324 752; x_wconf 88' lang='lat' dir='ltr'><strong>nos,</strong></span> <span class='ocrx_word' id='word_1_103' title='bbox 1346 710 1393 742; x_wconf 85' lang='lat' dir='ltr'><strong>ut</strong></span> <span class='ocrx_word' id='word_1_104' title='bbox 1413 716 1496 757; x_wconf 81' lang='lat' dir='ltr'><strong>ego</strong></span> 
     </span>
     <span class='ocr_line' id='line_1_12' title="bbox 65 756 1496 812; baseline 0.001 -14"><span class='ocrx_word' id='word_1_105' title='bbox 65 758 329 812; x_wconf 85' lang='lat' dir='ltr'><strong>interpretor,</strong></span> <span class='ocrx_word' id='word_1_106' title='bbox 366 757 487 798; x_wconf 89' lang='lat' dir='ltr'><strong>lucus</strong></span> <span class='ocrx_word' id='word_1_107' title='bbox 522 757 717 797; x_wconf 82' lang='lat' dir='ltr'><strong>Furinae:</strong></span> <span class='ocrx_word' id='word_1_108' title='bbox 756 758 788 797; x_wconf 89' lang='lat' dir='ltr'>F</span> <span class='ocrx_word' id='word_1_109' title='bbox 790 756 891 797; x_wconf 85' lang='lat' dir='ltr'><strong>uriae</strong></span> <span class='ocrx_word' id='word_1_110' title='bbox 922 756 1011 797; x_wconf 62' lang='lat' dir='ltr'><strong>deae</strong></span> <span class='ocrx_word' id='word_1_111' title='bbox 1043 766 1153 808; x_wconf 88' lang='lat' dir='ltr'><strong>sunt,</strong></span> <span class='ocrx_word' id='word_1_112' title='bbox 1185 758 1496 812; x_wconf 77' lang='lat' dir='ltr'>speculatrices,</span> 
     </span>
     <span class='ocr_line' id='line_1_13' title="bbox 65 813 1556 866; baseline 0.002 -12"><span class='ocrx_word' id='word_1_113' title='bbox 65 813 208 864; x_wconf 89' lang='lat' dir='ltr'><strong>credo,</strong></span> <span class='ocrx_word' id='word_1_114' title='bbox 229 822 272 854; x_wconf 90' lang='lat' dir='ltr'><strong>et</strong></span> <span class='ocrx_word' id='word_1_115' title='bbox 300 815 480 855; x_wconf 86' lang='lat' dir='ltr'><strong>vindices</strong></span> <span class='ocrx_word' id='word_1_116' title='bbox 510 814 743 854; x_wconf 78' lang='lat' dir='ltr'>facinorum</span> <span class='ocrx_word' id='word_1_117' title='bbox 777 822 820 854; x_wconf 87' lang='lat' dir='ltr'><strong>et</strong></span> <span class='ocrx_word' id='word_1_118' title='bbox 851 814 1030 854; x_wconf 86' lang='lat' dir='ltr'><strong>sceleris.</strong></span> <span class='ocrx_word' id='word_1_119' title='bbox 1090 815 1219 856; x_wconf 75' lang='lat' dir='ltr'><strong>Quod</strong></span> <span class='ocrx_word' id='word_1_120' title='bbox 1249 815 1282 855; x_wconf 90' lang='lat' dir='ltr'><strong>si</strong></span> <span class='ocrx_word' id='word_1_121' title='bbox 1314 814 1416 856; x_wconf 87' lang='lat' dir='ltr'><strong>tales</strong></span> <span class='ocrx_word' id='word_1_122' title='bbox 1438 815 1556 866; x_wconf 80' lang='lat' dir='ltr'><strong>dii47</strong></span> 
     </span>
     <span class='ocr_line' id='line_1_14' title="bbox 64 869 1496 926; baseline 0.001 -15"><span class='ocrx_word' id='word_1_123' title='bbox 64 879 178 920; x_wconf 87' lang='lat' dir='ltr'><strong>sunt,</strong></span> <span class='ocrx_word' id='word_1_124' title='bbox 194 879 243 911; x_wconf 91' lang='lat' dir='ltr'><strong>ut</strong></span> <span class='ocrx_word' id='word_1_125' title='bbox 262 871 386 912; x_wconf 88' lang='lat' dir='ltr'><strong>rebus</strong></span> <span class='ocrx_word' id='word_1_126' title='bbox 408 870 602 912; x_wconf 89' lang='lat' dir='ltr'><strong>humanis</strong></span> <span class='ocrx_word' id='word_1_127' title='bbox 623 869 838 910; x_wconf 83' lang='lat' dir='ltr'><strong>intersint:</strong></span> <span class='ocrx_word' id='word_1_128' title='bbox 869 869 1001 910; x_wconf 85' lang='lat' dir='ltr'><strong>Natio</strong></span> <span class='ocrx_word' id='word_1_129' title='bbox 1021 885 1191 926; x_wconf 90' lang='lat' dir='ltr'><strong>quoque</strong></span> <span class='ocrx_word' id='word_1_130' title='bbox 1211 871 1289 912; x_wconf 93' lang='lat' dir='ltr'><strong>dea</strong></span> <span class='ocrx_word' id='word_1_131' title='bbox 1308 872 1496 926; x_wconf 90' lang='lat' dir='ltr'><strong>putanda</strong></span> 
     </span>
     <span class='ocr_line' id='line_1_15' title="bbox 64 926 1601 980; baseline 0.003 -14"><span class='ocrx_word' id='word_1_132' title='bbox 64 935 154 967; x_wconf 89' lang='lat' dir='ltr'><strong>est:</strong></span> <span class='ocrx_word' id='word_1_133' title='bbox 187 927 270 977; x_wconf 88' lang='lat' dir='ltr'><strong>cui,</strong></span> <span class='ocrx_word' id='word_1_134' title='bbox 292 942 388 968; x_wconf 84' lang='lat' dir='ltr'><strong>curn</strong></span> <span class='ocrx_word' id='word_1_135' title='bbox 417 928 513 967; x_wconf 86' lang='lat' dir='ltr'><strong>fana</strong></span> <span class='ocrx_word' id='word_1_136' title='bbox 539 926 764 966; x_wconf 88' lang='lat' dir='ltr'>circuimus</span> <span class='ocrx_word' id='word_1_137' title='bbox 795 926 838 966; x_wconf 90' lang='lat' dir='ltr'><strong>in</strong></span> <span class='ocrx_word' id='word_1_138' title='bbox 868 939 972 980; x_wconf 81' lang='lat' dir='ltr'><strong>agro</strong></span> <span class='ocrx_word' id='word_1_139' title='bbox 993 927 1182 977; x_wconf 77' lang='lat' dir='ltr'><strong>Ardeati,</strong></span> <span class='ocrx_word' id='word_1_140' title='bbox 1204 942 1292 968; x_wconf 87' lang='lat' dir='ltr'><strong>rem</strong></span> <span class='ocrx_word' id='word_1_141' title='bbox 1313 928 1493 970; x_wconf 84' lang='lat' dir='ltr'><strong>divinam</strong></span> <span class='ocrx_word' id='word_1_142' title='bbox 1505 941 1535 971; x_wconf 79' lang='lat' dir='ltr'><strong>p·</strong></span> <span class='ocrx_word' id='word_1_143' title='bbox 1550 937 1601 965; x_wconf 83' lang='grc'><strong>69-</strong></span> 
     </span>
     <span class='ocr_line' id='line_1_16' title="bbox 63 982 1536 1038; baseline 0.002 -15"><span class='ocrx_word' id='word_1_144' title='bbox 63 983 201 1024; x_wconf 86' lang='lat' dir='ltr'><strong>facere</strong></span> <span class='ocrx_word' id='word_1_145' title='bbox 223 984 421 1024; x_wconf 85' lang='lat' dir='ltr'><strong>solemus.</strong></span> <span class='ocrx_word' id='word_1_146' title='bbox 441 997 536 1037; x_wconf 87' lang='lat' dir='ltr'><strong>quae</strong></span> <span class='ocrx_word' id='word_1_147' title='bbox 558 982 657 1037; x_wconf 88' lang='lat' dir='ltr'><strong>quia</strong></span> <span class='ocrx_word' id='word_1_148' title='bbox 676 991 820 1038; x_wconf 82' lang='lat' dir='ltr'><strong>partus</strong></span> <span class='ocrx_word' id='word_1_149' title='bbox 842 992 1129 1023; x_wconf 84' lang='lat' dir='ltr'><strong>matronarum</strong></span> <span class='ocrx_word' id='word_1_150' title='bbox 1152 994 1333 1035; x_wconf 86' lang='lat' dir='ltr'><strong>tueatur,</strong></span> <span class='ocrx_word' id='word_1_151' title='bbox 1354 1000 1379 1025; x_wconf 89' lang='lat' dir='ltr'><strong>a</strong></span> <span class='ocrx_word' id='word_1_152' title='bbox 1400 1001 1494 1027; x_wconf 86' lang='lat' dir='ltr'><strong>nas-</strong></span> <span class='ocrx_word' id='word_1_153' title='bbox 1506 984 1536 1006; x_wconf 83' lang='lat' dir='ltr'><strong>a.</strong></span> 
     </span>
     <span class='ocr_line' id='line_1_17' title="bbox 63 1038 1497 1093; baseline 0.002 -13"><span class='ocrx_word' id='word_1_154' title='bbox 63 1040 255 1080; x_wconf 89' lang='lat' dir='ltr'><strong>centibus</strong></span> <span class='ocrx_word' id='word_1_155' title='bbox 276 1039 408 1080; x_wconf 89' lang='lat' dir='ltr'><strong>Natio</strong></span> <span class='ocrx_word' id='word_1_156' title='bbox 430 1039 646 1079; x_wconf 85' lang='lat' dir='ltr'><strong>nominata</strong></span> <span class='ocrx_word' id='word_1_157' title='bbox 667 1048 743 1080; x_wconf 88' lang='lat' dir='ltr'><strong>est.</strong></span> <span class='ocrx_word' id='word_1_158' title='bbox 804 1041 866 1079; x_wconf 89' lang='lat' dir='ltr'><strong>Ea</strong></span> <span class='ocrx_word' id='word_1_159' title='bbox 893 1039 926 1079; x_wconf 92' lang='lat' dir='ltr'><strong>si</strong></span> <span class='ocrx_word' id='word_1_160' title='bbox 953 1038 1031 1079; x_wconf 88' lang='lat' dir='ltr'><strong>dea</strong></span> <span class='ocrx_word' id='word_1_161' title='bbox 1050 1049 1113 1081; x_wconf 88' lang='lat' dir='ltr'><strong>est</strong></span> <span class='ocrx_word' id='word_1_162' title='bbox 1132 1056 1142 1090; x_wconf 92' lang='lat'>;</span> <span class='ocrx_word' id='word_1_163' title='bbox 1175 1041 1233 1081; x_wconf 90' lang='lat' dir='ltr'><strong>dii</strong></span> <span class='ocrx_word' id='word_1_164' title='bbox 1252 1056 1398 1082; x_wconf 90' lang='lat' dir='ltr'><strong>omnes</strong></span> <span class='ocrx_word' id='word_1_165' title='bbox 1420 1042 1497 1093; x_wconf 85' lang='lat' dir='ltr'><strong>illi,</strong></span> 
     </span>
     <span class='ocr_line' id='line_1_18' title="bbox 62 1095 1497 1151; baseline 0.003 -15"><span class='ocrx_word' id='word_1_166' title='bbox 62 1096 136 1151; x_wconf 90' lang='lat' dir='ltr'><strong>qui</strong></span> <span class='ocrx_word' id='word_1_167' title='bbox 156 1095 597 1137; x_wconf 75' lang='lat' dir='ltr'><strong>commemorabantur</strong></span> <span class='ocrx_word' id='word_1_168' title='bbox 615 1111 639 1136; x_wconf 85' lang='lat' dir='ltr'><strong>a</strong></span> <span class='ocrx_word' id='word_1_169' title='bbox 660 1104 716 1147; x_wconf 90' lang='lat' dir='ltr'><strong>te,</strong></span> <span class='ocrx_word' id='word_1_170' title='bbox 737 1096 902 1146; x_wconf 84' lang='lat' dir='ltr'><strong>Honos,</strong></span> <span class='ocrx_word' id='word_1_171' title='bbox 927 1095 1063 1147; x_wconf 83' lang='lat' dir='ltr'><strong>Fides,</strong></span> <span class='ocrx_word' id='word_1_172' title='bbox 1082 1098 1222 1146; x_wconf 87' lang='lat' dir='ltr'><strong>Mens,</strong></span> <span class='ocrx_word' id='word_1_173' title='bbox 1244 1097 1497 1140; x_wconf 82' lang='lat' dir='ltr'><strong>Concordia.</strong></span> 
     </span>
     <span class='ocr_line' id='line_1_19' title="bbox 61 1153 1497 1208; baseline 0.001 -15"><span class='ocrx_word' id='word_1_174' title='bbox 61 1166 167 1208; x_wconf 85' lang='lat' dir='ltr'><strong>ergo</strong></span> <span class='ocrx_word' id='word_1_175' title='bbox 192 1153 320 1193; x_wconf 89' lang='lat' dir='ltr'><strong>etiam</strong></span> <span class='ocrx_word' id='word_1_176' title='bbox 350 1153 468 1208; x_wconf 85' lang='lat' dir='ltr'><strong>Spes,</strong></span> <span class='ocrx_word' id='word_1_177' title='bbox 491 1153 684 1203; x_wconf 87' lang='lat' dir='ltr'><strong>Moneta,</strong></span> <span class='ocrx_word' id='word_1_178' title='bbox 709 1153 947 1208; x_wconf 78' lang='lat' dir='ltr'><strong>omniaque,</strong></span> <span class='ocrx_word' id='word_1_179' title='bbox 969 1168 1062 1208; x_wconf 78' lang='lat' dir='ltr'><strong>quae</strong></span> <span class='ocrx_word' id='word_1_180' title='bbox 1082 1154 1339 1208; x_wconf 81' lang='lat' dir='ltr'><strong>cogitatione</strong></span> <span class='ocrx_word' id='word_1_181' title='bbox 1362 1162 1398 1190; x_wconf 81' lang='grc'><strong>57</strong></span> <span class='ocrx_word' id='word_1_182' title='bbox 1420 1171 1497 1196; x_wconf 92' lang='lat' dir='ltr'><strong>no-</strong></span> 
     </span>
     <span class='ocr_line' id='line_1_20' title="bbox 61 1207 1495 1265; baseline 0.002 -16"><span class='ocrx_word' id='word_1_183' title='bbox 61 1207 218 1249; x_wconf 87' lang='lat' dir='ltr'><strong>bismet</strong></span> <span class='ocrx_word' id='word_1_184' title='bbox 238 1209 317 1264; x_wconf 90' lang='lat' dir='ltr'><strong>ipsi</strong></span> <span class='ocrx_word' id='word_1_185' title='bbox 339 1224 563 1264; x_wconf 90' lang='lat' dir='ltr'><strong>possumus</strong></span> <span class='ocrx_word' id='word_1_186' title='bbox 584 1209 756 1265; x_wconf 83' lang='lat' dir='ltr'><strong>fingere.</strong></span> <span class='ocrx_word' id='word_1_187' title='bbox 788 1210 902 1265; x_wconf 88' lang='lat' dir='ltr'><strong>quod</strong></span> <span class='ocrx_word' id='word_1_188' title='bbox 923 1208 955 1249; x_wconf 86' lang='lat' dir='ltr'><strong>si</strong></span> <span class='ocrx_word' id='word_1_189' title='bbox 978 1210 1196 1251; x_wconf 85' lang='lat' dir='ltr'><strong>verisimile</strong></span> <span class='ocrx_word' id='word_1_190' title='bbox 1218 1226 1302 1251; x_wconf 89' lang='lat' dir='ltr'><strong>non</strong></span> <span class='ocrx_word' id='word_1_191' title='bbox 1324 1220 1411 1251; x_wconf 87' lang='lat' dir='ltr'><strong>est:</strong></span> <span class='ocrx_word' id='word_1_192' title='bbox 1443 1226 1495 1252; x_wconf 90' lang='lat' dir='ltr'><strong>ne</strong></span> 
     </span>
     <span class='ocr_line' id='line_1_21' title="bbox 61 1256 1580 1322; baseline 0.005 -17"><span class='ocrx_word' id='word_1_193' title='bbox 61 1265 168 1305; x_wconf 91' lang='lat' dir='ltr'><strong>illud</strong></span> <span class='ocrx_word' id='word_1_194' title='bbox 188 1266 361 1321; x_wconf 88' lang='lat' dir='ltr'><strong>quidem</strong></span> <span class='ocrx_word' id='word_1_195' title='bbox 383 1276 459 1317; x_wconf 79' lang='lat' dir='ltr'><strong>est,</strong></span> <span class='ocrx_word' id='word_1_196' title='bbox 482 1265 574 1306; x_wconf 87' lang='lat' dir='ltr'><strong>haec</strong></span> <span class='ocrx_word' id='word_1_197' title='bbox 595 1266 706 1306; x_wconf 88' lang='lat' dir='ltr'><strong>unde</strong></span> <span class='ocrx_word' id='word_1_198' title='bbox 727 1266 950 1306; x_wconf 78' lang='lat' dir='ltr'><strong>fluxerunt.</strong></span> <span class='ocrx_word' id='word_1_199' title='bbox 1008 1266 1124 1322; x_wconf 68' lang='lat' dir='ltr'><strong>Quid</strong></span> <span class='ocrx_word' id='word_1_200' title='bbox 1143 1276 1286 1308; x_wconf 86' lang='lat' dir='ltr'><strong>autem</strong></span> <span class='ocrx_word' id='word_1_201' title='bbox 1307 1267 1438 1309; x_wconf 85' lang='lat' dir='ltr'><strong>dicis?</strong></span> <span class='ocrx_word' id='word_1_202' title='bbox 1463 1269 1497 1310; x_wconf 88' lang='lat' dir='ltr'><strong>si</strong></span> <span class='ocrx_word' id='word_1_203' title='bbox 1515 1256 1580 1312; x_wconf 78' lang='grc'><strong>19</strong></span> 
     </span>
     <span class='ocr_line' id='line_1_22' title="bbox 62 1321 1498 1377; baseline 0.002 -15"><span class='ocrx_word' id='word_1_204' title='bbox 62 1321 124 1362; x_wconf 89' lang='lat' dir='ltr'><strong>dii</strong></span> <span class='ocrx_word' id='word_1_205' title='bbox 144 1332 241 1362; x_wconf 90' lang='lat' dir='ltr'><strong>sunt</strong></span> <span class='ocrx_word' id='word_1_206' title='bbox 263 1322 336 1373; x_wconf 86' lang='lat' dir='ltr'><strong>illi,</strong></span> <span class='ocrx_word' id='word_1_207' title='bbox 359 1337 465 1377; x_wconf 92' lang='lat' dir='ltr'><strong>quos</strong></span> <span class='ocrx_word' id='word_1_208' title='bbox 485 1322 665 1363; x_wconf 88' lang='lat' dir='ltr'><strong>colimus</strong></span> <span class='ocrx_word' id='word_1_209' title='bbox 687 1330 778 1363; x_wconf 79' lang='lat' dir='ltr'><strong>⁵8et</strong></span> <span class='ocrx_word' id='word_1_210' title='bbox 797 1322 1025 1377; x_wconf 86' lang='lat' dir='ltr'><strong>accipimus</strong></span> <span class='ocrx_word' id='word_1_211' title='bbox 1044 1339 1053 1363; x_wconf 91' lang='lat'><strong>:</strong></span> <span class='ocrx_word' id='word_1_212' title='bbox 1085 1338 1160 1363; x_wconf 87' lang='lat' dir='ltr'><strong>cur</strong></span> <span class='ocrx_word' id='word_1_213' title='bbox 1180 1339 1264 1364; x_wconf 90' lang='lat' dir='ltr'><strong>non</strong></span> <span class='ocrx_word' id='word_1_214' title='bbox 1283 1324 1433 1365; x_wconf 89' lang='lat' dir='ltr'><strong>eodem</strong></span> <span class='ocrx_word' id='word_1_215' title='bbox 1454 1325 1498 1366; x_wconf 91' lang='lat' dir='ltr'><strong>in</strong></span> 
     </span>
     <span class='ocr_line' id='line_1_23' title="bbox 60 1379 1500 1434; baseline 0.003 -16"><span class='ocrx_word' id='word_1_216' title='bbox 60 1391 217 1432; x_wconf 85' lang='lat' dir='ltr'><strong>genere</strong></span> <span class='ocrx_word' id='word_1_217' title='bbox 237 1380 425 1434; x_wconf 86' lang='lat' dir='ltr'><strong>Serapim</strong></span> <span class='ocrx_word' id='word_1_218' title='bbox 450 1379 634 1434; x_wconf 88' lang='lat' dir='ltr'><strong>Isimque</strong></span> <span class='ocrx_word' id='word_1_219' title='bbox 666 1380 967 1420; x_wconf 83' lang='lat' dir='ltr'><strong>numeremus?</strong></span> <span class='ocrx_word' id='word_1_220' title='bbox 999 1379 1116 1434; x_wconf 90' lang='lat' dir='ltr'><strong>quod</strong></span> <span class='ocrx_word' id='word_1_221' title='bbox 1147 1380 1180 1420; x_wconf 91' lang='lat' dir='ltr'><strong>si</strong></span> <span class='ocrx_word' id='word_1_222' title='bbox 1211 1381 1400 1431; x_wconf 83' lang='lat' dir='ltr'><strong>facimus,</strong></span> <span class='ocrx_word' id='word_1_223' title='bbox 1422 1396 1500 1422; x_wconf 90' lang='lat' dir='ltr'><strong>cur</strong></span> 
     </span>
     <span class='ocr_line' id='line_1_24' title="bbox 61 1435 1496 1493; baseline 0.002 -18"><span class='ocrx_word' id='word_1_224' title='bbox 61 1435 339 1476; x_wconf 86' lang='lat' dir='ltr'><strong>barbarorum</strong></span> <span class='ocrx_word' id='word_1_225' title='bbox 373 1436 473 1476; x_wconf 89' lang='lat' dir='ltr'><strong>deos</strong></span> <span class='ocrx_word' id='word_1_226' title='bbox 503 1435 801 1491; x_wconf 86' lang='lat' dir='ltr'><strong>repudiemus?</strong></span> <span class='ocrx_word' id='word_1_227' title='bbox 837 1436 963 1476; x_wconf 89' lang='lat' dir='ltr'><strong>boves</strong></span> <span class='ocrx_word' id='word_1_228' title='bbox 992 1436 1136 1491; x_wconf 84' lang='lat' dir='ltr'><strong>igitur,</strong></span> <span class='ocrx_word' id='word_1_229' title='bbox 1158 1446 1200 1478; x_wconf 91' lang='lat' dir='ltr'><strong>et</strong></span> <span class='ocrx_word' id='word_1_230' title='bbox 1223 1451 1369 1493; x_wconf 89' lang='lat' dir='ltr'><strong>equos,</strong></span> <span class='ocrx_word' id='word_1_231' title='bbox 1390 1438 1496 1490; x_wconf 86' lang='lat' dir='ltr'><strong>ibes,</strong></span> 
     </span>
     <span class='ocr_line' id='line_1_25' title="bbox 60 1491 1494 1549; baseline 0.003 -18"><span class='ocrx_word' id='word_1_232' title='bbox 60 1491 293 1546; x_wconf 85' lang='lat' dir='ltr'><strong>accipitres,</strong></span> <span class='ocrx_word' id='word_1_233' title='bbox 329 1492 508 1547; x_wconf 85' lang='lat' dir='ltr'><strong>aspidas,</strong></span> <span class='ocrx_word' id='word_1_234' title='bbox 548 1492 800 1543; x_wconf 86' lang='lat' dir='ltr'><strong>crocodilos,</strong></span> <span class='ocrx_word' id='word_1_235' title='bbox 838 1492 988 1547; x_wconf 88' lang='lat' dir='ltr'><strong>pisces,</strong></span> <span class='ocrx_word' id='word_1_236' title='bbox 1023 1507 1162 1543; x_wconf 88' lang='lat' dir='ltr'><strong>canes,</strong></span> <span class='ocrx_word' id='word_1_237' title='bbox 1196 1494 1335 1549; x_wconf 89' lang='lat' dir='ltr'><strong>lupos,</strong></span> <span class='ocrx_word' id='word_1_238' title='bbox 1376 1494 1494 1545; x_wconf 88' lang='lat' dir='ltr'><strong>feles,</strong></span> 
     </span>
     <span class='ocr_line' id='line_1_26' title="bbox 60 1548 1493 1606; baseline 0.003 -18"><span class='ocrx_word' id='word_1_239' title='bbox 60 1548 218 1588; x_wconf 91' lang='lat' dir='ltr'><strong>multas</strong></span> <span class='ocrx_word' id='word_1_240' title='bbox 240 1557 443 1602; x_wconf 78' lang='lat' dir='ltr'><strong>praeterea</strong></span> <span class='ocrx_word' id='word_1_241' title='bbox 462 1549 623 1600; x_wconf 86' lang='lat' dir='ltr'><strong>beluas,</strong></span> <span class='ocrx_word' id='word_1_242' title='bbox 643 1549 684 1589; x_wconf 90' lang='lat' dir='ltr'><strong>in</strong></span> <span class='ocrx_word' id='word_1_243' title='bbox 706 1548 882 1590; x_wconf 86' lang='lat' dir='ltr'><strong>deorum</strong></span> <span class='ocrx_word' id='word_1_244' title='bbox 905 1564 1080 1590; x_wconf 88' lang='lat' dir='ltr'><strong>numero</strong></span> <span class='ocrx_word' id='word_1_245' title='bbox 1101 1565 1366 1605; x_wconf 88' lang='lat' dir='ltr'><strong>reponemus.</strong></span> <span class='ocrx_word' id='word_1_246' title='bbox 1398 1566 1493 1606; x_wconf 84' lang='lat' dir='ltr'><strong>quae</strong></span> 
     </span>
    </p>

    <p class='ocr_par' dir='ltr' id='par_1_3' title="bbox 58 1604 1557 2453">
     <span class='ocr_line' id='line_1_27' title="bbox 61 1604 1493 1662; baseline 0.003 -18"><span class='ocrx_word' id='word_1_247' title='bbox 61 1604 96 1644; x_wconf 88' lang='lat' dir='ltr'><strong>si</strong></span> <span class='ocrx_word' id='word_1_248' title='bbox 127 1604 381 1659; x_wconf 79' lang='lat' dir='ltr'><strong>rejicianmS,</strong></span> <span class='ocrx_word' id='word_1_249' title='bbox 411 1605 483 1645; x_wconf 88' lang='lat' dir='ltr'><strong>illa</strong></span> <span class='ocrx_word' id='word_1_250' title='bbox 508 1620 678 1661; x_wconf 84' lang='lat' dir='ltr'><strong>quoque</strong></span> <span class='ocrx_word' id='word_1_251' title='bbox 711 1605 823 1646; x_wconf 88' lang='lat' dir='ltr'><strong>unde</strong></span> <span class='ocrx_word' id='word_1_252' title='bbox 851 1605 942 1646; x_wconf 86' lang='lat' dir='ltr'><strong>haec</strong></span> <span class='ocrx_word' id='word_1_253' title='bbox 976 1614 1073 1646; x_wconf 87' lang='lat' dir='ltr'><strong>nata</strong></span> <span class='ocrx_word' id='word_1_254' title='bbox 1103 1617 1212 1658; x_wconf 79' lang='lat' dir='ltr'><strong>sunt,</strong></span> <span class='ocrx_word' id='word_1_255' title='bbox 1243 1607 1493 1662; x_wconf 84' lang='lat' dir='ltr'><strong>rejiciemus.</strong></span> 
     </span>
     <span class='ocr_line' id='line_1_28' title="bbox 62 1660 1557 1716; baseline 0.001 -14"><span class='ocrx_word' id='word_1_256' title='bbox 62 1660 180 1703; x_wconf 80' lang='lat' dir='ltr'><strong>Quid</strong></span> <span class='ocrx_word' id='word_1_257' title='bbox 202 1660 382 1702; x_wconf 85' lang='lat' dir='ltr'><strong>deinde?</strong></span> <span class='ocrx_word' id='word_1_258' title='bbox 416 1663 508 1712; x_wconf 90' lang='lat' dir='ltr'><strong>Ino,</strong></span> <span class='ocrx_word' id='word_1_259' title='bbox 529 1662 605 1703; x_wconf 88' lang='lat' dir='ltr'><strong>dea</strong></span> <span class='ocrx_word' id='word_1_260' title='bbox 626 1661 802 1713; x_wconf 84' lang='lat' dir='ltr'><strong>dicetur,</strong></span> <span class='ocrx_word' id='word_1_261' title='bbox 824 1677 918 1716; x_wconf 75' lang='lat' dir='ltr'><strong>quae</strong></span> <span class='ocrx_word' id='word_1_262' title='bbox 947 1663 1192 1703; x_wconf 82' lang='lat' dir='ltr'><strong>Leucothea</strong></span> <span class='ocrx_word' id='word_1_263' title='bbox 1221 1678 1246 1703; x_wconf 91' lang='lat' dir='ltr'><strong>a</strong></span> <span class='ocrx_word' id='word_1_264' title='bbox 1275 1664 1450 1715; x_wconf 79' lang='lat' dir='ltr'><strong>Graecis,</strong></span> <span class='ocrx_word' id='word_1_265' title='bbox 1471 1670 1557 1705; x_wconf 80' lang='lat' dir='ltr'><strong>a48</strong></span> 
     </span>
     <span class='ocr_line' id='line_1_29' title="bbox 61 1717 1495 1771; baseline 0.003 -13"><span class='ocrx_word' id='word_1_266' title='bbox 61 1717 184 1758; x_wconf 89' lang='lat' dir='ltr'><strong>nobis</strong></span> <span class='ocrx_word' id='word_1_267' title='bbox 207 1719 378 1758; x_wconf 88' lang='lat' dir='ltr'><strong>Matuta</strong></span> <span class='ocrx_word' id='word_1_268' title='bbox 403 1718 569 1769; x_wconf 89' lang='lat' dir='ltr'><strong>dicitur,</strong></span> <span class='ocrx_word' id='word_1_269' title='bbox 589 1733 686 1759; x_wconf 84' lang='lat' dir='ltr'><strong>cum</strong></span> <span class='ocrx_word' id='word_1_270' title='bbox 717 1719 770 1759; x_wconf 87' lang='lat' dir='ltr'><strong>sit</strong></span> <span class='ocrx_word' id='word_1_271' title='bbox 803 1718 954 1759; x_wconf 86' lang='lat' dir='ltr'><strong>Cadmi</strong></span> <span class='ocrx_word' id='word_1_272' title='bbox 987 1719 1098 1759; x_wconf 86' lang='lat' dir='ltr'><strong>filia?</strong></span> <span class='ocrx_word' id='word_1_273' title='bbox 1134 1719 1257 1760; x_wconf 91' lang='lat' dir='ltr'><strong>Circe</strong></span> <span class='ocrx_word' id='word_1_274' title='bbox 1277 1729 1433 1771; x_wconf 87' lang='lat' dir='ltr'><strong>autem,</strong></span> <span class='ocrx_word' id='word_1_275' title='bbox 1453 1730 1495 1763; x_wconf 89' lang='lat' dir='ltr'><strong>et</strong></span> 
     </span>
     <span class='ocr_line' id='line_1_30' title="bbox 62 1773 1496 1832; baseline 0.003 -18"><span class='ocrx_word' id='word_1_276' title='bbox 62 1773 281 1829; x_wconf 75' lang='lat' dir='ltr'><strong>Pasiphae,</strong></span> <span class='ocrx_word' id='word_1_277' title='bbox 316 1783 355 1808; x_wconf 83' lang='lat'><strong>⁵9</strong></span> <span class='ocrx_word' id='word_1_278' title='bbox 371 1783 414 1815; x_wconf 88' lang='lat' dir='ltr'><strong>et</strong></span> <span class='ocrx_word' id='word_1_279' title='bbox 444 1776 550 1825; x_wconf 87' lang='lat' dir='ltr'><strong>Aee,</strong></span> <span class='ocrx_word' id='word_1_280' title='bbox 591 1790 614 1815; x_wconf 88' lang='lat' dir='ltr'><strong>e</strong></span> <span class='ocrx_word' id='word_1_281' title='bbox 654 1775 860 1825; x_wconf 85' lang='lat' dir='ltr'><strong>Perseide,</strong></span> <span class='ocrx_word' id='word_1_282' title='bbox 897 1775 1057 1816; x_wconf 88' lang='lat' dir='ltr'><strong>Oceani</strong></span> <span class='ocrx_word' id='word_1_283' title='bbox 1088 1776 1185 1826; x_wconf 82' lang='lat' dir='ltr'><strong>filia,</strong></span> <span class='ocrx_word' id='word_1_284' title='bbox 1220 1786 1343 1827; x_wconf 80' lang='lat' dir='ltr'><strong>natae,</strong></span> <span class='ocrx_word' id='word_1_285' title='bbox 1377 1787 1496 1832; x_wconf 84' lang='lat' dir='ltr'><strong>patre</strong></span> 
     </span>
     <span class='ocr_line' id='line_1_31' title="bbox 60 1830 1495 1888; baseline 0.003 -18"><span class='ocrx_word' id='word_1_286' title='bbox 60 1830 173 1880; x_wconf 90' lang='lat' dir='ltr'><strong>Sole,</strong></span> <span class='ocrx_word' id='word_1_287' title='bbox 190 1831 232 1870; x_wconf 93' lang='lat' dir='ltr'><strong>in</strong></span> <span class='ocrx_word' id='word_1_288' title='bbox 249 1831 424 1871; x_wconf 87' lang='lat' dir='ltr'><strong>deorum</strong></span> <span class='ocrx_word' id='word_1_289' title='bbox 445 1845 620 1872; x_wconf 86' lang='lat' dir='ltr'><strong>numero</strong></span> <span class='ocrx_word' id='word_1_290' title='bbox 641 1846 725 1872; x_wconf 87' lang='lat' dir='ltr'><strong>non</strong></span> <span class='ocrx_word' id='word_1_291' title='bbox 746 1831 1040 1873; x_wconf 84' lang='lat' dir='ltr'><strong>habebuntur?</strong></span> <span class='ocrx_word' id='word_1_292' title='bbox 1065 1848 1323 1888; x_wconf 86' lang='lat' dir='ltr'><strong>quamquam</strong></span> <span class='ocrx_word' id='word_1_293' title='bbox 1343 1833 1495 1875; x_wconf 84' lang='lat' dir='ltr'><strong>Circen</strong></span> 
     </span>
     <span class='ocr_line' id='line_1_32' title="bbox 61 1887 1496 1946; baseline 0.004 -20"><span class='ocrx_word' id='word_1_294' title='bbox 61 1900 232 1942; x_wconf 87' lang='lat' dir='ltr'><strong>quoque</strong></span> <span class='ocrx_word' id='word_1_295' title='bbox 267 1887 408 1927; x_wconf 86' lang='lat' dir='ltr'><strong>coloni</strong></span> <span class='ocrx_word' id='word_1_296' title='bbox 447 1888 578 1928; x_wconf 88' lang='lat' dir='ltr'><strong>nostri</strong></span> <span class='ocrx_word' id='word_1_297' title='bbox 617 1888 876 1929; x_wconf 85' lang='lat' dir='ltr'><strong>Circeienses</strong></span> <span class='ocrx_word' id='word_1_298' title='bbox 915 1888 1109 1943; x_wconf 80' lang='lat' dir='ltr'><strong>religiose</strong></span> <span class='ocrx_word' id='word_1_299' title='bbox 1147 1891 1307 1932; x_wconf 88' lang='lat' dir='ltr'><strong>colunt.</strong></span> <span class='ocrx_word' id='word_1_300' title='bbox 1378 1892 1496 1946; x_wconf 84' lang='lat' dir='ltr'><strong>Ergo</strong></span> 
     </span>
     <span class='ocr_line' id='line_1_33' title="bbox 60 1941 1494 2002; baseline 0.004 -19"><span class='ocrx_word' id='word_1_301' title='bbox 60 1941 170 1984; x_wconf 90' lang='lat' dir='ltr'><strong>hanc</strong></span> <span class='ocrx_word' id='word_1_302' title='bbox 201 1942 324 1984; x_wconf 89' lang='lat' dir='ltr'><strong>deam</strong></span> <span class='ocrx_word' id='word_1_303' title='bbox 355 1943 473 1984; x_wconf 89' lang='lat' dir='ltr'><strong>dicis.</strong></span> <span class='ocrx_word' id='word_1_304' title='bbox 524 1944 640 2000; x_wconf 63' lang='lat' dir='ltr'><strong>Quid</strong></span> <span class='ocrx_word' id='word_1_305' title='bbox 671 1944 841 1985; x_wconf 85' lang='lat' dir='ltr'><strong>Medeae</strong></span> <span class='ocrx_word' id='word_1_306' title='bbox 870 1946 1176 1999; x_wconf 84' lang='lat' dir='ltr'><strong>respondebis?</strong></span> <span class='ocrx_word' id='word_1_307' title='bbox 1209 1962 1305 2002; x_wconf 83' lang='lat' dir='ltr'><strong>quae</strong></span> <span class='ocrx_word' id='word_1_308' title='bbox 1327 1946 1494 1988; x_wconf 87' lang='lat' dir='ltr'><strong>duobus</strong></span> 
     </span>
     <span class='ocr_line' id='line_1_34' title="bbox 61 1999 1494 2059; baseline 0.003 -19"><span class='ocrx_word' id='word_1_309' title='bbox 61 1999 161 2049; x_wconf 88' lang='lat' dir='ltr'><strong>avis,</strong></span> <span class='ocrx_word' id='word_1_310' title='bbox 183 2000 296 2051; x_wconf 91' lang='lat' dir='ltr'><strong>Sole,</strong></span> <span class='ocrx_word' id='word_1_311' title='bbox 317 2009 360 2041; x_wconf 86' lang='lat' dir='ltr'><strong>et</strong></span> <span class='ocrx_word' id='word_1_312' title='bbox 381 2001 567 2050; x_wconf 86' lang='lat' dir='ltr'><strong>Oceano,</strong></span> <span class='ocrx_word' id='word_1_313' title='bbox 585 2001 712 2042; x_wconf 88' lang='lat' dir='ltr'><strong>AEeta</strong></span> <span class='ocrx_word' id='word_1_314' title='bbox 732 2010 865 2056; x_wconf 84' lang='lat' dir='ltr'><strong>patre,</strong></span> <span class='ocrx_word' id='word_1_315' title='bbox 884 2012 1016 2042; x_wconf 87' lang='lat' dir='ltr'><strong>matre</strong></span> <span class='ocrx_word' id='word_1_316' title='bbox 1040 2002 1162 2059; x_wconf 89' lang='lat' dir='ltr'><strong>Idyia</strong></span> <span class='ocrx_word' id='word_1_317' title='bbox 1180 2013 1397 2058; x_wconf 88' lang='lat' dir='ltr'><strong>procreata</strong></span> <span class='ocrx_word' id='word_1_318' title='bbox 1416 2013 1494 2045; x_wconf 89' lang='lat' dir='ltr'><strong>est.</strong></span> 
     </span>
     <span class='ocr_line' id='line_1_35' title="bbox 61 2056 1493 2116; baseline 0.002 -18"><span class='ocrx_word' id='word_1_319' title='bbox 61 2056 179 2098; x_wconf 90' lang='lat' dir='ltr'><strong>Ouid</strong></span> <span class='ocrx_word' id='word_1_320' title='bbox 209 2056 335 2112; x_wconf 88' lang='lat' dir='ltr'><strong>hujus</strong></span> <span class='ocrx_word' id='word_1_321' title='bbox 364 2057 556 2113; x_wconf 85' lang='lat' dir='ltr'><strong>Absyrto</strong></span> <span class='ocrx_word' id='word_1_322' title='bbox 589 2058 719 2109; x_wconf 83' lang='lat' dir='ltr'><strong>fratri,</strong></span> <span class='ocrx_word' id='word_1_323' title='bbox 750 2058 823 2113; x_wconf 89' lang='lat' dir='ltr'><strong>qui</strong></span> <span class='ocrx_word' id='word_1_324' title='bbox 855 2068 918 2099; x_wconf 91' lang='lat' dir='ltr'><strong>est</strong></span> <span class='ocrx_word' id='word_1_325' title='bbox 950 2059 1062 2114; x_wconf 87' lang='lat' dir='ltr'><strong>apud</strong></span> <span class='ocrx_word' id='word_1_326' title='bbox 1095 2061 1320 2101; x_wconf 89' lang='lat' dir='ltr'><strong>Pacuvium</strong></span> <span class='ocrx_word' id='word_1_327' title='bbox 1340 2061 1493 2116; x_wconf 85' lang='lat' dir='ltr'><strong>AEgia-</strong></span> 
     </span>
     <span class='ocr_line' id='line_1_36' title="bbox 59 2099 1493 2173; baseline 0.003 -20"><span class='ocrx_word' id='word_1_328' title='bbox 59 2099 152 2155; x_wconf 63' lang='lat' dir='ltr'><strong>jeus</strong></span> <span class='ocrx_word' id='word_1_329' title='bbox 174 2114 187 2153; x_wconf 93' lang='lat'>?</span> <span class='ocrx_word' id='word_1_330' title='bbox 221 2113 293 2154; x_wconf 89' lang='lat' dir='ltr'><strong>sed</strong></span> <span class='ocrx_word' id='word_1_331' title='bbox 314 2113 419 2154; x_wconf 86' lang='lat' dir='ltr'><strong>illud</strong></span> <span class='ocrx_word' id='word_1_332' title='bbox 440 2128 594 2155; x_wconf 88' lang='lat' dir='ltr'><strong>nomen</strong></span> <span class='ocrx_word' id='word_1_333' title='bbox 615 2123 801 2155; x_wconf 85' lang='lat' dir='ltr'><strong>veterum</strong></span> <span class='ocrx_word' id='word_1_334' title='bbox 822 2114 972 2156; x_wconf 89' lang='lat' dir='ltr'><strong>litteris</strong></span> <span class='ocrx_word' id='word_1_335' title='bbox 991 2116 1200 2157; x_wconf 74' lang='lat' dir='ltr'><strong>usitatius,</strong></span> <span class='ocrx_word' id='word_1_336' title='bbox 1259 2117 1345 2173; x_wconf 68' lang='lat' dir='ltr'><strong>Qui</strong></span> <span class='ocrx_word' id='word_1_337' title='bbox 1371 2118 1404 2157; x_wconf 90' lang='lat' dir='ltr'><strong>si</strong></span> <span class='ocrx_word' id='word_1_338' title='bbox 1434 2117 1493 2158; x_wconf 90' lang='lat' dir='ltr'><strong>dii</strong></span> 
     </span>
     <span class='ocr_line' id='line_1_37' title="bbox 60 2170 1493 2226; baseline 0.003 -17"><span class='ocrx_word' id='word_1_339' title='bbox 60 2183 147 2210; x_wconf 89' lang='lat' dir='ltr'><strong>non</strong></span> <span class='ocrx_word' id='word_1_340' title='bbox 168 2179 279 2220; x_wconf 90' lang='lat' dir='ltr'><strong>sunt,</strong></span> <span class='ocrx_word' id='word_1_341' title='bbox 299 2184 443 2211; x_wconf 90' lang='lat' dir='ltr'><strong>vereor</strong></span> <span class='ocrx_word' id='word_1_342' title='bbox 473 2170 575 2226; x_wconf 89' lang='lat' dir='ltr'><strong>quid</strong></span> <span class='ocrx_word' id='word_1_343' title='bbox 609 2178 708 2226; x_wconf 84' lang='lat' dir='ltr'><strong>agat</strong></span> <span class='ocrx_word' id='word_1_344' title='bbox 741 2172 832 2212; x_wconf 90' lang='lat' dir='ltr'><strong>Ino.</strong></span> <span class='ocrx_word' id='word_1_345' title='bbox 864 2171 955 2212; x_wconf 83' lang='lat' dir='ltr'><strong>haec</strong></span> <span class='ocrx_word' id='word_1_346' title='bbox 976 2172 1088 2213; x_wconf 91' lang='lat' dir='ltr'><strong>enim</strong></span> <span class='ocrx_word' id='word_1_347' title='bbox 1110 2172 1252 2214; x_wconf 90' lang='lat' dir='ltr'><strong>omnia</strong></span> <span class='ocrx_word' id='word_1_348' title='bbox 1271 2188 1322 2214; x_wconf 84' lang='lat' dir='ltr'><strong>ex</strong></span> <span class='ocrx_word' id='word_1_349' title='bbox 1342 2173 1493 2214; x_wconf 90' lang='lat' dir='ltr'><strong>eodem</strong></span> 
     </span>
     <span class='ocr_line' id='line_1_38' title="bbox 58 2226 1557 2285; baseline 0.003 -20"><span class='ocrx_word' id='word_1_350' title='bbox 58 2226 178 2266; x_wconf 82' lang='lat' dir='ltr'><strong>fonte</strong></span> <span class='ocrx_word' id='word_1_351' title='bbox 199 2227 421 2268; x_wconf 83' lang='lat' dir='ltr'><strong>fluxerunt.</strong></span> <span class='ocrx_word' id='word_1_352' title='bbox 480 2228 551 2268; x_wconf 91' lang='lat' dir='ltr'><strong>An</strong></span> <span class='ocrx_word' id='word_1_353' title='bbox 575 2227 873 2283; x_wconf 87' lang='lat' dir='ltr'><strong>Amphiaraus,</strong></span> <span class='ocrx_word' id='word_1_354' title='bbox 893 2227 996 2269; x_wconf 90' lang='lat' dir='ltr'><strong>deus</strong></span> <span class='ocrx_word' id='word_1_355' title='bbox 1017 2229 1110 2279; x_wconf 89' lang='lat' dir='ltr'><strong>erit,</strong></span> <span class='ocrx_word' id='word_1_356' title='bbox 1132 2239 1174 2270; x_wconf 94' lang='lat' dir='ltr'><strong>et</strong></span> <span class='ocrx_word' id='word_1_357' title='bbox 1194 2229 1490 2285; x_wconf 82' lang='lat' dir='ltr'><strong>Trophonius?</strong></span> <span class='ocrx_word' id='word_1_358' title='bbox 1504 2235 1557 2281; x_wconf 85' lang='lat'><strong>49</strong></span> 
     </span>
     <span class='ocr_line' id='line_1_39' title="bbox 60 2282 1494 2340; baseline 0.004 -18"><span class='ocrx_word' id='word_1_359' title='bbox 60 2282 192 2323; x_wconf 88' lang='lat' dir='ltr'><strong>nostri</strong></span> <span class='ocrx_word' id='word_1_360' title='bbox 215 2283 386 2338; x_wconf 89' lang='lat' dir='ltr'><strong>quidem</strong></span> <span class='ocrx_word' id='word_1_361' title='bbox 407 2284 635 2339; x_wconf 89' lang='lat' dir='ltr'><strong>publicani,</strong></span> <span class='ocrx_word' id='word_1_362' title='bbox 655 2299 753 2325; x_wconf 88' lang='lat' dir='ltr'><strong>cum</strong></span> <span class='ocrx_word' id='word_1_363' title='bbox 775 2293 911 2325; x_wconf 88' lang='lat' dir='ltr'><strong>essent</strong></span> <span class='ocrx_word' id='word_1_364' title='bbox 930 2285 1022 2340; x_wconf 81' lang='lat' dir='ltr'><strong>agri</strong></span> <span class='ocrx_word' id='word_1_365' title='bbox 1054 2285 1097 2326; x_wconf 91' lang='lat' dir='ltr'><strong>in</strong></span> <span class='ocrx_word' id='word_1_366' title='bbox 1131 2286 1298 2327; x_wconf 85' lang='lat' dir='ltr'><strong>Boeotia</strong></span> <span class='ocrx_word' id='word_1_367' title='bbox 1315 2286 1494 2328; x_wconf 87' lang='lat' dir='ltr'><strong>deorum</strong></span> 
     </span>
     <span class='ocr_line' id='line_1_40' title="bbox 59 2337 1495 2397; baseline 0.003 -18"><span class='ocrx_word' id='word_1_368' title='bbox 59 2337 363 2381; x_wconf 87' lang='lat' dir='ltr'><strong>immortalium</strong></span> <span class='ocrx_word' id='word_1_369' title='bbox 384 2341 547 2395; x_wconf 78' lang='lat' dir='ltr'><strong>excepti</strong></span> <span class='ocrx_word' id='word_1_370' title='bbox 565 2340 661 2396; x_wconf 86' lang='lat' dir='ltr'><strong>lege</strong></span> <span class='ocrx_word' id='word_1_371' title='bbox 681 2341 883 2392; x_wconf 88' lang='lat' dir='ltr'><strong>censoria,</strong></span> <span class='ocrx_word' id='word_1_372' title='bbox 898 2342 1110 2397; x_wconf 84' lang='lat' dir='ltr'><strong>negabant</strong></span> <span class='ocrx_word' id='word_1_373' title='bbox 1125 2341 1384 2384; x_wconf 88' lang='lat' dir='ltr'><strong>immortales</strong></span> <span class='ocrx_word' id='word_1_374' title='bbox 1403 2357 1495 2384; x_wconf 89' lang='lat' dir='ltr'><strong>esse</strong></span> 
     </span>
     <span class='ocr_line' id='line_1_41' title="bbox 60 2395 1494 2453; baseline 0.004 -18"><span class='ocrx_word' id='word_1_375' title='bbox 60 2395 185 2446; x_wconf 85' lang='lat' dir='ltr'><strong>ullos,</strong></span> <span class='ocrx_word' id='word_1_376' title='bbox 206 2396 278 2451; x_wconf 91' lang='lat' dir='ltr'><strong>qui</strong></span> <span class='ocrx_word' id='word_1_377' title='bbox 303 2397 528 2453; x_wconf 89' lang='lat' dir='ltr'><strong>aliquando</strong></span> <span class='ocrx_word' id='word_1_378' title='bbox 558 2397 750 2439; x_wconf 87' lang='lat' dir='ltr'><strong>homines</strong></span> <span class='ocrx_word' id='word_1_379' title='bbox 782 2398 972 2440; x_wconf 86' lang='lat' dir='ltr'><strong>fuissent.</strong></span> <span class='ocrx_word' id='word_1_380' title='bbox 1031 2398 1115 2440; x_wconf 91' lang='lat' dir='ltr'><strong>Sed</strong></span> <span class='ocrx_word' id='word_1_381' title='bbox 1147 2399 1180 2440; x_wconf 89' lang='lat' dir='ltr'><strong>si</strong></span> <span class='ocrx_word' id='word_1_382' title='bbox 1209 2408 1307 2440; x_wconf 91' lang='lat' dir='ltr'><strong>sunt</strong></span> <span class='ocrx_word' id='word_1_383' title='bbox 1336 2399 1381 2441; x_wconf 91' lang='lat' dir='ltr'><strong>hi</strong></span> <span class='ocrx_word' id='word_1_384' title='bbox 1410 2399 1494 2452; x_wconf 80' lang='lat' dir='ltr'><strong>dii3</strong></span> 
     </span>
    </p>
   </div>
   <div class='ocr_carea' id='block_1_3' title="bbox 53 2518 1496 2868">
    <p class='ocr_par' dir='ltr' id='par_1_4' title="bbox 53 2518 1496 2868">
     <span class='ocr_line' id='line_1_42' title="bbox 107 2518 871 2560; baseline 0.005 -11"><span class='ocrx_word' id='word_1_385' title='bbox 107 2524 146 2549; x_wconf 80' lang='lat'><strong>56</strong></span> <span class='ocrx_word' id='word_1_386' title='bbox 158 2519 270 2559; x_wconf 84' lang='lat' dir='ltr'><strong>fanum</strong></span> <span class='ocrx_word' id='word_1_387' title='bbox 293 2518 348 2560; x_wconf 79' lang='lat' dir='ltr'><strong>est]</strong></span> <span class='ocrx_word' id='word_1_388' title='bbox 374 2522 438 2552; x_wconf 78' lang='lat' dir='ltr'><strong>MS.</strong></span> <span class='ocrx_word' id='word_1_389' title='bbox 462 2522 502 2553; x_wconf 81' lang='lat' dir='ltr'><strong>IS.</strong></span> <span class='ocrx_word' id='word_1_390' title='bbox 525 2522 626 2552; x_wconf 87' lang='lat' dir='ltr'><strong>Vossii</strong></span> <span class='ocrx_word' id='word_1_391' title='bbox 644 2522 757 2552; x_wconf 79' lang='lat' dir='ltr'><strong>habuit</strong></span> <span class='ocrx_word' id='word_1_392' title='bbox 799 2534 871 2553; x_wconf 83' lang='lat' dir='ltr'><strong>mus.</strong></span> 
     </span>
     <span class='ocr_line' id='line_1_43' title="bbox 53 2562 1494 2606; baseline 0.006 -16"><span class='ocrx_word' id='word_1_393' title='bbox 53 2562 161 2603; x_wconf 83' lang='lat' dir='ltr'><strong>sanus,</strong></span> <span class='ocrx_word' id='word_1_394' title='bbox 178 2563 265 2601; x_wconf 90' lang='lat' dir='ltr'><strong>quod</strong></span> <span class='ocrx_word' id='word_1_395' title='bbox 279 2563 408 2594; x_wconf 85' lang='lat' dir='ltr'><strong>Vossius</strong></span> <span class='ocrx_word' id='word_1_396' title='bbox 423 2566 562 2596; x_wconf 81' lang='lat' dir='ltr'><strong>defendit</strong></span> <span class='ocrx_word' id='word_1_397' title='bbox 577 2566 616 2595; x_wconf 85' lang='lat' dir='ltr'><strong>ad</strong></span> <span class='ocrx_word' id='word_1_398' title='bbox 632 2565 755 2596; x_wconf 81' lang='lat' dir='ltr'><strong>Melam</strong></span> <span class='ocrx_word' id='word_1_399' title='bbox 845 2573 884 2598; x_wconf 80' lang='lat'><strong>59</strong></span> <span class='ocrx_word' id='word_1_400' title='bbox 908 2571 936 2594; x_wconf 82' lang='lat' dir='ltr'><strong>et</strong></span> <span class='ocrx_word' id='word_1_401' title='bbox 955 2564 1032 2606; x_wconf 81' lang='lat' dir='ltr'><strong>Aee]</strong></span> <span class='ocrx_word' id='word_1_402' title='bbox 1061 2566 1133 2597; x_wconf 81' lang='lat' dir='ltr'><strong>Hoc</strong></span> <span class='ocrx_word' id='word_1_403' title='bbox 1159 2577 1280 2598; x_wconf 89' lang='lat' dir='ltr'><strong>nomen</strong></span> <span class='ocrx_word' id='word_1_404' title='bbox 1302 2568 1371 2598; x_wconf 83' lang='lat' dir='ltr'><strong>sine</strong></span> <span class='ocrx_word' id='word_1_405' title='bbox 1396 2568 1494 2599; x_wconf 79' lang='lat' dir='ltr'><strong>dubio</strong></span> 
     </span>
     <span class='ocr_line' id='line_1_44' title="bbox 63 2605 1494 2649; baseline 0.004 -14"><span class='ocrx_word' id='word_1_406' title='bbox 63 2605 289 2644; x_wconf 28' lang='lat' dir='ltr'><strong>1.1‚3.p.453.</strong></span> <span class='ocrx_word' id='word_1_407' title='bbox 346 2623 348 2625; x_wconf 89' lang='lat'>·</span> <span class='ocrx_word' id='word_1_408' title='bbox 519 2626 522 2629; x_wconf 97' lang='lat'>-</span> <span class='ocrx_word' id='word_1_409' title='bbox 799 2609 953 2639; x_wconf 86' lang='lat' dir='ltr'><strong>vitiosum</strong></span> <span class='ocrx_word' id='word_1_410' title='bbox 981 2616 1037 2640; x_wconf 89' lang='lat' dir='ltr'><strong>est.</strong></span> <span class='ocrx_word' id='word_1_411' title='bbox 1083 2610 1239 2641; x_wconf 84' lang='lat' dir='ltr'><strong>Hesiodus</strong></span> <span class='ocrx_word' id='word_1_412' title='bbox 1268 2611 1392 2649; x_wconf 84' lang='lat' dir='ltr'><strong>Theog.</strong></span> <span class='ocrx_word' id='word_1_413' title='bbox 1422 2617 1494 2646; x_wconf 84' lang='lat'><strong>957.</strong></span> 
     </span>
     <span class='ocr_line' id='line_1_45' title="bbox 107 2647 1495 2692; baseline 0.004 -14"><span class='ocrx_word' id='word_1_414' title='bbox 107 2653 143 2682; x_wconf 87' lang='grc'><strong>57</strong></span> <span class='ocrx_word' id='word_1_415' title='bbox 169 2647 304 2677; x_wconf 84' lang='lat' dir='ltr'><strong>nobismet</strong></span> <span class='ocrx_word' id='word_1_416' title='bbox 321 2648 390 2687; x_wconf 85' lang='lat' dir='ltr'><strong>ipsi]</strong></span> <span class='ocrx_word' id='word_1_417' title='bbox 415 2649 467 2679; x_wconf 87' lang='lat' dir='ltr'><strong>Sic</strong></span> <span class='ocrx_word' id='word_1_418' title='bbox 489 2649 674 2688; x_wconf 84' lang='lat' dir='ltr'><strong>legendum,</strong></span> <span class='ocrx_word' id='word_1_419' title='bbox 693 2660 758 2681; x_wconf 89' lang='lat' dir='ltr'><strong>non</strong></span> <span class='ocrx_word' id='word_1_420' title='bbox 802 2651 902 2681; x_wconf 81' lang='lat' dir='ltr'><strong>Circae</strong></span> <span class='ocrx_word' id='word_1_421' title='bbox 925 2659 955 2682; x_wconf 91' lang='lat' dir='ltr'><strong>et</strong></span> <span class='ocrx_word' id='word_1_422' title='bbox 978 2653 1141 2692; x_wconf 77' lang='lat' dir='ltr'><strong>Pasiphaae</strong></span> <span class='ocrx_word' id='word_1_423' title='bbox 1163 2654 1249 2684; x_wconf 86' lang='lat' dir='ltr'><strong>addit</strong></span> <span class='ocrx_word' id='word_1_424' title='bbox 1265 2654 1394 2689; x_wconf 77' lang='lat' dir='ltr'><strong>Aeetem,</strong></span> <span class='ocrx_word' id='word_1_425' title='bbox 1411 2655 1495 2684; x_wconf 79' lang='lat' dir='ltr'><strong>unde</strong></span> 
     </span>
     <span class='ocr_line' id='line_1_46' title="bbox 62 2690 1495 2735; baseline 0.006 -17"><span class='ocrx_word' id='word_1_426' title='bbox 62 2690 197 2719; x_wconf 81' lang='lat' dir='ltr'><strong>nobismet</strong></span> <span class='ocrx_word' id='word_1_427' title='bbox 227 2691 310 2730; x_wconf 51' lang='lat' dir='ltr'><strong>ipsis,</strong></span> <span class='ocrx_word' id='word_1_428' title='bbox 343 2692 438 2730; x_wconf 84' lang='lat' dir='ltr'><strong>idque</strong></span> <span class='ocrx_word' id='word_1_429' title='bbox 474 2692 506 2722; x_wconf 89' lang='lat' dir='ltr'><strong>in</strong></span> <span class='ocrx_word' id='word_1_430' title='bbox 537 2693 616 2724; x_wconf 91' lang='lat' dir='ltr'><strong>Mss.</strong></span> <span class='ocrx_word' id='word_1_431' title='bbox 645 2695 757 2733; x_wconf 80' lang='lat' dir='ltr'><strong>reperit</strong></span> <span class='ocrx_word' id='word_1_432' title='bbox 800 2695 853 2724; x_wconf 84' lang='lat' dir='ltr'><strong>hic</strong></span> <span class='ocrx_word' id='word_1_433' title='bbox 869 2695 1042 2734; x_wconf 81' lang='lat' dir='ltr'><strong>legendum</strong></span> <span class='ocrx_word' id='word_1_434' title='bbox 1057 2697 1179 2727; x_wconf 88' lang='lat' dir='ltr'><strong>videtur</strong></span> <span class='ocrx_word' id='word_1_435' title='bbox 1199 2704 1229 2727; x_wconf 85' lang='lat' dir='ltr'><strong>et</strong></span> <span class='ocrx_word' id='word_1_436' title='bbox 1249 2697 1362 2732; x_wconf 75' lang='lat' dir='ltr'><strong>Aeetes,</strong></span> <span class='ocrx_word' id='word_1_437' title='bbox 1383 2703 1495 2735; x_wconf 72' lang='lat' dir='ltr'><strong>etpost</strong></span> 
     </span>
     <span class='ocr_line' id='line_1_47' title="bbox 63 2732 1496 2775; baseline 0.006 -13"><span class='ocrx_word' id='word_1_438' title='bbox 63 2732 222 2763; x_wconf 83' lang='lat' dir='ltr'><strong>Davisius.</strong></span> <span class='ocrx_word' id='word_1_439' title='bbox 799 2743 845 2766; x_wconf 88' lang='lat' dir='ltr'><strong>est</strong></span> <span class='ocrx_word' id='word_1_440' title='bbox 862 2738 987 2775; x_wconf 84' lang='lat' dir='ltr'><strong>Medea,</strong></span> <span class='ocrx_word' id='word_1_441' title='bbox 1004 2740 1068 2771; x_wconf 82' lang='lat' dir='ltr'><strong>avis</strong></span> <span class='ocrx_word' id='word_1_442' title='bbox 1085 2739 1157 2772; x_wconf 83' lang='lat' dir='ltr'><strong>Sole</strong></span> <span class='ocrx_word' id='word_1_443' title='bbox 1173 2747 1203 2770; x_wconf 79' lang='lat' dir='ltr'><strong>et</strong></span> <span class='ocrx_word' id='word_1_444' title='bbox 1213 2739 1342 2771; x_wconf 77' lang='lat' dir='ltr'><strong>Oceano</strong></span> <span class='ocrx_word' id='word_1_445' title='bbox 1356 2744 1393 2769; x_wconf 65' lang='grc' dir='ltr'><strong>ιε’</strong></span> <span class='ocrx_word' id='word_1_446' title='bbox 1403 2739 1496 2770; x_wconf 76' lang='lat' dir='ltr'><strong>Aeeta</strong></span> 
     </span>
     <span class='ocr_line' id='line_1_48' title="bbox 109 2775 987 2818; baseline 0.007 -13"><span class='ocrx_word' id='word_1_447' title='bbox 109 2781 148 2805; x_wconf 81' lang='lat'><strong>58</strong></span> <span class='ocrx_word' id='word_1_448' title='bbox 172 2783 199 2805; x_wconf 82' lang='lat' dir='ltr'><strong>et</strong></span> <span class='ocrx_word' id='word_1_449' title='bbox 212 2775 381 2815; x_wconf 84' lang='lat' dir='ltr'><strong>accipimus]</strong></span> <span class='ocrx_word' id='word_1_450' title='bbox 401 2777 452 2806; x_wconf 88' lang='lat' dir='ltr'><strong>Sic</strong></span> <span class='ocrx_word' id='word_1_451' title='bbox 468 2778 582 2808; x_wconf 79' lang='lat' dir='ltr'><strong>rectius</strong></span> <span class='ocrx_word' id='word_1_452' title='bbox 598 2779 678 2809; x_wconf 81' lang='lat' dir='ltr'><strong>Mss.</strong></span> <span class='ocrx_word' id='word_1_453' title='bbox 693 2779 758 2810; x_wconf 85' lang='lat' dir='ltr'><strong>Da·</strong></span> <span class='ocrx_word' id='word_1_454' title='bbox 801 2786 888 2818; x_wconf 84' lang='lat' dir='ltr'><strong>patre</strong></span> <span class='ocrx_word' id='word_1_455' title='bbox 904 2787 987 2812; x_wconf 75' lang='lat' dir='ltr'><strong>nata.</strong></span> 
     </span>
     <span class='ocr_line' id='line_1_49' title="bbox 64 2818 759 2868; baseline 0.003 -20"><span class='ocrx_word' id='word_1_456' title='bbox 64 2818 176 2850; x_wconf 59' lang='lat' dir='ltr'><strong>visiani</strong></span> <span class='ocrx_word' id='word_1_457' title='bbox 189 2825 221 2851; x_wconf 77' lang='lat' dir='ltr'><strong>et</strong></span> <span class='ocrx_word' id='word_1_458' title='bbox 236 2819 344 2868; x_wconf 61' lang='lat' dir='ltr'><strong>GueltJ.</strong></span> <span class='ocrx_word' id='word_1_459' title='bbox 360 2829 460 2860; x_wconf 81' lang='lat' dir='ltr'><strong>quam</strong></span> <span class='ocrx_word' id='word_1_460' title='bbox 476 2819 572 2859; x_wconf 81' lang='lat' dir='ltr'><strong>vulgo</strong></span> <span class='ocrx_word' id='word_1_461' title='bbox 587 2828 633 2852; x_wconf 74' lang='lat' dir='ltr'><strong>est</strong></span> <span class='ocrx_word' id='word_1_462' title='bbox 647 2821 759 2865; x_wconf 74' lang='lat' dir='ltr'><strong>accepi-</strong></span> 
     </span>
    </p>
   </div>
   <div class='ocr_carea' id='block_1_4' title="bbox 806 2862 935 2907">
    <p class='ocr_par' dir='ltr' id='par_1_5' title="bbox 806 2862 935 2907">
     <span class='ocr_line' id='line_1_50' title="bbox 806 2862 935 2907; baseline 0.016 -3"><span class='ocrx_word' id='word_1_463' title='bbox 806 2862 935 2907; x_wconf 73' lang='lat' dir='ltr'><strong>xkz</strong></span> 
     </span>
    </p>
   </div>
  </div>
 </body>
</html>
