1778 3095
524 140 705 178 LIBER
732 141 1066 192 SECUNDUS.
1429 148 1505 189 573

84 249 244 290 fulmen
269 246 406 305 jacit?
437 246 552 303 quid,
582 263 680 289 cum
710 248 752 289 in
781 249 1005 291 altissimos
1037 250 1230 291 montes?
1265 249 1379 304 quod
1416 251 1508 306 ple-

85 320 263 361 rumque
292 307 362 347 fit:
393 304 507 360 quid,
536 319 635 345 cum
664 305 707 344 in
736 305 917 345 desertas
947 306 1218 357 solitudines;
1253 306 1370 361 quid,
1408 322 1507 348 cum

84 360 128 402 in
157 376 299 402 earum
329 361 521 417 gentium
552 375 660 411 oras,
690 361 732 401 in
762 361 913 416 quibus
941 361 1031 402 haec
1054 377 1103 402 ne
1124 362 1395 403 observantur
1415 364 1506 417 qui-

85 417 183 458 dem
202 420 214 458 ?
249 419 308 460 At
333 419 543 459 inventum
571 425 634 457 est
664 423 703 448 36
717 426 844 472 caput
863 417 905 457 in
924 417 1079 458 Tiberi.
1136 425 1173 454 37
1189 418 1322 474 Quasi
1341 432 1422 473 ego
1443 435 1508 460 ar-

84 483 172 514 tem
202 473 384 529 aliquam
414 473 590 514 istorum
620 487 709 514 esse
739 487 905 528 negem.
936 473 1232 514 divinationem
1265 489 1389 530 negO.
1412 475 1509 515 coeli

85 531 197 570 enim
217 529 469 580 distributio>
492 544 616 585 quam
637 538 734 571 ante
754 529 853 580 dixi,
873 537 916 570 et
935 538 1143 571 certarum
1177 544 1317 571 rerum
1349 531 1510 572 notatio

86 585 226 637 docet,
252 586 362 627 unde
386 585 545 626 fulmen
575 587 745 636 venerit,
765 600 851 641 quo
876 586 1154 627 concesserit:
1184 586 1284 641 quid
1306 586 1511 641 significet

85 653 241 693 autem,
263 642 376 683 nulla
396 642 501 683 ratio
519 642 656 684 docet.
715 642 798 684 Sed
819 656 943 698 urges
964 657 1031 683 me
1052 642 1155 684 meis
1178 642 1383 684 versibus:

1524 640 1595 688 20

193 722 286 759 Nam
302 731 401 772 paler
418 722 601 759 altitonans
619 722 770 760 stellanti
787 723 886 759 nixus
909 722 1059 772 Olympo,

190 775 264 824 Ipse
282 789 354 811 suos
372 775 536 826 quondam
556 777 708 819 tumulos,
728 790 768 813 ac
787 776 907 826 templa
920 776 1058 827 peti-vit,

192 828 239 864 Et
264 828 457 878 Capitolinis
477 829 587 877 injecit
606 828 734 866 sedibus
754 830 860 879 ignes.

86 900 196 945 Tum
229 910 366 943 statua
393 903 552 953 Nattae,
572 910 662 943 tum
695 902 917 944 simulacra
943 902 1135 954 deorum,
1162 903 1452 960 Romulusque
1470 913 1515 947 et

87 959 243 999 Remus
272 973 367 999 cum
390 960 532 999 altrice
551 959 689 1009 belua,
709 959 745 999 vi
766 959 951 1000 fulminis
979 960 1050 1000 icti
1071 960 1358 1012 conciderunt,
1378 962 1514 1018 deque

85 1014 152 1055 his
175 1015 296 1056 rebus
326 1015 594 1069 haruspicum
615 1015 863 1056 exstiterunt
881 1030 1079 1070 responsa
1096 1016 1320 1059 verissima.
1378 1018 1512 1060 Mira-
1523 1013 1578 1050 46

89 1070 174 1112 bile
203 1080 342 1111 autem
374 1070 492 1123 illud,
513 1071 629 1127 quod
656 1086 707 1112 eo
728 1072 821 1126 ipso
842 1081 1047 1127 tempore,
1070 1087 1154 1128 quo
1175 1073 1293 1115 fieret
1312 1074 1513 1116 indicium

87 1127 388 1182 conjurationis
408 1128 450 1168 in
470 1137 630 1179 senatu,
648 1128 817 1183 signum
832 1129 948 1170 Jovis
968 1129 1135 1170 biennio
1155 1139 1266 1184 post,
1284 1146 1411 1186 quam
1426 1139 1517 1172 erat

86 1182 290 1233 locatum,
317 1184 358 1224 in
383 1183 597 1239 Capitolio
628 1184 932 1226 collocabatur.
990 1186 1058 1226 Tu
1084 1185 1216 1241 igitur
1241 1187 1430 1231 animum
1451 1188 1516 1229 in-

87 1240 230 1292 duces,
267 1240 341 1294 (sic
375 1241 486 1281 enim
518 1255 686 1282 mecum
722 1241 894 1297 agebas)
932 1256 1101 1283 causam
1135 1242 1257 1284 istam
1293 1253 1337 1285 et
1370 1252 1518 1285 contra

88 1297 199 1338 facta
230 1306 315 1347 tua,
342 1305 383 1337 et
410 1305 557 1338 contra
587 1298 741 1352 scripta
760 1297 1010 1339 defendere?
1046 1300 1189 1340 Frater
1207 1314 1264 1340 es.
1286 1314 1337 1341 eo
1358 1315 1516 1342 vereor.

86 1353 249 1402 Verum
278 1353 379 1409 quid
408 1353 484 1394 tibi
515 1353 584 1395 hic
617 1354 786 1395 tandem
821 1357 974 1396 nocet?
1007 1370 1141 1406 resne,
1176 1370 1271 1411 quae
1299 1356 1393 1398 talis
1426 1366 1516 1399 est:

89 1424 142 1450 an
165 1423 261 1465 eg0‚
281 1411 352 1466 qui
380 1423 521 1450 verum
541 1411 738 1466 explicari
766 1411 860 1452 volo
879 1414 891 1452 ?
926 1412 1075 1467 Itaque
1097 1412 1200 1453 nihil
1224 1423 1372 1454 contra
1393 1413 1488 1455 dico
1506 1430 1516 1455 :

88 1481 114 1506 a
132 1476 172 1507 te
200 1467 402 1507 rationem
432 1467 571 1508 totius*
588 1467 864 1522 haruspicinae
893 1478 1008 1523 peto.
1068 1469 1150 1510 Sed
1176 1478 1218 1510 te
1238 1470 1455 1512 mirificam
1475 1470 1521 1513 in

88 1522 291 1564 latebram
322 1522 553 1579 conjecisti.
612 1523 741 1580 Quod
772 1525 883 1565 enim
914 1525 1184 1580 intelligeres,
1214 1526 1318 1577 fore,
1349 1536 1397 1568 ut
1422 1541 1519 1583 pre-

88 1593 263 1630 merere,
282 1594 380 1620 cum
412 1594 463 1620 ex
495 1588 537 1621 te
564 1595 710 1621 causas
736 1581 1068 1637 uniuscujusque
1089 1582 1351 1624 divinationis
1373 1583 1518 1640 exqui-

88 1644 238 1686 rerem,
271 1635 405 1676 multa
436 1637 560 1677 verba
590 1636 742 1687 fecisti,
775 1647 831 1689 te,
866 1652 964 1678 cum
998 1653 1060 1679 res
1093 1639 1266 1690 videres,
1300 1639 1520 1690 rationem,

89 1706 342 1747 causamque
374 1706 457 1732 non
479 1707 664 1748 quaerere
680 1702 696 1734 ε’
722 1693 823 1749 quid
856 1694 986 1745 fieret,
1009 1709 1094 1735 non
1113 1710 1188 1736 cur
1209 1696 1337 1745 fieret,
1358 1695 1410 1736 ad
1431 1710 1518 1737 rem

120 1748 309 1789 ertinere.
367 1749 501 1791 Quasi
537 1764 619 1805 ego
648 1758 722 1791 aut
752 1750 837 1791 fieri
865 1750 1154 1802 concederem,
1184 1760 1257 1793 aut
1287 1762 1396 1794 esset
1424 1752 1518 1808 phi·
1530 1773 1648 1804 p.110.

88 1762 273 1859 fosopffi,
307 1819 476 1846 causam
511 1820 587 1846 cur
619 1806 803 1862 quidque
836 1807 965 1858 fieret,
1001 1822 1085 1848 non
1119 1823 1319 1864 quaerere.
1378 1810 1433 1850 Et
1466 1817 1561 1851 eoa·

89 1861 261 1916 quidem
291 1859 387 1901 loco
417 1870 460 1901 et
483 1862 760 1918 'prognostica
787 1872 931 1904 nostra
958 1865 1274 1919 pronuntiabas,
1295 1874 1338 1906 et
1365 1855 1581 1920 genera47

91 1916 331 1967 herbarum,
352 1931 678 1970 scammoneam,
699 1919 1098 1975 aristolochiamque
1122 1921 1319 1972 radicem,
1340 1924 1519 1978 quarum

92 1987 261 2014 causam
289 1974 518 2028 ignorares,
547 1975 629 2015 vim
663 1984 706 2016 et
739 1976 935 2017 effectum
970 1977 1142 2018 videres.
1199 1978 1416 2020 Dissimile
1452 1976 1600 2024 to-2l

92 2038 200 2071 tum.
232 2044 326 2070 nam
359 2038 400 2070 et
429 2031 799 2086 prognosticorum
829 2046 974 2074 causas
1004 2035 1215 2089 persecuti
1234 2044 1330 2076 sunt
1349 2044 1391 2076 et
1409 2037 1522 2077 Boe-

91 2086 190 2128 thus
221 2086 403 2137 Stoicus,
433 2087 505 2142 qui
534 2096 597 2128 est
626 2103 651 2128 a
681 2097 722 2128 te
753 2089 1007 2140 nominatus,
1029 2098 1071 2131 et
1100 2100 1240 2131 noster
1257 2092 1384 2132 etiam
1407 2093 1521 2134 Posi-

92 2141 258 2183 donius.
280 2143 357 2183 etsi
377 2157 513 2184 causae
534 2159 617 2184 non
645 2145 906 2200 reperiantur
925 2146 1099 2187 istarum
1120 2162 1276 2196 rerum,
1295 2162 1359 2188 res
1382 2157 1524 2190 tamen

92 2198 194 2253 ipsae
221 2199 430 2240 observari
458 2207 497 2231 88
516 2200 870 2257 animadvertique
897 2211 1089 2258 possunt.
1148 2205 1292 2245 Nattae
1308 2219 1416 2254 Vvero
1438 2214 1522 2246 sta-

92 2264 181 2306 tua,
211 2265 284 2297 aut
314 2270 395 2296 aera
423 2256 569 2311 legum
600 2256 652 2298 de
680 2257 791 2299 coelo
821 2267 945 2310 tacta,
976 2267 1016 2294 89
1033 2259 1134 2314 quid
1154 2259 1311 2302 habent
1330 2261 1522 2303 observa-

93 2319 186 2352 tum
225 2326 276 2353 ac
312 2314 551 2354 vetustum?
586 2314 736 2356 Pinarii
772 2315 918 2357 Nattae
957 2316 1148 2358 nobiles:
1184 2326 1264 2358 40a
1303 2318 1524 2360 nobilitate

96 2478 109 2508 Ι
137 2442 177 2467 86
201 2443 286 2476 caput
308 2438 339 2467 in
361 2436 471 2479 Tiberi]
498 2448 542 2469 sc.
564 2440 735 2471 Summani
753 2450 784 2471 v.

114 2500 122 2515 ,
144 2486 192 2509 10.

870 2446 910 2474 39
934 2440 1006 2482 quid
1029 2441 1134 2470 habent
1159 2441 1341 2471 observatum
1370 2453 1406 2471 ac
1433 2449 1523 2472 vetu-

829 2482 918 2523 stum]
948 2484 1019 2513 Hoc
1045 2485 1097 2515 vix
1126 2494 1237 2515 verum
1268 2493 1324 2515 est.
1369 2485 1450 2515 Libri
1477 2487 1522 2516 nil

140 2527 177 2555 :37
205 2521 295 2551 Quasi
315 2534 363 2563 ego
385 2531 477 2553 artem
500 2535 529 2555 a.
552 2525 669 2554 istorum
692 2537 717 2555 e.
739 2536 787 2554 ne·
826 2526 951 2564 juvant.
995 2527 1139 2558 Pearcius
1156 2527 1278 2566 legebat
1292 2528 1498 2558 observandum
1512 2540 1522 2556 :

93 2564 175 2604 gem]
208 2561 333 2605 Nempe
363 2568 541 2607 haruspices
577 2575 672 2607 caput
708 2568 786 2599 illud

96 2615 160 2642 arte
188 2616 246 2636 sua
281 2618 469 2647 repererunt,
500 2611 663 2641 observato
699 2612 787 2651 quasi

97 2659 192 2679 cursu
219 2650 376 2688 fulminis,
407 2661 482 2683 cum
512 2655 685 2684 sacerdotes
722 2665 787 2684 non

97 2699 223 2732 possent
240 2695 381 2732 reperire.

141 2742 179 2766 38
204 2736 456 2778 animadvertique
477 2737 608 2777 possunt]
630 2740 684 2769 Sic
710 2739 788 2769 les.

98 2778 229 2817 quidam
246 2787 276 2808 et
298 2781 366 2809 edd.
384 2786 456 2809 vett.
474 2780 566 2818 idque
583 2783 697 2812 melius
713 2792 788 2812 con-

98 2822 185 2850 venit
211 2822 252 2859 τῷ
278 2823 468 2862 reperiantur,
497 2832 594 2862 quam
621 2825 787 2864 vulgatum

95 2870 257 2903 potuerunt.

91 2909 95 2922 l

830 2576 976 2599 vetustum
992 2571 1164 2609 corrigebat
1183 2578 1377 2607 vetustarum,
1394 2581 1522 2610 repone-

831 2613 948 2651 batque
971 2620 1040 2652 post
1063 2612 1166 2652 legum.
1191 2614 1308 2644 Markl.
1324 2615 1362 2643 ad
1386 2615 1522 2643 Statium

831 2665 861 2694 p.
879 2663 908 2686 2.
931 2662 963 2685 at
984 2662 1081 2692 vetus,
1104 2664 1140 2687 ut
1160 2657 1200 2686 sit
1222 2657 1368 2696 objectio,
1394 2664 1461 2695 post
1485 2657 1523 2687 Ρ.

832 2699 948 2735 Nattae,
966 2698 1077 2727 nobilis.

874 2748 916 2771 40
931 2753 950 2769 a
965 2741 1114 2770 nobilitate
1126 2739 1398 2781 igiturpericulum]
1415 2741 1522 2770 Mark-

832 2782 944 2814 landus
968 2785 1005 2813 ad
1030 2784 1166 2816 Statium
1191 2794 1219 2822 p.
1238 2792 1267 2814 ⁶2.
1284 2793 1311 2812 a.
1328 2790 1356 2813 et
1380 2784 1522 2813 l'eareius

832 2826 1047 2866 corrigebant:
1072 2826 1217 2855 nobilitati
1235 2826 1324 2865 igitur
1334 2825 1506 2865 periculum.
