1778 3095
239 152 317 190 562
684 150 761 188 DE
797 149 1223 190 DIVINATIONE

240 256 378 299 omnis
406 256 547 312 potius
576 257 617 297 in
648 270 698 297 ea
728 256 934 312 cogitatio
954 265 995 297 et
1017 272 1116 298 cura
1137 257 1329 312 ponenda
1351 274 1361 298 ι
1392 265 1553 300 tantum
1572 258 1672 302 huic

243 313 385 355 studio
416 313 751 368 relinquendum,
782 322 983 369 quantum
1016 314 1177 355 vacabit
1207 329 1231 355 a
1261 313 1432 368 publico
1463 315 1600 357 officio
1628 326 1672 358 et

242 385 431 411 munere.
488 369 571 410 Sed
590 369 682 410 haec
701 370 801 411 alias
822 369 1011 426 pluribus
1032 387 1041 411 2
1073 385 1182 411 nunc
1201 370 1253 411 ad
1274 370 1508 412 institutam
1530 371 1674 428 dispu-

245 427 448 468 tationem
470 435 739 467 revertamur.

200 485 234 531 3
303 485 417 524 Nam
456 497 552 523 cum
587 482 639 523 de
672 482 923 523 divinatione
954 483 1138 538 Quintus
1169 484 1294 525 frater
1322 499 1371 525 ea
1400 483 1676 536 disseruisset,

213 555 341 595 gquae
363 538 576 594 superiore
596 539 703 580 libro
725 540 877 593 scripta
899 549 1009 588 sunt,
1031 539 1213 595 satisque
1232 541 1495 582 ambulatum
1516 541 1675 582 videre-

121 604 332 646 p.110.tur,
348 604 439 636 tum
461 595 503 635 in
522 595 794 645 bibliotheca,
812 610 905 649 quae
926 595 967 635 in
988 596 1131 650 Lyceo
1153 605 1231 646 est,
1250 597 1495 638 assedimus.
1532 597 1676 653 Atque

211 658 240 680 ὃ·
250 666 346 707 ego,
367 652 577 693 Accurate
605 661 651 692 tu
676 650 861 706 quidem,
883 651 1069 705 inquam,
1091 652 1266 703 Quinte,
1285 662 1328 695 et
1346 654 1486 694 Stoice
1507 653 1676 694 Stoico-

249 723 344 749 rum
373 708 620 749 sententiam
657 706 908 748 defendisti:
944 706 1144 762 quodque
1177 723 1243 748 me
1272 710 1451 750 maxime
1481 710 1678 759 delectat,

249 764 440 820 plurimis
462 764 614 804 nostris
635 763 836 818 exemplis
856 778 955 804 usus
976 777 1034 812 eS,
1053 773 1096 804 et
1116 764 1165 804 iis
1185 764 1356 819 quidem
1377 767 1496 807 claris
1516 776 1558 807 et
1577 767 1676 808 illu-

249 821 419 862 stribus.
449 819 690 861 Dicendum
709 829 773 861 est
789 818 892 860 mihi
908 819 1037 875 igitur
1057 819 1108 860 ad
1130 834 1193 869 ea,
1215 835 1308 875 quae
1331 832 1428 863 sunt
1447 838 1471 862 a
1489 832 1530 864 te
1551 823 1679 873 dicta,

251 877 326 918 sed
354 878 425 927 ita,
446 876 550 917 nihil
576 885 623 917 ut
652 876 870 927 affirmem,
890 890 1076 933 quaeram
1101 876 1256 927 omnia,
1277 877 1471 918 dubitans
1493 879 1679 934 plerum-

251 949 347 990 que,
378 941 419 974 et
447 932 552 973 mihi
581 933 668 988 ipse
699 932 904 974 diffidens.
943 932 978 973 si
1007 933 1117 973 enim
1148 933 1306 988 aliquid
1336 935 1438 975 certi
1468 935 1681 986 haberem,

251 989 367 1046 quod
400 988 612 1041 dicerem3
648 1004 731 1045 ego
767 989 856 1044 ipse
887 989 1129 1039 divinarem,
1164 991 1236 1045 qui
1268 1004 1357 1031 esse
1386 990 1681 1032 divinationem

217 1057 378 1102 9neg0.
438 1046 605 1087 Etenim
640 1061 707 1086 me
737 1054 879 1086 movet
907 1045 1026 1096 illud,
1050 1046 1165 1101 quod
1196 1046 1238 1086 in
1268 1047 1411 1102 primis
1444 1047 1682 1089 Carneades

253 1117 441 1159 quaerere
457 1103 633 1155 solebat,
647 1117 923 1158 quarumnam
943 1117 1081 1143 rerum
1100 1102 1301 1144 divinatio
1319 1113 1446 1145 esset:
1468 1118 1684 1155 earumne,

253 1175 348 1215 quae
370 1159 560 1200 sensibus
589 1159 930 1214 perciperentur?
964 1167 1007 1199 at
1037 1174 1105 1200 eas
1131 1159 1301 1214 quidem
1321 1161 1543 1212 cernimus,
1563 1161 1684 1202 audi·

254 1231 364 1267 muS,
384 1226 622 1272 gustamus,
643 1216 880 1266 olfacimus,
901 1216 1129 1270 tangimus.
1189 1216 1410 1272 Numquid
1431 1231 1534 1273 ergo
1563 1218 1605 1259 in
1634 1218 1686 1258 iis

254 1273 379 1314 rebus
417 1281 493 1322 est,
522 1272 639 1328 quod
674 1272 924 1327 provisione,
955 1280 1029 1312 aut
1056 1273 1317 1327 permotione
1347 1274 1499 1314 mentis
1532 1274 1687 1330 magis,

256 1344 382 1385 quam
405 1339 553 1370 natura
572 1330 662 1384 ipsa
684 1329 940 1369 sentiamus?
968 1337 985 1360 4
1002 1338 1075 1370 aut
1095 1329 1235 1370 nescio
1257 1329 1329 1385 qui
1357 1329 1427 1370 ille
1454 1330 1630 1382 divinus,
1651 1331 1687 1372 si

256 1385 389 1426 oculis
409 1395 556 1441 captus
579 1386 645 1435 sit,
665 1394 713 1426 ut
739 1384 919 1426 Tiresias
950 1385 1043 1436 fuit,
1064 1385 1211 1440 possit,
1233 1401 1326 1441 quae
1355 1386 1450 1427 alba
1476 1387 1571 1438 sint,
1592 1402 1686 1443 quae

258 1442 391 1497 nigra,
413 1442 577 1483 dicere?
601 1449 688 1492 aut,
706 1442 740 1483 si
759 1441 909 1483 surdus
931 1442 998 1493 sit,
1016 1442 1234 1484 varietates
1255 1457 1420 1494 vocum,
1443 1452 1516 1485 aut
1536 1443 1689 1485 modos

258 1500 459 1540 noscere?
492 1498 564 1540 Ad
591 1499 749 1540 nullam
779 1498 908 1554 igitur
938 1513 1081 1539 earum
1101 1512 1254 1550 rerum,
1275 1514 1369 1555 quae
1389 1514 1514 1541 sensu
1533 1501 1691 1556 accipi-

258 1565 402 1606 untur,
431 1555 629 1597 divinatio
660 1555 895 1597 adhibetur.
954 1556 1089 1611 Atqui
1118 1571 1170 1597 ne
1199 1555 1242 1596 in
1271 1556 1320 1597 iis
1351 1556 1518 1612 quidem
1549 1558 1691 1607 rebus,

260 1627 354 1668 quae
376 1621 464 1653 arte
482 1621 727 1663 tractantur,
749 1612 1003 1653 divinatione
1023 1627 1130 1667 opus
1151 1621 1227 1653 est.
1286 1613 1453 1653 Etenim
1474 1613 1527 1654 ad
1552 1628 1694 1668 aegros

259 1683 345 1709 non
365 1678 492 1720 vates,
513 1678 586 1710 aut
607 1669 806 1719 hariolos,
827 1668 899 1709 sed
919 1669 1105 1710 medicos
1127 1669 1310 1709 solemus
1331 1669 1551 1711 adducere.
1595 1671 1690 1712 Nec

259 1740 371 1776 vero,
392 1725 465 1780 qui
485 1725 650 1776 fidibus,
671 1736 742 1766 aut
774 1725 885 1766 tibiis
916 1725 979 1766 uti
1008 1725 1165 1775 volunt,
1188 1725 1240 1765 ab
1271 1724 1561 1780 haruspicibus
1580 1726 1691 1769 acci-

203 1781 383 1837 10piunt
403 1796 546 1822 carum
569 1782 876 1831 tractationem,
898 1781 971 1822 sed
1001 1797 1025 1822 a
1052 1782 1238 1822 musicis.
1299 1781 1459 1822 Eadem
1479 1782 1520 1822 in
1542 1781 1693 1823 litteris

261 1838 368 1879 ratio
403 1847 481 1888 est,
514 1838 768 1894 reliquisque
803 1838 943 1888 rebus,
974 1853 1150 1893 quarum
1183 1846 1247 1878 est
1279 1837 1512 1893 disciplina.
1570 1840 1690 1880 Num

260 1909 405 1936 censes
434 1909 521 1947 eos,
544 1896 616 1951 qui
645 1895 826 1935 divinare
855 1893 1065 1945 dicuntur,
1086 1908 1211 1950 posse
1231 1893 1497 1950 respondere,
1518 1894 1581 1936 sol
1601 1909 1692 1936 ma-

255 1950 394 2007 jorne,
431 1966 556 2007 quam
588 1961 699 1992 terra
727 1951 809 1992 sit?
843 1965 894 1991 an
925 1959 1080 2002 tantus,
1111 1959 1291 2006 quantus
1320 1950 1535 1992 videatur?
1563 1951 1693 1993 ⁵luna

262 2023 341 2049 suo
368 2008 542 2059 lumine,
562 2024 613 2049 an
644 2007 757 2058 solis,
778 2009 949 2048 utatur?
981 2007 1059 2059 sol,
1078 2007 1192 2058 luna,
1213 2021 1337 2063 quem
1367 2015 1531 2048 motum
1562 2007 1695 2049 habe-

263 2066 364 2105 ant?
398 2079 523 2120 quem
557 2065 742 2120 quinque
772 2063 920 2114 stellae,
943 2079 1038 2120 quae
1067 2079 1203 2119 errare
1232 2064 1457 2105 dicuntur?
1489 2079 1566 2106 nec
1586 2064 1694 2115 haec,

265 2121 338 2176 qui
358 2121 485 2162 divini
506 2122 729 2172 habentur,
749 2120 998 2176 profitentur
1019 2135 1063 2162 se
1083 2135 1172 2162 esse
1193 2121 1404 2172 dicturos3
1437 2135 1513 2162 nec
1533 2135 1694 2171 eorum,

265 2193 360 2233 quae
398 2178 439 2218 in
470 2178 705 2234 geometria
734 2178 1040 2228 describuntur,
1072 2193 1165 2232 quae
1194 2191 1302 2227 vera,
1333 2192 1425 2233 quae
1455 2177 1560 2219 falsa
1586 2178 1696 2228 sint;

218 2240 364 2288 4sunt
398 2235 509 2275 enim
547 2249 596 2275 ea
625 2234 1038 2285 mathematicorum,
1069 2248 1152 2275 non
1183 2233 1455 2274 hariolorum.
1513 2235 1581 2275 De
1615 2233 1696 2275 illis

264 2305 361 2332 vero
383 2292 521 2342 rebus,
542 2306 637 2347 quae
658 2291 698 2331 in
721 2291 989 2346 philosophia
1009 2300 1238 2340 versantur,
1260 2290 1464 2346 numquid
1483 2300 1558 2341 est,
1579 2289 1695 2346 quod

265 2348 489 2404 quisquam
510 2347 744 2388 divinorum
766 2356 839 2389 aut
864 2347 1116 2402 respondere
1136 2347 1280 2397 soleat,
1301 2356 1375 2388 aut
1395 2346 1571 2395 consuli,
1592 2347 1695 2402 quid

265 2404 427 2445 bonum
450 2405 516 2454 sit,
538 2404 640 2460 quid
662 2404 836 2454 malurn,
857 2404 959 2459 quid
982 2413 1176 2445 neutrum
1196 2404 1208 2443 ?
1237 2413 1334 2444 sunt
1354 2403 1464 2443 enim
1485 2402 1575 2444 haec
1597 2417 1695 2458 pro-

209 2461 358 2514 llpria
377 2461 744 2516 philosophorum.
803 2461 919 2517 Quid
948 2461 1000 2502 de
1031 2460 1196 2501 officio?
1224 2466 1354 2500 6num
1387 2459 1479 2514 quis
1505 2459 1701 2515 haruspi-⁴

268 2530 361 2556 cem
382 2518 579 2568 consulit,
595 2517 956 2572 quemadmodum
977 2518 1031 2558 sit
1050 2531 1146 2557 cum
1169 2515 1424 2570 parentibus,
1439 2530 1537 2556 cum
1559 2516 1697 2557 fratri-

268 2573 363 2624 bus,
384 2588 482 2613 cum
511 2573 655 2614 amicis
684 2573 932 2615 vivendum?
965 2571 1323 2628 quemadmodum
1346 2571 1547 2614 utendum
1570 2587 1698 2628 pecu-

312 2716 330 2739 4
354 2715 406 2739 aut
429 2708 518 2737 nescio
539 2707 604 2750 qui]
630 2709 694 2738 Ms.
718 2708 824 2738 Guelf.
844 2714 879 2737 ut
897 2708 961 2743 alii,
1006 2715 1075 2747 post
1091 2707 1132 2737 sol
1143 2709 1210 2738 sine
1226 2707 1364 2748 copu123
1387 2709 1440 2739 cui
1456 2709 1554 2748 aptior
1568 2707 1655 2738 foret.

270 2753 345 2782 item
363 2753 412 2782 ed.
428 2752 508 2781 Ven.
528 2758 619 2784 1494.
638 2753 816 2788 addituram,
833 2752 918 2790 quod
934 2758 965 2781 et
1051 2756 1069 2780 6
1107 2762 1173 2780 mtm
1203 2751 1266 2792 quis
1296 2752 1359 2782 har.
1389 2752 1522 2790 consulit]
1553 2751 1604 2781 Sic
1635 2751 1700 2781 MS·

268 2795 364 2825 edidit
382 2794 540 2824 Davisius.
1009 2794 1115 2824 Guelf.
1133 2795 1215 2823 idem
1239 2796 1270 2824 in
1295 2805 1340 2824 m.
1364 2795 1412 2824 ed.
1436 2795 1470 2825 L.
1493 2801 1523 2824 et
1543 2794 1595 2824 alii
1616 2795 1700 2834 apud

314 2845 329 2868 5
355 2836 492 2879 lunaque]
520 2848 574 2878 que
595 2836 709 2867 delevit
730 2837 891 2874 Davisius,
908 2846 965 2867 au·
1008 2837 1200 2875 Davisium3
1227 2844 1295 2867 tum
1318 2838 1366 2867 ed.
1388 2838 1467 2867 Ven.
1492 2843 1583 2873 1471.
1609 2844 1701 2869 1494.

265 2888 353 2912 ttore
370 2881 432 2912 Ms.
449 2880 572 2912 Balliol.
588 2879 703 2920 placet,
715 2890 791 2913 nam
808 2887 853 2911 est
868 2881 964 2911 etiam
1008 2880 1104 2919 vulgo
1120 2886 1165 2910 est
1181 2879 1328 2911 consuluit.
1353 2879 1447 2912 male.
