1778 3095
545 108 730 150 LIBER
767 111 1108 152 SECUNDUS.
1447 122 1519 164 591

98 220 213 263 archi
234 221 339 264 liber
357 225 434 273 est,
457 220 615 262 nescire
635 235 684 262 ea
712 221 860 262 melius
889 235 992 272 esse,
1021 236 1147 277 quam
1177 221 1296 262 scire.
1355 224 1530 280 Negant

99 278 143 318 id
161 293 243 319 esse
261 278 440 320 alienum
461 277 676 333 majestate
695 278 873 328 deorum,
895 277 1053 319 scilicet
1088 288 1105 310 2
1118 293 1235 319 casas
1257 279 1447 321 omnium
1464 281 1529 322 in-

96 335 339 391 trospicere,
372 344 419 377 ut
447 333 627 384 videant,
659 334 760 389 quid
791 335 944 390 cuique
981 335 1206 376 conducat.
1266 336 1418 391 Neque
1444 352 1528 378 non

99 399 275 446 possunt
283 392 443 448 futura
454 401 716 446 praenoscere.
762 392 936 445 Negant
952 403 1077 445 posse
1097 392 1139 441 ii,
1160 391 1312 446 quibus
1334 406 1417 432 non
1438 394 1528 447 pla-

98 457 167 489 cet
187 462 278 489 esse
297 457 473 497 certum,
495 447 596 504 quid
622 447 811 488 futurum
839 447 906 488 sit.
965 446 1149 488 Videsne
1169 448 1313 502 igitur,
1334 463 1427 504 quae
1449 449 1527 491 du-
1547 451 1619 488 106

97 503 168 544 bia
188 505 284 556 sint,
304 519 354 545 ea
374 503 483 546 sumi
513 510 591 560 'pro
618 504 743 544 certis
770 513 897 560 atque
925 503 1165 544 concessis?
1205 511 1222 534 3
1240 505 1406 545 Deinde
1426 519 1529 546 con-

98 568 311 616 torquent,
337 569 379 602 et
410 561 469 601 ita
497 560 785 602 concludunt:
837 561 965 601 4N0n
994 560 1126 617 igitur
1149 567 1244 601 sunt
1272 561 1345 611 dii,
1374 576 1447 602 ‘nec
1475 563 1532 603 si-

96 616 491 714 gnjficantfictura:
524 617 567 658 id
595 617 705 658 enim
730 617 821 673 jam
850 617 1082 673 perfectum
1114 617 1382 659 arbitrantur.
1439 619 1530 659 De-

97 674 139 713 in
173 688 196 714 e
216 685 462 716 assumunt:
496 674 600 715 Sunt
621 681 756 715 atatem
777 674 856 716 dii:
885 673 1005 730 quod
1033 674 1174 729 ipsum
1205 689 1288 715 non
1314 675 1366 715 ab
1392 676 1530 716 omni-

96 729 177 770 bus
208 730 475 773 conceditur:
511 729 756 787 Signfficant
787 747 894 787 ergo.
953 732 1023 773 Ne
1052 730 1096 771 id
1125 730 1295 786 quidem
1327 732 1574 786 sequitur.b.

96 796 276 841 possunt
306 787 417 828 enim
446 802 530 828 non
558 788 806 843 significare,
829 797 871 829 et
898 795 1040 829 tamen
1061 802 1152 828 esse
1171 787 1244 829 dii.
1304 787 1402 838 Nec,
1422 788 1456 829 si
1475 789 1530 829 si-

95 842 307 898 gnfflcent,
333 853 349 876 ⁵
367 859 444 885 ηοη
465 844 566 885 dunt
593 844 681 885 vias
707 844 868 900 aliquas
893 845 948 885 ad
975 844 1185 885 scientiam
1205 844 1531 901 significationi&

96 900 160 940 At
185 899 228 941 id
255 914 423 957 quoque
442 908 598 956 potest,
620 910 668 942 ut
689 916 773 942 non
795 901 896 942 dent
916 901 1078 942 homini
1095 917 1108 952 3
1140 901 1220 956 ipsi
1236 902 1436 943 habeant.
1457 917 1533 943 cur

98 955 211 997 enim
232 956 380 998 Tuscis
401 957 559 1012 potius,
580 972 706 1012 quam
728 957 930 999 Romanis
950 957 1121 998 darent?
1145 958 1243 1009 Nec,
1260 957 1294 998 si
1313 958 1413 999 dant
1429 958 1532 1010 vias,

95 1011 216 1053 nulla
235 1020 294 1053 est
315 1013 528 1055 divinatio,
609 1019 627 1044 6
646 1015 727 1055 Fac
748 1014 847 1055 dare
866 1013 969 1055 deos
988 1031 997 1055 :
1029 1013 1146 1069 quod
1175 1014 1406 1056 absurdum
1436 1025 1503 1056 est
1521 1032 1531 1056 t

97 1067 200 1166 {nid
234 1069 375 1120 refert,
405 1070 439 1111 si
473 1070 662 1126 accipere
699 1085 784 1112 non
822 1072 1077 1127 possumus?
1136 1072 1416 1112 ⁷Extremum
1456 1080 1534 1123 est,

143 1132 180 1166 st
208 1125 338 1182 igitur
371 1126 583 1168 divinatio.
643 1128 707 1168 Sit
739 1136 1002 1169 extremum:
1045 1127 1240 1169 effectum
1275 1136 1417 1168 tamen
1449 1143 1534 1169 non

96 1191 174 1224 est.
194 1197 244 1224 ex
263 1183 377 1224 falsis
394 1183 521 1234 enim,
536 1194 583 1225 ut
602 1184 655 1225 ab
675 1184 774 1239 ipsis
791 1184 1030 1234 didicimus,
1043 1199 1188 1224 verum
1204 1184 1311 1224 effici
1331 1195 1415 1225 non
1435 1194 1533 1240 pot-

99 1248 177 1280 est.
193 1240 310 1294 jacet
330 1240 461 1295 igitur
480 1250 570 1281 tota
591 1240 822 1282 conclusio.

153 1296 386 1337 Veniamus
416 1311 529 1340 nunc
560 1297 613 1338 ad
643 1297 853 1353 optimum
874 1298 1022 1349 virum,
1047 1296 1296 1338 familiarem
1325 1298 1614 1349 nostrum,52

100 1351 367 1408 Cratippum.
427 1353 471 1394 Si
496 1354 583 1394 sine
615 1354 765 1405 oculis,
792 1354 943 1410 inquit,
971 1368 1054 1395 non
1075 1361 1217 1409 potest
1241 1362 1257 1385 8
1274 1362 1436 1395 exstare
1466 1355 1534 1395 of-
1551 1373 1623 1413 107

97 1408 238 1450 ficium
269 1418 311 1450 et
340 1425 494 1451 munus
525 1410 762 1461 oculorum,
784 1419 962 1466 possunt
991 1418 1134 1452 autem
1165 1410 1391 1466 aliquando
1421 1411 1537 1453 oculi

98 1480 184 1505 non
204 1466 326 1521 fungi
348 1481 424 1507 suo
444 1481 619 1508 munere
637 1484 646 1508 ε
679 1468 751 1523 qui
773 1468 835 1508 vel
865 1468 995 1508 semel
1024 1467 1083 1508 ita
1108 1474 1172 1508 est
1197 1482 1297 1508 usus
1317 1468 1466 1518 oculis,
1488 1476 1536 1509 ut

96 1536 192 1562 vera
217 1531 419 1573 cerneret,
451 1523 486 1564 is
519 1523 649 1565 habet
679 1539 846 1565 sensum
880 1524 1118 1575 oculorum,
1138 1538 1234 1565 vera
1258 1524 1535 1566 cernentium.

93 1577 208 1626 *Item
228 1578 372 1634 igitur,
391 1579 425 1620 si
446 1580 534 1621 sine
563 1580 815 1622 divinatione
835 1595 919 1622 non
951 1589 1093 1637 potest
1113 1581 1298 1621 officium
1320 1588 1362 1622 et
1378 1592 1536 1622 munus

97 1633 362 1676 divinationis
401 1645 576 1686 exstare,
612 1645 755 1691 potest
795 1647 953 1689 autem,
984 1651 1082 1679 cum
1113 1637 1206 1693 quis
1230 1637 1536 1678 divinationem

95 1690 263 1743 habeat,
286 1706 422 1733 errare
442 1692 684 1748 aliquando,
705 1707 781 1735 nec
799 1708 894 1735 vera
913 1708 1082 1734 cernere
1100 1710 1111 1735 ι
1141 1693 1240 1734 satis
1265 1703 1329 1735 est
1357 1693 1412 1734 ad
1432 1704 1538 1735 con-

98 1746 348 1789 firmandam
382 1748 696 1801 divinationem,
729 1751 859 1791 semel
888 1750 1046 1806 aliquid
1076 1751 1136 1791 ita
1168 1761 1260 1791 esse
1289 1750 1535 1801 divinatum,

98 1803 203 1845 nihil
228 1813 279 1845 ut
299 1805 475 1846 fortuito
496 1806 697 1847 cecidisse
715 1807 917 1848 videatur.
951 1813 1050 1848 sunt
1081 1812 1221 1847 autem
1253 1805 1343 1862 ejus
1371 1808 1537 1862 gener-is

100 1861 434 1903 innumerabilia.
474 1876 566 1904 esse
606 1862 736 1917 igitur
785 1863 1080 1904 divinationem
1130 1863 1417 1904 confitendum
1457 1874 1535 1905 est.

98 1918 258 1958 Festive
278 1927 322 1959 et
340 1919 532 1960 breviter.
553 1919 626 1960 sed
647 1934 746 1960 cum
766 1920 830 1960 bis
851 1920 1016 1971 sumsit,
1036 1919 1150 1974 quod
1168 1919 1315 1971 voluit,
1343 1920 1471 1961 etiam
1503 1921 1537 1962 si

98 1974 243 2015 faciles
262 1989 337 2016 nos
359 1974 413 2016 ad
432 1975 750 2017 concedendum
770 1976 964 2018 habuerit
984 1993 992 2017 :
1024 1976 1068 2017 id
1096 1985 1252 2027 tamen,
1272 1976 1388 2032 quod
1418 1992 1536 2018 assu-

98 2031 194 2082 mit,
215 2031 391 2073 concedi
418 2032 533 2073 nullo
555 2033 686 2074 modo
711 2041 867 2088 potest.
926 2034 984 2084 Si,
1004 2033 1154 2088 inquit,
1176 2032 1402 2088 aliquando
1422 2033 1536 2075 oculi
1552 2042 1623 2074 108

99 2090 292 2143 peccent,
320 2093 478 2140 tamen,
510 2089 606 2145 quia
635 2099 748 2130 recte
778 2089 1003 2145 aliquando
1034 2089 1226 2142 viderint,
1257 2089 1366 2131 inest
1405 2090 1450 2131 in
1486 2090 1537 2131 iis

98 2144 158 2186 v'is
176 2144 357 2187 videndi.
418 2146 542 2197 Item,
584 2146 650 2187 9si
680 2146 774 2203 quis
805 2146 936 2188 semel
970 2145 1128 2202 aliquid
1153 2146 1316 2198 viderit,
1343 2147 1378 2187 is
1407 2147 1537 2188 etiam

120 2324 125 2333 β
142 2297 161 2321 2
183 2302 264 2321 casas
279 2290 404 2322 omnium
420 2290 613 2333 introspicere]
632 2303 712 2322 casas
727 2302 744 2323 e
759 2291 793 2322 P.

98 2331 239 2377 Manutii
268 2336 460 2366 correctione
489 2342 652 2375 receptum
677 2342 734 2367 est.
764 2341 796 2365 at

99 2375 181 2407 Mss.
204 2378 237 2407 in
259 2378 309 2408 his
333 2378 442 2408 Guelf.
464 2384 495 2409 et
515 2379 583 2409 edd.
607 2388 652 2417 pr.
676 2379 796 2409 habent

100 2421 212 2455 Gau5d5‚
236 2428 345 2459 praeter
371 2421 469 2452 Palat.
495 2430 558 2452 sec.
580 2422 636 2461 qui
660 2422 796 2452 habebat

880 2297 899 2323 6
924 2292 984 2322 Fac
1006 2291 1077 2322 dare
1099 2291 1182 2322 deos:
1205 2291 1283 2334 quod
1302 2288 1456 2321 absurdum
1478 2289 1536 2332 est]

834 2333 912 2366 Non
928 2336 1032 2372 video,
1053 2341 1208 2375 quorsum
1230 2336 1373 2366 additum
1396 2336 1447 2372 sit,
1464 2334 1540 2377 quod

837 2378 992 2408 absurdum
1008 2385 1058 2408 est.

881 2427 897 2456 7
925 2421 1098 2451 Extremum
1114 2426 1167 2456 est,
1185 2420 1242 2450 Est
1264 2420 1358 2460 igitur·
1377 2419 1460 2461 div.]
1481 2420 1538 2449 Est

101 2472 193 2492 casas.
215 2463 296 2491 mihi
317 2470 426 2494 tamen
447 2475 546 2494 causas
567 2465 666 2504 magis
682 2464 795 2504 placet.

101 2504 175 2546 quid
202 2504 338 2534 conducat
373 2507 489 2538 melius
526 2508 603 2538 huie
633 2508 794 2545 convenit,

100 2555 200 2587 quam
216 2547 274 2577 illi.

139 2586 163 2620 '3
190 2589 304 2620 Deinde
327 2592 519 2633 contorquent]
537 2593 576 2624 V.
594 2592 683 2624 Clav.
705 2594 737 2624 in
761 2594 795 2624 h.

101 2642 133 2665 V.

146 2684 167 2706 4
190 2676 256 2706 Non
279 2675 373 2716 igitur
393 2682 459 2707 sunt
480 2677 536 2719 dii]
554 2678 665 2709 Delevi
682 2684 710 2708 et
722 2683 797 2709 ante

102 2725 188 2750 sunt.
212 2719 287 2758 quia
309 2728 404 2758 supra
427 2721 459 2749 in
483 2721 543 2751 hac
562 2723 681 2752 ratione
699 2722 797 2752 abest.

104 2762 244 2801 itemque
260 2771 278 2791 a
294 2762 372 2792 Mss.
391 2762 545 2801 pluribus.

149 2812 166 2837 5
184 2808 243 2834 ‘'rton
264 2805 336 2834 dant
357 2804 437 2844 vias]
464 2806 526 2836 Sic.
549 2804 613 2837 MS,
633 2806 745 2838 Guelf.
767 2812 799 2837 et

103 2846 156 2878 ani
171 2848 256 2887 apud
270 2848 439 2880 Davisium
454 2848 550 2887 vulgo
565 2854 611 2879 est
624 2849 704 2879 dare.

839 2464 923 2494 male
952 2465 1110 2495 omissum
1140 2470 1185 2493 est
1215 2464 1248 2494 in
1279 2464 1413 2503 vulgatis
1443 2471 1537 2503 atque

838 2508 935 2537 etiarn
959 2508 1037 2539 Mss.
1060 2508 1227 2546 plerisque.
1250 2507 1332 2537 bene
1354 2517 1372 2538 e
1394 2507 1474 2538 Mss.
1492 2516 1538 2536 re·

838 2551 940 2581 stituit
955 2550 1115 2582 Davisius.

885 2601 901 2624 8
925 2600 1039 2622 exstare
1061 2590 1198 2634 officium]
1227 2592 1291 2623 Ms.
1316 2592 1424 2623 Guelf.
1446 2598 1536 2627 stare,

840 2637 894 2667 sed
915 2644 987 2676 post
1005 2637 1102 2667 habet
1123 2642 1236 2665 exstare
1254 2645 1353 2665 munus
1369 2641 1396 2663 et
1415 2633 1538 2674 qffi'cium

840 2679 1044 2717 divinationis,
1061 2680 1155 2719 idque
1169 2688 1282 2709 verum
1298 2685 1355 2707 est.

885 2730 903 2755 9
933 2722 958 2752 si
987 2724 1053 2764 quis
1082 2721 1170 2752 semel
1196 2720 1314 2761 aliquid
1333 2717 1455 2757 dixerit]
1490 2719 1537 2748 Ita

840 2764 994 2795 Gruterus
1017 2767 1139 2806 primus
1161 2764 1268 2799 edidit,
1290 2762 1468 2801 intelligens
1490 2761 1537 2790 di·

839 2808 918 2836 xerit
942 2817 998 2847 pro
1024 2806 1202 2847 praedixerit
1226 2806 1361 2835 dictum.
1407 2804 1486 2835 Mss.
1506 2810 1538 2834 et

842 2850 911 2881 edd.
926 2856 1002 2881 vett.
1016 2851 1138 2881 addunt
1151 2848 1181 2878 in
1196 2847 1397 2878 divinatione:
1416 2848 1452 2877 in
1472 2856 1538 2887 qu·
