1778 3095
425 213 502 264 M.
541 211 825 264 TULLII
863 212 1303 265 CICERONIS
1535 242 1540 245 -
1588 229 1708 295 ἰάσει

167 328 896 393 TUSCULANARUM
940 331 1559 394 QUAESTIONUM
1612 288 1620 296 ⁸

840 476 894 501 AD

657 557 734 604 M.
772 558 1081 606 BRUTUM

561 668 763 708 LIBER
805 668 1154 710 QUARTUS.

838 795 891 819 DE

287 888 565 945 RELIQUIS
596 888 786 929 ANIMI
820 888 1436 933 PERTURBATIONIBUS.

737 1036 981 1057 -ῴ-

662 1156 690 1190 Α
697 1154 805 1191 RGU
811 1154 1057 1191 MENTUM
1063 1183 1070 1191 .

145 1241 314 1290 Praefatio
332 1240 431 1287 hujus
449 1240 527 1276 libri
551 1239 600 1277 ad
626 1239 836 1276 asserendum
859 1240 976 1289 priscis
1006 1239 1165 1276 Romanis
1196 1237 1417 1291 Philosophiae
1429 1239 1579 1278 studium

197 1302 391 1345 comparata
410 1303 470 1332 est.
524 1294 605 1344 Ipsa
625 1304 735 1330 autem
762 1293 840 1329 libri
865 1292 1172 1344 buJ'us··disputatio
1199 1294 1233 1329 in
1260 1294 1318 1332 boe
1335 1304 1505 1337 versatur,
1524 1304 1576 1340 ut,

195 1350 297 1385 omni
327 1348 597 1397 perturbatione
626 1359 729 1396 posse
756 1347 959 1395 sapientem
996 1360 1130 1390 vacare,
1158 1345 1407 1387 demonstretur.
1464 1349 1580 1385 Primo

194 1402 352 1451 adfertur
362 1401 624 1451 perturbationis
648 1400 759 1437 Stoica
779 1399 936 1445 definitio,
951 1408 981 1437 et
998 1401 1032 1437 in
1046 1409 1205 1450 quattuor
1218 1414 1343 1450 genera
1362 1401 1552 1438 distributio
1564 1419 1576 1448 5

193 1469 338 1505 quarum
357 1455 435 1492 duae
451 1468 494 1492 ex
513 1454 602 1491 bonis
628 1454 770 1503 qoinatis
797 1463 890 1498 sunt,
920 1463 959 1490 ut
986 1453 1107 1490 laetitia
1135 1461 1166 1490 et
1193 1454 1317 1502 libido,
1347 1455 1426 1491 duce
1443 1469 1484 1491 ex
1504 1467 1577 1492 ma-

193 1510 298 1545 lorum
328 1521 445 1552 errore,
477 1518 515 1544 ut
546 1506 714 1556 aegritudo
742 1516 774 1542 et
804 1517 908 1543 metus
924 1524 935 1542 .·
964 1507 1079 1558 bisque
1106 1507 1248 1556 singulis
1270 1508 1579 1559 perturbationibus

193 1576 266 1599 suae
275 1572 392 1612 partes
415 1561 648 1608 subjiciuntur.
671 1574 700 1596 c.
720 1564 804 1607 4-9.
860 1560 992 1597 Deinde
1018 1561 1174 1611 quomodo
1202 1563 1274 1611 ipsa
1296 1562 1507 1612 perturbatio
1533 1561 1579 1599 ab

192 1617 411 1666 (egrotatione
440 1628 497 1651 seu
527 1613 635 1651 morbo
662 1613 815 1661 differat,
843 1623 874 1650 et
901 1628 980 1664 quae
1008 1615 1053 1650 sit
1084 1615 1118 1650 in
1149 1614 1208 1650 hoc
1233 1628 1355 1665 genere
1379 1616 1484 1652 animi
1502 1629 1579 1652 cum

193 1680 322 1720 corpore
350 1668 545 1712 similitudo,
580 1667 772 1704 ostenditur.
797 1680 826 1703 c.
854 1673 985 1705 10-14.
1043 1667 1205 1717 Sequitur
1229 1678 1345 1719 postea
1376 1668 1488 1706 bre-vis
1519 1668 1577 1705 de-

195 1724 384 1760 monstratio
402 1723 484 1769 ejus,
513 1720 603 1773 quod
625 1720 854 1771 quaerebatur,
884 1732 995 1771 nempe
1015 1720 1297 1772 perturbationem
1321 1736 1395 1758 eum
1414 1723 1578 1772 sapientia

192 1777 363 1814 consistere
388 1790 450 1812 non
473 1786 578 1826 posse,
607 1775 707 1835 longa
739 1784 849 1811 autem
880 1784 995 1811 contra
1023 1775 1260 1825 Peripateticos
1292 1775 1488 1826 disputatio,
1522 1776 1579 1827 qui

191 1829 455 1880 perturbationes
473 1829 671 1865 necessarias
691 1841 770 1873 esse,
790 1828 977 1872 naturales,
1005 1828 1165 1879 utilesque
1188 1830 1399 1873 contendunt,
1417 1843 1538 1879 easque
1555 1843 1579 1866 a

195 1884 340 1933 sipiente
371 1897 433 1918 non
462 1882 623 1918 tollendas
652 1891 684 1918 et
716 1881 945 1932 extirpandas,
982 1882 1042 1918 sed
1071 1882 1200 1918 modum
1235 1884 1316 1933 ipsis
1354 1875 1578 1920 adhibendum

194 1944 364 1979 statuunt,
395 1950 421 1973 c
451 1942 514 1972 15-
519 1936 582 1972 26.
641 1934 825 1981 Subjicitur
853 1935 986 1971 tandem
1015 1935 1054 1972 de
1076 1936 1366 1985 perturbationum
1398 1938 1577 1974 curatione.

195 1992 251 2026 Ea
272 1992 376 2026 varia
395 1999 456 2031 est,
476 2001 577 2039 neque
601 1990 703 2024 omnis
727 1988 934 2038 perturbatio
955 2003 1025 2025 una
1050 1990 1175 2026 ratione
1193 1990 1346 2026 sedatur.
1405 1992 1469 2027 Est
1483 2002 1578 2040 prce-

194 2053 282 2080 terea
300 2044 334 2079 in
353 2052 512 2093 quattuor
524 2042 832 2092 perturbationibus
851 2042 915 2078 illis
935 2056 974 2079 ea
988 2042 1152 2079 distinctio
1165 2059 1176 2076 ⁴·
1209 2044 1387 2092 Primum,
1390 2053 1512 2080 „utrum
1532 2043 1582 2080 ad

194 2098 388 2134 universam
420 2095 716 2146 perturbationem,
754 2106 927 2146 tamquam
960 2096 1208 2145 aegritudinem,
1246 2083 1416 2141 laetitiam,
1455 2111 1501 2134 an
1532 2097 1582 2134 ad

193 2151 361 2200 singulas,
391 2149 423 2187 b.
451 2163 478 2186 e.
503 2148 682 2208 generibus
709 2149 874 2196 subjectas
885 2150 1025 2208 formas
1055 2150 1283 2193 adhibeatur3
1313 2150 1443 2194 deinde,
1464 2160 1579 2187 utrum

194 2205 276 2241 mali
305 2204 423 2240 bonive
448 2204 638 2253 opinionem,
669 2216 714 2238 an
746 2205 851 2253 ipsam
886 2203 1013 2239 omnino
1043 2202 1324 2253 perturbationem
1343 2204 1454 2241 tollas.
1511 2204 1582 2241 Sed

194 2266 283 2294 certa
303 2265 333 2293 et
349 2257 485 2309 propria
513 2257 645 2292 sanatio
675 2266 737 2299 est,
768 2271 796 2292 si
827 2256 953 2299 doceas,
981 2256 1068 2306 ipsas
1091 2256 1359 2306 perturbationes
1383 2268 1443 2308 per
1458 2270 1491 2293 se
1510 2271 1579 2294 esse

192 2311 347 2353 vitiosas,
366 2324 424 2347 nec
442 2309 563 2346 babere
588 2310 767 2360 quiequam
795 2322 857 2348 aut
885 2310 1055 2353 naturale,
1085 2319 1148 2346 aut
1168 2311 1399 2348 necessarium.
1454 2310 1578 2348 Altera

194 2374 305 2401 autem
322 2364 421 2406 ratio,
450 2378 528 2414 quae
552 2364 655 2399 simul
678 2364 855 2413 opinionem
887 2364 961 2399 boni
991 2372 1051 2398 aut
1081 2363 1163 2399 mali
1194 2364 1294 2407 tollit,
1320 2373 1368 2400 est
1387 2377 1425 2400 ea
1445 2364 1579 2415 quidem

193 2418 317 2461 utilior,
336 2417 394 2454 sed
411 2431 488 2454 raro
509 2415 656 2467 proficit,
685 2429 785 2467 neque
810 2426 856 2453 est
884 2416 933 2453 ad
957 2418 1087 2465 vulgus
1115 2415 1317 2453 adhibenda.
1375 2418 1440 2454 Est
1463 2419 1579 2462 etiam,

193 2470 251 2507 ubi
269 2470 418 2509 adbiberi
432 2471 534 2520 plane
552 2484 615 2506 non
631 2479 750 2519 potest,
767 2470 857 2521 quod
872 2484 936 2514 res,
955 2484 1034 2520 quae
1053 2469 1233 2520 perturbat
1252 2471 1415 2516 animum,
1433 2484 1512 2507 vere
1530 2481 1580 2509 est

194 2526 278 2562 bona
296 2534 356 2561 aut
377 2525 480 2567 mala,
500 2533 686 2574 tamquam,
715 2525 742 2560 si
768 2525 842 2574 quis
869 2537 960 2573 (egre
974 2524 1090 2571 ferat,
1118 2524 1203 2560 nibil
1228 2525 1263 2559 in
1282 2538 1316 2560 se
1333 2537 1401 2561 esse
1418 2525 1576 2569 virtutis,

193 2579 280 2616 nibil
297 2578 411 2619 animi,
429 2576 514 2613 nibil
528 2577 638 2626 officii,
660 2577 745 2614 nibil
760 2578 952 2615 honestatis.
973 2591 1001 2613 c.
1021 2584 1086 2623 27.
1099 2583 1164 2615 28.
1220 2577 1366 2629 Reliqua
1383 2578 1577 2629 disputatio,

193 2632 348 2684 quomodo
365 2640 522 2683 quattuor
538 2632 604 2668 ista
617 2644 745 2680 genera
763 2630 907 2668 tollenda
925 2631 1003 2674 sint,
1022 2630 1123 2670 docet,
