1778 3095
246 84 323 117 358
580 80 838 119 TUSCUL.
869 81 1309 120 QUAESTIONUM

245 185 524 229 interemisset
544 188 720 239 Clitum,
742 190 989 231 familiarem
1018 205 1157 239 suum,
1185 190 1248 231 vix
1269 205 1293 230 a
1312 203 1356 230 se
1376 193 1527 232 manus
1546 189 1678 234 absti-

249 243 354 284 nuit.
390 252 506 285 tanta
539 246 598 286 vis
634 247 712 286 fuit
753 246 997 302 poenitendi.
1038 248 1190 302 quibus
1228 246 1426 302 cognitis,
1467 245 1560 302 quis
1598 257 1678 300 est,

251 298 323 354 qui
344 300 523 352 dubitet,
543 302 643 357 quin
675 302 742 343 hic
773 317 940 359 quoque
970 313 1110 343 motus
1140 303 1281 353 animi,
1312 303 1366 343 sit
1395 311 1509 343 totus
1529 303 1677 368 opina-

248 354 359 408 bilis,
390 371 438 398 ac
468 356 755 399 voluntarius?
789 375 883 422 quis
915 359 1024 399 enim
1055 359 1267 409 dubitarit,
1299 359 1399 414 quin
1429 360 1677 414 aegrotatio-

249 425 322 452 nes
342 414 484 463 animi,
502 414 635 469 qualis
655 425 718 455 est
745 416 927 465 avaritia,
955 415 1100 469 gloriae
1132 391 1352 470 cupiditaS,
1383 430 1433 456 ex
1464 430 1530 479 eo,
1560 416 1678 470 quod

250 470 394 525 magni
416 470 647 511 aestimetur
676 486 725 512 ea
754 486 831 520 res,
861 485 909 511 ex
940 486 1022 525 qua
1051 472 1214 512 animus
1242 483 1436 527 aegrotat,
1457 471 1678 512 oriantur?

248 526 363 566 unde
384 526 577 590 intelligi
608 527 746 577 debet,
777 527 1132 581 perturbationem
1164 543 1332 583 quoque
1369 542 1553 579 omnem,
1588 542 1679 569 esse

189 581 292 623 Soin
326 582 535 636 opimone.
596 585 664 632 Er,
699 584 731 623 si
769 583 950 632 fidentia,
985 584 1025 623 id
1057 594 1133 634 est,
1172 585 1288 624 firma
1328 585 1455 626 animi
1489 584 1679 634 confisi0‚

251 638 424 679 scientia
453 639 644 693 quaedam
683 649 760 687 est,
796 648 838 678 et
871 639 1014 693 opinio
1046 640 1197 694 gravis,
1227 655 1296 680 no
1301 657 1309 680 1
1342 652 1498 682 temere
1538 655 1681 682 assen-

250 695 385 735 tiens:
415 694 643 735 diffidentia
665 701 832 750 quoque
859 705 922 735 est
947 703 1084 736 metus
1109 710 1289 751 exspectt
1289 697 1351 746 ti,
1373 708 1415 738 et
1433 697 1680 752 impenden-

249 749 303 791 tis
325 750 438 790 mali
498 751 567 800 Et,
588 750 621 790 si
642 765 734 805 spes
755 760 817 791 est
838 752 1092 806 exspectatio
1124 752 1250 792 boni:
1283 754 1381 793 mali
1401 754 1682 809 exspectatio-

252 820 348 847 nem
369 820 458 846 esse
478 821 646 847 necesse
667 816 731 848 est
751 817 925 848 metum.
988 809 1048 849 Ut
1073 809 1203 863 igitur
1234 819 1386 858 metus,
1419 810 1476 850 sic
1506 810 1678 865 reliquae

251 863 586 918 perturbationes
606 872 703 904 sunt
730 864 771 904 in
799 865 925 905 malo.
984 866 1099 920 Ergo
1130 874 1176 905 ut
1205 866 1440 906 constantia
1468 866 1678 907 scientiae·
1666 898 1678 917 ,

118 927 245 964 p.227
253 919 310 959 sic
328 919 586 974 perturbatio
603 920 752 961 erroris
783 931 859 961 est.
919 921 1005 977 Qui
1035 931 1174 962 autem
1201 930 1347 962 natura
1377 921 1610 962 dicuntur
1600 937 1682 963 ira-

212 975 394 1025 εἰ’(ῑωιὰἰ,
420 985 494 1017 aut
523 976 825 1040 misericordes,
855 986 929 1017 aut
957 978 1098 1027 invidi,
1129 986 1201 1018 aut
1231 978 1313 1018 tale
1344 978 1460 1033 quid,
1482 978 1564 1019 7311
1584 988 1682 1020 sunt

250 1032 486 1082 constituti,
508 1033 626 1088 quasi
655 1033 766 1074 mala
790 1033 1017 1074 valitudine
1042 1034 1198 1074 animi:
1231 1035 1434 1076 sanabiles
1456 1046 1611 1076 tamen.
1635 1045 1683 1076 ut

251 1089 444 1130 Socrates
476 1088 643 1139 dicitur,
671 1104 768 1130 cum
801 1089 972 1130 multa
963 1105 1004 1130 in
1035 1100 1242 1131 conventu
1265 1100 1303 1122 24
1321 1091 1415 1131 vitia
1443 1091 1683 1146 collegisset

249 1145 292 1186 in
312 1159 407 1185 eum
430 1146 524 1200 Zop
557 1160 641 1195 rus,
662 1147 733 1200 qui
761 1161 804 1186 se
833 1155 1024 1186 naturam
1054 1147 1258 1210 cujusque
1287 1162 1336 1187 ex
1367 1148 1503 1188 forma
1522 1149 1681 1203 perspi·

249 1215 343 1242 cere
375 1161 664 1256 profitebatur,
699 1201 858 1242 derisus
886 1211 950 1242 est
979 1217 1004 1242 a
1032 1202 1196 1252 ceteris,
1228 1203 1299 1258 qui
1332 1203 1403 1243 illa
1434 1204 1477 1244 in
1511 1205 1684 1246 Socrate

248 1258 348 1299 vitia
384 1272 468 1298 non
501 1267 808 1312 agnoscerent·
839 1258 931 1298 ab
922 1273 1015 1322 ipso
1044 1269 1186 1299 autem
1217 1260 1390 1300 Socrate
1430 1259 1683 1312 sublevatus,

186 1317 232 1350 81
250 1323 289 1346 2⁵
303 1328 401 1355 cum
422 1313 494 1354 illa
514 1314 593 1354 sibi
613 1314 750 1365 insita,
771 1314 845 1355 sed
865 1315 1025 1355 ratione
1046 1329 1070 1355 a
1089 1330 1133 1356 se
1153 1315 1317 1371 dejecta
1337 1315 1508 1358 diceret.
1566 1318 1683 1372 Ergo

248 1379 297 1412 ut
326 1370 489 1425 optima
518 1370 696 1426 quisque
726 1370 954 1412 valitudine
987 1372 1161 1412 affectus
1191 1382 1333 1427 potest
1361 1371 1502 1423 videri,
1534 1379 1572 1404 26
1587 1382 1685 1415 utut

248 1436 398 1468 natura
426 1426 479 1467 ad
509 1427 693 1492 aliquem
723 1428 921 1468 morbum
952 1428 1199 1483 proclivior:
1231 1429 1289 1469 εἰς
1320 1428 1483 1469 animus
1503 1429 1607 1470 alius
1629 1429 1684 1471 ad

247 1484 330 1525 alia
347 1483 445 1524 vitia
460 1484 720 1539 propensior.
747 1484 819 1539 qui
837 1494 978 1525 autem
1007 1499 1092 1524 non
1123 1494 1284 1535 natura,
1313 1485 1385 1526 sed
1405 1486 1529 1541 culpa
1548 1486 1686 1528 vitiosi

247 1554 338 1581 esse
376 1539 589 1590 dicuntur,
627 1555 774 1581 eorum
824 1540 923 1581 vitia
970 1551 1163 1582 constant
1201 1555 1224 1581 e
1260 1541 1373 1582 falsis
1413 1542 1682 1597 opinionibus

248 1611 388 1638 rerum
410 1597 615 1637 bonarum
637 1611 685 1637 ac
705 1597 924 1647 malarum,
954 1605 1001 1637 ut
1027 1597 1079 1637 sit
1099 1597 1204 1638 alius
1226 1597 1279 1638 ad
1301 1598 1404 1638 alios
1426 1608 1567 1639 motus
1588 1613 1684 1654 per-

245 1652 593 1708 turbationesque
623 1653 857 1707 proclivior.
884 1653 1126 1694 inveteratio
1156 1663 1312 1703 autem,
1343 1663 1391 1694 ut
1420 1654 1463 1694 in
1493 1655 1681 1710 corpori-

246 1709 326 1750 bus
362 1710 514 1764 aegrius
546 1708 783 1764 depellitur,
817 1724 942 1765 quam
974 1710 1263 1764 perturbatio.
1295 1710 1502 1774 citiusque
1532 1725 1684 1766 repen-

247 1766 360 1806 tinus
381 1765 601 1806 oculorum
626 1775 767 1806 tumor
799 1775 945 1807 sanati
949 1781 980 1816 r,
1011 1781 1136 1821 quam
1166 1766 1364 1807 diuturna
1382 1765 1591 1822 lippitudo
1609 1767 1686 1809 de-

249 1821 432 1877 pellitur.

165 1879 238 1929 38
307 1879 388 1920 Sed
411 1879 582 1933 cognita
595 1878 684 1934 jam
707 1893 832 1919 causa
860 1878 1238 1933 perturbationum,
1260 1892 1356 1933 quae
1376 1892 1522 1919 omnes
1541 1879 1686 1921 oriun—

250 1944 318 1976 tur
338 1949 388 1976 ex
400 1935 573 1991 judiciis
595 1935 842 1990 opinionum
865 1944 906 1975 et
927 1934 1227 1984 voluntatibus,
1256 1935 1309 1974 sit
1329 1935 1421 1990 jam
1450 1935 1576 1990 hujus
1596 1936 1683 1977 dis-

186 1992 479 2047 gzputationis
524 1992 691 2033 modus.
751 2000 787 2028 27
809 1992 924 2032 Scire
965 2001 1108 2032 autem
1155 2005 1225 2031 vos
1264 2000 1447 2046 oportet,
1487 1992 1684 2047 cognitis,

247 2048 389 2104 quoad
424 2057 601 2112 possunt
633 2049 684 2089 ab
711 2048 883 2089 homine
915 2048 1132 2103 cognosci,
1163 2047 1371 2088 bonorum
1401 2057 1444 2088 et
1473 2049 1683 2090 malorum

249 2105 416 2155 finibus,
447 2104 550 2145 nihil
581 2113 661 2146 ‘28a
679 2104 950 2160 philosophia
987 2118 1110 2159 posse
1147 2112 1219 2145 aut
1251 2104 1403 2159 majus,
1433 2114 1507 2145 aut
1538 2105 1684 2146 utilius

247 2161 399 2216 optari,
440 2176 565 2216 quam
602 2161 707 2211 haec,
743 2177 836 2217 quae
871 2176 895 2202 a
930 2161 1052 2202 nobis
1090 2161 1171 2201 hoc
1208 2159 1432 2215 quatriduo
1473 2160 1686 2215 disputata
1723 2203 1730 2208 ,

248 2226 360 2258 sunt.
382 2226 517 2258 morte
549 2218 659 2258 enim
691 2227 917 2268 contemta,
946 2226 988 2258 et
1014 2217 1160 2258 dolore
1190 2216 1242 2257 ad
1267 2215 1510 2272 patiendum
1532 2216 1684 2268 levato,

249 2273 516 2330 adjunximus
552 2274 811 2316 sedationem
859 2273 1146 2330 aegritudinis:
1196 2287 1280 2329 qua
1317 2272 1480 2314 nullum
1520 2272 1685 2315 homini

296 2423 334 2446 ‘223
360 2416 382 2445 ii
406 2423 470 2446 sunt
495 2417 654 2452 constituti,
678 2416 762 2458 quasi
786 2415 864 2444 mala
891 2427 948 2445 va·
988 2415 1102 2453 jecere

253 2458 388 2497 Iitudine]
421 2460 475 2489 Est
504 2459 688 2490 duriuscule
724 2460 860 2495 dictum,
892 2468 946 2498 pro
1035 2463 1074 2488 26
1098 2464 1131 2486 ut
1146 2464 1251 2486 natura
1273 2457 1314 2486 ad
1333 2456 1460 2498 aliquem
1482 2457 1688 2500 morbumpro·

253 2508 319 2530 sunt
342 2500 415 2530 male
443 2502 588 2532 constituti
611 2502 694 2543 quasi
718 2501 888 2531 valetudine
917 2513 947 2531 a.
991 2498 1109 2538 clivior]
1130 2501 1313 2539 Legendum
1330 2507 1405 2530 utut.

252 2550 284 2574 et
298 2544 343 2574 Sic
360 2545 437 2574 forte
459 2544 640 2584 legendum
664 2555 691 2573 v
717 2544 804 2575 Clav.
829 2545 861 2573 in
884 2554 948 2572 con-
1034 2549 1070 2578 27
1097 2543 1180 2572 Scire
1202 2550 1297 2571 autem
1320 2553 1371 2572 ‘zos
1394 2542 1513 2582 oportet]
1538 2543 1686 2574 DaviSius

254 2587 382 2616 stitutus.
991 2587 1126 2615 correxit
1141 2596 1198 2614 nos.
1215 2596 1272 2624 ego
1289 2586 1401 2616 malim
1417 2586 1519 2616 delere
1534 2596 1596 2615 vos.

297 2636 336 2659 24
361 2628 440 2658 vilia
456 2628 636 2668 collegisset
627 2640 656 2658 m
679 2628 758 2670 eum]
784 2629 868 2658 Bene
884 2629 948 2658 Da-
1036 2635 1073 2658 28
1097 2640 1116 2656 a
1140 2628 1470 2667 philosophia—aptam]
1502 2629 1684 2667 Nunquam

252 2672 350 2702 visius
373 2672 501 2709 conjicit
523 2672 694 2710 conjecisset,
718 2673 744 2701 ei
773 2672 873 2701 inesse
903 2672 948 2701 di·
993 2672 1073 2701 mihi
1100 2672 1153 2701 hic
1175 2672 1309 2701 verbum
1337 2670 1430 2710 optari
1455 2670 1573 2710 placuit
1598 2671 1684 2702 satis.

252 2715 349 2745 xisset
364 2722 485 2745 natura.
501 2725 532 2745 v,
547 2716 586 2744 de
601 2717 677 2746 Fato
692 2723 719 2744 c.
740 2722 768 2745 5.
990 2714 1147 2754 requiram
1168 2715 1304 2744 verbum
1325 2714 1466 2754 aliquod,
1489 2713 1608 2754 qualia,
1633 2724 1684 2744 ex-

299 2765 337 2788 25
362 2769 424 2787 cum
456 2757 509 2786 illa
539 2758 594 2787 sibi
620 2755 718 2798 s1gna]
751 2757 822 2787 Hoc
851 2765 947 2787 sensu
989 2757 1287 2797 spectari,praestari.

256 2807 360 2832 caret:
384 2800 558 2841 legendum
581 2801 669 2830 insita
692 2806 727 2831 ut
750 2807 781 2831 et
804 2799 857 2830 alii
871 2808 949 2830 con-
