<?xml version="1.0" encoding="UTF-8"?>
<!DOCTYPE html PUBLIC "-//W3C//DTD XHTML 1.0 Transitional//EN"
    "http://www.w3.org/TR/xhtml1/DTD/xhtml1-transitional.dtd">
<html xmlns="http://www.w3.org/1999/xhtml" xml:lang="en" lang="en">
 <head>
  <title>
</title>
<meta http-equiv="Content-Type" content="text/html;charset=utf-8" />
  <meta name='ocr-system' content='tesseract 3.04.00' />
  <meta name='ocr-capabilities' content='ocr_page ocr_carea ocr_par ocr_line ocrx_word'/>
</head>
<body>
  <div class='ocr_page' id='page_1' title='image "./p1operaomnia04ciceuoft_0360.png"; bbox 0 0 1778 3095; ppageno 0'>
   <div class='ocr_carea' id='block_1_1' title="bbox 162 63 1672 1115">
    <p class='ocr_par' dir='ltr' id='par_1_1' title="bbox 162 63 1672 1115">
     <span class='ocr_line' id='line_1_1' title="bbox 242 63 1327 105; baseline 0.003 -5"><span class='ocrx_word' id='word_1_1' title='bbox 242 69 319 100; x_wconf 78' lang='lat'><strong>352</strong></span> <span class='ocrx_word' id='word_1_2' title='bbox 596 63 856 103; x_wconf 89' lang='lat' dir='ltr'><strong>TUSCUL.</strong></span> <span class='ocrx_word' id='word_1_3' title='bbox 887 66 1327 105; x_wconf 76' lang='lat' dir='ltr'><strong>QUAESTIONUM</strong></span> 
     </span>
     <span class='ocr_line' id='line_1_2' title="bbox 243 169 1667 230; baseline 0.005 -20"><span class='ocrx_word' id='word_1_4' title='bbox 243 169 463 227; x_wconf 88' lang='lat' dir='ltr'><strong>quisquam</strong></span> <span class='ocrx_word' id='word_1_5' title='bbox 491 179 646 226; x_wconf 88' lang='lat' dir='ltr'><strong>potest.</strong></span> <span class='ocrx_word' id='word_1_6' title='bbox 677 187 825 215; x_wconf 90' lang='lat' dir='ltr'><strong>eorum</strong></span> <span class='ocrx_word' id='word_1_7' title='bbox 853 174 960 215; x_wconf 86' lang='lat' dir='ltr'><strong>enim</strong></span> <span class='ocrx_word' id='word_1_8' title='bbox 994 174 1085 216; x_wconf 83' lang='lat' dir='ltr'><strong>haec</strong></span> <span class='ocrx_word' id='word_1_9' title='bbox 1117 184 1228 225; x_wconf 88' lang='lat' dir='ltr'><strong>sunt,</strong></span> <span class='ocrx_word' id='word_1_10' title='bbox 1251 174 1322 230; x_wconf 89' lang='lat' dir='ltr'><strong>qui</strong></span> <span class='ocrx_word' id='word_1_11' title='bbox 1344 183 1381 208; x_wconf 77' lang='lat'><strong>9⁵</strong></span> <span class='ocrx_word' id='word_1_12' title='bbox 1397 183 1566 216; x_wconf 87' lang='lat' dir='ltr'><strong>eventus</strong></span> <span class='ocrx_word' id='word_1_13' title='bbox 1587 174 1667 217; x_wconf 90' lang='lat' dir='ltr'><strong>hu-</strong></span> 
     </span>
     <span class='ocr_line' id='line_1_3' title="bbox 162 227 1669 287; baseline 0.004 -21"><span class='ocrx_word' id='word_1_14' title='bbox 162 227 232 281; x_wconf 67' lang='lat'><strong>29</strong></span> <span class='ocrx_word' id='word_1_15' title='bbox 245 240 391 268; x_wconf 86' lang='lat' dir='ltr'><strong>manos</strong></span> <span class='ocrx_word' id='word_1_16' title='bbox 423 228 670 283; x_wconf 85' lang='lat' dir='ltr'><strong>superiores,</strong></span> <span class='ocrx_word' id='word_1_17' title='bbox 705 245 831 285; x_wconf 88' lang='lat' dir='ltr'><strong>quam</strong></span> <span class='ocrx_word' id='word_1_18' title='bbox 864 246 961 272; x_wconf 88' lang='lat' dir='ltr'><strong>suos</strong></span> <span class='ocrx_word' id='word_1_19' title='bbox 989 233 1150 272; x_wconf 82' lang='lat' dir='ltr'><strong>animos</strong></span> <span class='ocrx_word' id='word_1_20' title='bbox 1175 246 1264 272; x_wconf 82' lang='lat' dir='ltr'><strong>esse</strong></span> <span class='ocrx_word' id='word_1_21' title='bbox 1295 231 1468 272; x_wconf 88' lang='lat' dir='ltr'><strong>ducunt.</strong></span> <span class='ocrx_word' id='word_1_22' title='bbox 1527 232 1669 287; x_wconf 66' lang='lat' dir='ltr'><strong>Quare</strong></span> 
     </span>
     <span class='ocr_line' id='line_1_4' title="bbox 181 283 1669 340; baseline 0.003 -17"><span class='ocrx_word' id='word_1_23' title='bbox 181 296 233 333; x_wconf 85' lang='lat'><strong>62</strong></span> <span class='ocrx_word' id='word_1_24' title='bbox 244 283 434 325; x_wconf 89' lang='lat' dir='ltr'><strong>omnium</strong></span> <span class='ocrx_word' id='word_1_25' title='bbox 455 285 822 340; x_wconf 87' lang='lat' dir='ltr'><strong>philosophorum,</strong></span> <span class='ocrx_word' id='word_1_26' title='bbox 842 297 890 328; x_wconf 87' lang='lat' dir='ltr'><strong>ut</strong></span> <span class='ocrx_word' id='word_1_27' title='bbox 908 296 1004 328; x_wconf 87' lang='lat' dir='ltr'><strong>ante</strong></span> <span class='ocrx_word' id='word_1_28' title='bbox 1025 288 1123 338; x_wconf 84' lang='lat' dir='ltr'><strong>dixi,</strong></span> <span class='ocrx_word' id='word_1_29' title='bbox 1146 303 1227 328; x_wconf 90' lang='lat' dir='ltr'><strong>una</strong></span> <span class='ocrx_word' id='word_1_30' title='bbox 1248 288 1354 329; x_wconf 86' lang='lat' dir='ltr'><strong>ratio</strong></span> <span class='ocrx_word' id='word_1_31' title='bbox 1374 296 1437 327; x_wconf 90' lang='lat' dir='ltr'><strong>est</strong></span> <span class='ocrx_word' id='word_1_32' title='bbox 1457 287 1669 337; x_wconf 86' lang='lat' dir='ltr'><strong>medendi,</strong></span> 
     </span>
     <span class='ocr_line' id='line_1_5' title="bbox 244 340 1671 399; baseline 0.002 -19"><span class='ocrx_word' id='word_1_33' title='bbox 244 349 292 381; x_wconf 88' lang='lat' dir='ltr'><strong>ut</strong></span> <span class='ocrx_word' id='word_1_34' title='bbox 311 340 428 391; x_wconf 90' lang='lat' dir='ltr'><strong>nihil,</strong></span> <span class='ocrx_word' id='word_1_35' title='bbox 450 341 572 396; x_wconf 86' lang='lat' dir='ltr'><strong>quale</strong></span> <span class='ocrx_word' id='word_1_36' title='bbox 602 343 655 383; x_wconf 91' lang='lat' dir='ltr'><strong>sit</strong></span> <span class='ocrx_word' id='word_1_37' title='bbox 685 343 803 393; x_wconf 87' lang='lat' dir='ltr'><strong>illud,</strong></span> <span class='ocrx_word' id='word_1_38' title='bbox 825 343 941 399; x_wconf 92' lang='lat' dir='ltr'><strong>quod</strong></span> <span class='ocrx_word' id='word_1_39' title='bbox 961 345 1177 399; x_wconf 87' lang='lat' dir='ltr'><strong>perturbet</strong></span> <span class='ocrx_word' id='word_1_40' title='bbox 1196 344 1398 394; x_wconf 88' lang='lat' dir='ltr'><strong>animum,</strong></span> <span class='ocrx_word' id='word_1_41' title='bbox 1418 343 1490 384; x_wconf 90' lang='lat' dir='ltr'><strong>sed</strong></span> <span class='ocrx_word' id='word_1_42' title='bbox 1511 343 1562 383; x_wconf 88' lang='lat' dir='ltr'><strong>de</strong></span> <span class='ocrx_word' id='word_1_43' title='bbox 1581 343 1671 398; x_wconf 84' lang='lat' dir='ltr'><strong>ipsa</strong></span> 
     </span>
     <span class='ocr_line' id='line_1_6' title="bbox 242 396 1669 456; baseline 0.003 -20"><span class='ocrx_word' id='word_1_44' title='bbox 242 396 296 437; x_wconf 87' lang='lat' dir='ltr'><strong>sit</strong></span> <span class='ocrx_word' id='word_1_45' title='bbox 322 399 636 451; x_wconf 73' lang='lat' dir='ltr'>perturbatione</span> <span class='ocrx_word' id='word_1_46' title='bbox 665 399 906 440; x_wconf 87' lang='lat' dir='ltr'><strong>dicendum.</strong></span> <span class='ocrx_word' id='word_1_47' title='bbox 937 400 1076 456; x_wconf 86' lang='lat' dir='ltr'><strong>itaque</strong></span> <span class='ocrx_word' id='word_1_48' title='bbox 1104 401 1286 455; x_wconf 89' lang='lat' dir='ltr'><strong>primum</strong></span> <span class='ocrx_word' id='word_1_49' title='bbox 1319 400 1359 440; x_wconf 90' lang='lat' dir='ltr'><strong>in</strong></span> <span class='ocrx_word' id='word_1_50' title='bbox 1390 400 1480 454; x_wconf 89' lang='lat' dir='ltr'><strong>ipsa</strong></span> <span class='ocrx_word' id='word_1_51' title='bbox 1504 399 1669 454; x_wconf 85' lang='lat' dir='ltr'><strong>cupidi-</strong></span> 
     </span>
     <span class='ocr_line' id='line_1_7' title="bbox 241 454 1671 511; baseline 0.002 -19"><span class='ocrx_word' id='word_1_52' title='bbox 241 460 344 505; x_wconf 84' lang='lat' dir='ltr'>tate,</span> <span class='ocrx_word' id='word_1_53' title='bbox 364 467 462 493; x_wconf 89' lang='lat' dir='ltr'><strong>cum</strong></span> <span class='ocrx_word' id='word_1_54' title='bbox 492 454 536 495; x_wconf 89' lang='lat' dir='ltr'><strong>id</strong></span> <span class='ocrx_word' id='word_1_55' title='bbox 565 455 704 496; x_wconf 91' lang='lat' dir='ltr'><strong>solum</strong></span> <span class='ocrx_word' id='word_1_56' title='bbox 735 456 886 510; x_wconf 83' lang='lat' dir='ltr'><strong>agitur,</strong></span> <span class='ocrx_word' id='word_1_57' title='bbox 908 465 957 496; x_wconf 89' lang='lat' dir='ltr'><strong>ut</strong></span> <span class='ocrx_word' id='word_1_58' title='bbox 985 471 1035 497; x_wconf 87' lang='lat' dir='ltr'><strong>ea</strong></span> <span class='ocrx_word' id='word_1_59' title='bbox 1064 457 1250 507; x_wconf 89' lang='lat' dir='ltr'><strong>tollatur,</strong></span> <span class='ocrx_word' id='word_1_60' title='bbox 1271 471 1354 496; x_wconf 87' lang='lat' dir='ltr'><strong>non</strong></span> <span class='ocrx_word' id='word_1_61' title='bbox 1384 465 1448 497; x_wconf 83' lang='lat' dir='ltr'><strong>est</strong></span> <span class='ocrx_word' id='word_1_62' title='bbox 1478 470 1671 511; x_wconf 75' lang='lat' dir='ltr'><strong>quaeren-</strong></span> 
     </span>
     <span class='ocr_line' id='line_1_8' title="bbox 241 508 1671 567; baseline 0.002 -18"><span class='ocrx_word' id='word_1_63' title='bbox 241 508 360 559; x_wconf 86' lang='lat' dir='ltr'><strong>dum,</strong></span> <span class='ocrx_word' id='word_1_64' title='bbox 390 509 550 552; x_wconf 88' lang='lat' dir='ltr'><strong>bonum</strong></span> <span class='ocrx_word' id='word_1_65' title='bbox 583 511 702 561; x_wconf 88' lang='lat' dir='ltr'><strong>illud,</strong></span> <span class='ocrx_word' id='word_1_66' title='bbox 731 526 859 552; x_wconf 84' lang='lat' dir='ltr'><strong>necne</strong></span> <span class='ocrx_word' id='word_1_67' title='bbox 893 512 961 561; x_wconf 87' lang='lat' dir='ltr'><strong>sit,</strong></span> <span class='ocrx_word' id='word_1_68' title='bbox 985 512 1099 567; x_wconf 89' lang='lat' dir='ltr'><strong>quod</strong></span> <span class='ocrx_word' id='word_1_69' title='bbox 1130 513 1344 554; x_wconf 86' lang='lat' dir='ltr'><strong>libidinem</strong></span> <span class='ocrx_word' id='word_1_70' title='bbox 1376 523 1564 553; x_wconf 84' lang='lat' dir='ltr'><strong>moveat:</strong></span> <span class='ocrx_word' id='word_1_71' title='bbox 1597 511 1671 552; x_wconf 87' lang='lat' dir='ltr'><strong>sed</strong></span> 
     </span>
     <span class='ocr_line' id='line_1_9' title="bbox 241 565 1671 623; baseline 0.002 -18"><span class='ocrx_word' id='word_1_72' title='bbox 241 565 372 606; x_wconf 90' lang='lat' dir='ltr'><strong>libido</strong></span> <span class='ocrx_word' id='word_1_73' title='bbox 403 566 492 621; x_wconf 91' lang='lat' dir='ltr'><strong>ipsa</strong></span> <span class='ocrx_word' id='word_1_74' title='bbox 521 567 708 607; x_wconf 85' lang='lat' dir='ltr'><strong>tollenda</strong></span> <span class='ocrx_word' id='word_1_75' title='bbox 737 578 830 609; x_wconf 88' lang='lat' dir='ltr'><strong>est:</strong></span> <span class='ocrx_word' id='word_1_76' title='bbox 862 575 908 608; x_wconf 90' lang='lat' dir='ltr'><strong>ut</strong></span> <span class='ocrx_word' id='word_1_77' title='bbox 941 568 1038 618; x_wconf 88' lang='lat' dir='ltr'><strong>sive,</strong></span> <span class='ocrx_word' id='word_1_78' title='bbox 1060 569 1174 623; x_wconf 83' lang='lat' dir='ltr'><strong>quod</strong></span> <span class='ocrx_word' id='word_1_79' title='bbox 1201 569 1425 611; x_wconf 84' lang='lat' dir='ltr'><strong>honestum</strong></span> <span class='ocrx_word' id='word_1_80' title='bbox 1452 578 1530 618; x_wconf 89' lang='lat' dir='ltr'><strong>est,</strong></span> <span class='ocrx_word' id='word_1_81' title='bbox 1553 567 1595 609; x_wconf 87' lang='lat' dir='ltr'><strong>id</strong></span> <span class='ocrx_word' id='word_1_82' title='bbox 1619 568 1671 608; x_wconf 88' lang='lat' dir='ltr'><strong>sit</strong></span> 
     </span>
     <span class='ocr_line' id='line_1_10' title="bbox 242 623 1671 680; baseline 0.001 -18"><span class='ocrx_word' id='word_1_83' title='bbox 242 636 458 663; x_wconf 86' lang='lat' dir='ltr'><strong>summum</strong></span> <span class='ocrx_word' id='word_1_84' title='bbox 479 623 653 673; x_wconf 89' lang='lat' dir='ltr'><strong>bonum,</strong></span> <span class='ocrx_word' id='word_1_85' title='bbox 674 623 757 663; x_wconf 89' lang='lat' dir='ltr'><strong>sive</strong></span> <span class='ocrx_word' id='word_1_86' title='bbox 783 623 991 677; x_wconf 86' lang='lat' dir='ltr'><strong>voluptas,</strong></span> <span class='ocrx_word' id='word_1_87' title='bbox 1017 625 1099 664; x_wconf 88' lang='lat' dir='ltr'><strong>sive</strong></span> <span class='ocrx_word' id='word_1_88' title='bbox 1130 624 1281 665; x_wconf 89' lang='lat' dir='ltr'><strong>horum</strong></span> <span class='ocrx_word' id='word_1_89' title='bbox 1312 635 1537 680; x_wconf 85' lang='lat' dir='ltr'><strong>utrumque</strong></span> <span class='ocrx_word' id='word_1_90' title='bbox 1567 638 1671 664; x_wconf 91' lang='lat' dir='ltr'><strong>con-</strong></span> 
     </span>
     <span class='ocr_line' id='line_1_11' title="bbox 236 677 1672 734; baseline 0.001 -16"><span class='ocrx_word' id='word_1_91' title='bbox 236 677 451 733; x_wconf 86' lang='lat' dir='ltr'><strong>junctum,</strong></span> <span class='ocrx_word' id='word_1_92' title='bbox 473 679 556 719; x_wconf 88' lang='lat' dir='ltr'><strong>sive</strong></span> <span class='ocrx_word' id='word_1_93' title='bbox 582 679 654 719; x_wconf 89' lang='lat' dir='ltr'><strong>illa</strong></span> <span class='ocrx_word' id='word_1_94' title='bbox 680 679 759 719; x_wconf 90' lang='lat' dir='ltr'><strong>tria</strong></span> <span class='ocrx_word' id='word_1_95' title='bbox 786 694 942 734; x_wconf 87' lang='lat' dir='ltr'><strong>genera</strong></span> <span class='ocrx_word' id='word_1_96' title='bbox 966 680 1190 731; x_wconf 88' lang='lat' dir='ltr'><strong>bonorum,</strong></span> <span class='ocrx_word' id='word_1_97' title='bbox 1211 689 1365 731; x_wconf 87' lang='lat' dir='ltr'><strong>tamen,</strong></span> <span class='ocrx_word' id='word_1_98' title='bbox 1387 682 1512 722; x_wconf 86' lang='lat' dir='ltr'><strong>etiam</strong></span> <span class='ocrx_word' id='word_1_99' title='bbox 1536 681 1569 721; x_wconf 81' lang='lat' dir='ltr'><strong>si</strong></span> <span class='ocrx_word' id='word_1_100' title='bbox 1591 680 1672 721; x_wconf 93' lang='lat' dir='ltr'><strong>vir-</strong></span> 
     </span>
     <span class='ocr_line' id='line_1_12' title="bbox 243 734 1671 791; baseline 0.003 -17"><span class='ocrx_word' id='word_1_101' title='bbox 243 734 344 775; x_wconf 87' lang='lat' dir='ltr'><strong>tutis</strong></span> <span class='ocrx_word' id='word_1_102' title='bbox 367 735 497 789; x_wconf 87' lang='lat' dir='ltr'><strong>ipsius</strong></span> <span class='ocrx_word' id='word_1_103' title='bbox 516 735 802 776; x_wconf 89' lang='lat' dir='ltr'><strong>vehementior</strong></span> <span class='ocrx_word' id='word_1_104' title='bbox 823 736 1033 791; x_wconf 89' lang='lat' dir='ltr'><strong>appetitus</strong></span> <span class='ocrx_word' id='word_1_105' title='bbox 1055 736 1122 786; x_wconf 88' lang='lat' dir='ltr'><strong>sit,</strong></span> <span class='ocrx_word' id='word_1_106' title='bbox 1142 736 1287 777; x_wconf 89' lang='lat' dir='ltr'><strong>eadem</strong></span> <span class='ocrx_word' id='word_1_107' title='bbox 1318 738 1370 777; x_wconf 87' lang='lat' dir='ltr'><strong>sit</strong></span> <span class='ocrx_word' id='word_1_108' title='bbox 1401 737 1596 778; x_wconf 88' lang='lat' dir='ltr'><strong>omnibus</strong></span> <span class='ocrx_word' id='word_1_109' title='bbox 1617 736 1671 777; x_wconf 86' lang='lat' dir='ltr'><strong>ad</strong></span> 
     </span>
     <span class='ocr_line' id='line_1_13' title="bbox 242 789 1670 834; baseline 0.003 -4"><span class='ocrx_word' id='word_1_110' title='bbox 242 789 541 831; x_wconf 82' lang='lat' dir='ltr'><strong>deterrendum</strong></span> <span class='ocrx_word' id='word_1_111' title='bbox 570 791 810 832; x_wconf 88' lang='lat' dir='ltr'><strong>adhibenda</strong></span> <span class='ocrx_word' id='word_1_112' title='bbox 837 793 986 833; x_wconf 88' lang='lat' dir='ltr'><strong>oratio.</strong></span> <span class='ocrx_word' id='word_1_113' title='bbox 1017 793 1205 833; x_wconf 86' lang='lat' dir='ltr'><strong>continet</strong></span> <span class='ocrx_word' id='word_1_114' title='bbox 1232 802 1373 834; x_wconf 89' lang='lat' dir='ltr'><strong>autem</strong></span> <span class='ocrx_word' id='word_1_115' title='bbox 1401 808 1570 834; x_wconf 90' lang='lat' dir='ltr'><strong>omnem</strong></span> <span class='ocrx_word' id='word_1_116' title='bbox 1604 807 1670 833; x_wconf 89' lang='lat' dir='ltr'><strong>se-</strong></span> 
     </span>
     <span class='ocr_line' id='line_1_14' title="bbox 241 846 1670 904; baseline 0.002 -18"><span class='ocrx_word' id='word_1_117' title='bbox 241 846 457 887; x_wconf 87' lang='lat' dir='ltr'><strong>dationem</strong></span> <span class='ocrx_word' id='word_1_118' title='bbox 485 848 628 898; x_wconf 87' lang='lat' dir='ltr'><strong>animi,</strong></span> <span class='ocrx_word' id='word_1_119' title='bbox 662 847 846 889; x_wconf 85' lang='lat' dir='ltr'><strong>humana</strong></span> <span class='ocrx_word' id='word_1_120' title='bbox 875 849 917 889; x_wconf 91' lang='lat' dir='ltr'><strong>in</strong></span> <span class='ocrx_word' id='word_1_121' title='bbox 946 858 1175 904; x_wconf 89' lang='lat' dir='ltr'><strong>conspectu</strong></span> <span class='ocrx_word' id='word_1_122' title='bbox 1205 850 1341 904; x_wconf 89' lang='lat' dir='ltr'><strong>posita</strong></span> <span class='ocrx_word' id='word_1_123' title='bbox 1370 859 1543 890; x_wconf 86' lang='lat' dir='ltr'><strong>natura:</strong></span> <span class='ocrx_word' id='word_1_124' title='bbox 1575 864 1670 904; x_wconf 87' lang='lat' dir='ltr'><strong>quae</strong></span> 
     </span>
     <span class='ocr_line' id='line_1_15' title="bbox 242 903 1671 960; baseline 0.003 -18"><span class='ocrx_word' id='word_1_125' title='bbox 242 917 327 958; x_wconf 92' lang='lat' dir='ltr'><strong>quo</strong></span> <span class='ocrx_word' id='word_1_126' title='bbox 357 903 520 944; x_wconf 82' lang='lat' dir='ltr'><strong>facilius</strong></span> <span class='ocrx_word' id='word_1_127' title='bbox 552 918 746 959; x_wconf 86' lang='lat' dir='ltr'><strong>expressa</strong></span> <span class='ocrx_word' id='word_1_128' title='bbox 764 914 971 956; x_wconf 76' lang='lat' dir='ltr'>cernatur,</span> <span class='ocrx_word' id='word_1_129' title='bbox 993 905 1236 960; x_wconf 82' lang='lat' dir='ltr'><strong>explicanda</strong></span> <span class='ocrx_word' id='word_1_130' title='bbox 1259 914 1322 946; x_wconf 89' lang='lat' dir='ltr'><strong>est</strong></span> <span class='ocrx_word' id='word_1_131' title='bbox 1343 905 1530 946; x_wconf 81' lang='lat' dir='ltr'><strong>oratione</strong></span> <span class='ocrx_word' id='word_1_132' title='bbox 1551 920 1671 947; x_wconf 91' lang='lat' dir='ltr'><strong>com-</strong></span> 
     </span>
     <span class='ocr_line' id='line_1_16' title="bbox 179 959 1671 1017; baseline 0.001 -18"><span class='ocrx_word' id='word_1_133' title='bbox 179 961 228 1000; x_wconf 78' lang='lat'><strong>63</strong></span> <span class='ocrx_word' id='word_1_134' title='bbox 243 959 380 999; x_wconf 85' lang='lat' dir='ltr'><strong>munis</strong></span> <span class='ocrx_word' id='word_1_135' title='bbox 413 960 616 1011; x_wconf 92' lang='lat' dir='ltr'><strong>conditio,</strong></span> <span class='ocrx_word' id='word_1_136' title='bbox 646 961 796 1017; x_wconf 89' lang='lat' dir='ltr'><strong>lexque</strong></span> <span class='ocrx_word' id='word_1_137' title='bbox 826 962 935 1002; x_wconf 85' lang='lat' dir='ltr'><strong>vitae.</strong></span> <span class='ocrx_word' id='word_1_138' title='bbox 996 963 1145 1017; x_wconf 86' lang='lat' dir='ltr'><strong>Itaque</strong></span> <span class='ocrx_word' id='word_1_139' title='bbox 1175 977 1260 1002; x_wconf 89' lang='lat' dir='ltr'><strong>non</strong></span> <span class='ocrx_word' id='word_1_140' title='bbox 1290 963 1377 1003; x_wconf 89' lang='lat' dir='ltr'><strong>sine</strong></span> <span class='ocrx_word' id='word_1_141' title='bbox 1404 976 1543 1012; x_wconf 85' lang='lat' dir='ltr'><strong>causa,</strong></span> <span class='ocrx_word' id='word_1_142' title='bbox 1571 976 1671 1003; x_wconf 90' lang='lat' dir='ltr'><strong>cum</strong></span> 
     </span>
     <span class='ocr_line' id='line_1_17' title="bbox 242 1013 1672 1075; baseline 0.001 -19"><span class='ocrx_word' id='word_1_143' title='bbox 242 1013 437 1057; x_wconf 86' lang='lat' dir='ltr'><strong>Orestem</strong></span> <span class='ocrx_word' id='word_1_144' title='bbox 460 1016 647 1058; x_wconf 84' lang='lat' dir='ltr'><strong>fabulam</strong></span> <span class='ocrx_word' id='word_1_145' title='bbox 669 1017 840 1059; x_wconf 89' lang='lat' dir='ltr'><strong>doceret</strong></span> <span class='ocrx_word' id='word_1_146' title='bbox 859 1018 1095 1074; x_wconf 83' lang='lat' dir='ltr'><strong>Euripides,</strong></span> <span class='ocrx_word' id='word_1_147' title='bbox 1117 1025 1156 1053; x_wconf 77' lang='lat'><strong>⁹6</strong></span> <span class='ocrx_word' id='word_1_148' title='bbox 1172 1019 1331 1075; x_wconf 88' lang='lat' dir='ltr'><strong>primos</strong></span> <span class='ocrx_word' id='word_1_149' title='bbox 1352 1019 1427 1060; x_wconf 88' lang='lat' dir='ltr'><strong>tris</strong></span> <span class='ocrx_word' id='word_1_150' title='bbox 1447 1032 1586 1060; x_wconf 76' lang='lat' dir='ltr'><strong>versus</strong></span> <span class='ocrx_word' id='word_1_151' title='bbox 1606 1032 1672 1059; x_wconf 89' lang='lat' dir='ltr'><strong>re-</strong></span> 
     </span>
     <span class='ocr_line' id='line_1_18' title="bbox 238 1072 832 1115; baseline 0.005 -3"><span class='ocrx_word' id='word_1_152' title='bbox 238 1086 409 1113; x_wconf 85' lang='lat' dir='ltr'><strong>vocasse</strong></span> <span class='ocrx_word' id='word_1_153' title='bbox 430 1072 585 1114; x_wconf 89' lang='lat' dir='ltr'><strong>dicitur</strong></span> <span class='ocrx_word' id='word_1_154' title='bbox 609 1074 803 1115; x_wconf 77' lang='lat' dir='ltr'><strong>Socrates</strong></span> <span class='ocrx_word' id='word_1_155' title='bbox 822 1091 832 1115; x_wconf 92' lang='lat'>:</span> 
     </span>
    </p>
   </div>
   <div class='ocr_carea' id='block_1_2' title="bbox 346 1151 1227 1310">
    <p class='ocr_par' dir='ltr' id='par_1_2' title="bbox 346 1151 1227 1310">
     <span class='ocr_line' id='line_1_19' title="bbox 346 1151 1186 1202; baseline 0.004 -14"><span class='ocrx_word' id='word_1_156' title='bbox 346 1151 464 1202; x_wconf 74' lang='lat' dir='ltr'><strong>Neque</strong></span> <span class='ocrx_word' id='word_1_157' title='bbox 483 1160 554 1189; x_wconf 84' lang='lat' dir='ltr'><strong>tam</strong></span> <span class='ocrx_word' id='word_1_158' title='bbox 574 1152 731 1189; x_wconf 80' lang='lat' dir='ltr'><strong>terribilis</strong></span> <span class='ocrx_word' id='word_1_159' title='bbox 751 1153 945 1202; x_wconf 82' lang='lat' dir='ltr'><strong>ullafando</strong></span> <span class='ocrx_word' id='word_1_160' title='bbox 967 1160 1002 1188; x_wconf 85' lang='lat'><strong>97</strong></span> <span class='ocrx_word' id='word_1_161' title='bbox 1020 1154 1107 1191; x_wconf 78' lang='lat' dir='ltr'><strong>ratio</strong></span> <span class='ocrx_word' id='word_1_162' title='bbox 1124 1163 1186 1199; x_wconf 65' lang='lat' dir='ltr'><strong>est,</strong></span> 
     </span>
     <span class='ocr_line' id='line_1_20' title="bbox 348 1205 1182 1250; baseline 0.002 -9"><span class='ocrx_word' id='word_1_163' title='bbox 348 1206 422 1241; x_wconf 81' lang='lat' dir='ltr'><strong>Nec</strong></span> <span class='ocrx_word' id='word_1_164' title='bbox 437 1219 520 1249; x_wconf 85' lang='lat' dir='ltr'><strong>sors,</strong></span> <span class='ocrx_word' id='word_1_165' title='bbox 540 1218 597 1241; x_wconf 81' lang='lat' dir='ltr'><strong>nec</strong></span> <span class='ocrx_word' id='word_1_166' title='bbox 616 1206 670 1242; x_wconf 84' lang='lat' dir='ltr'><strong>ira</strong></span> <span class='ocrx_word' id='word_1_167' title='bbox 689 1205 836 1243; x_wconf 80' lang='lat' dir='ltr'><strong>caelz&#39;tum</strong></span> <span class='ocrx_word' id='word_1_168' title='bbox 855 1207 1023 1243; x_wconf 75' lang='lat' dir='ltr'><strong>invectum</strong></span> <span class='ocrx_word' id='word_1_169' title='bbox 1044 1208 1182 1250; x_wconf 86' lang='lat' dir='ltr'><strong>malum,</strong></span> 
     </span>
     <span class='ocr_line' id='line_1_21' title="bbox 346 1257 1227 1310; baseline 0.005 -17"><span class='ocrx_word' id='word_1_170' title='bbox 346 1257 457 1306; x_wconf 57' lang='lat' dir='ltr'><strong>‚Quod</strong></span> <span class='ocrx_word' id='word_1_171' title='bbox 471 1272 534 1294; x_wconf 87' lang='lat' dir='ltr'><strong>non</strong></span> <span class='ocrx_word' id='word_1_172' title='bbox 553 1268 682 1296; x_wconf 82' lang='lat' dir='ltr'><strong>natura</strong></span> <span class='ocrx_word' id='word_1_173' title='bbox 702 1258 852 1296; x_wconf 81' lang='lat' dir='ltr'><strong>humana</strong></span> <span class='ocrx_word' id='word_1_174' title='bbox 865 1260 1022 1310; x_wconf 81' lang='lat' dir='ltr'><strong>patiendo</strong></span> <span class='ocrx_word' id='word_1_175' title='bbox 1042 1267 1080 1293; x_wconf 85' lang='lat'><strong>98</strong></span> <span class='ocrx_word' id='word_1_176' title='bbox 1096 1261 1227 1310; x_wconf 69' lang='lat' dir='ltr'><strong>effirat.</strong></span> 
     </span>
    </p>
   </div>
   <div class='ocr_carea' id='block_1_3' title="bbox 158 1342 1675 2306">
    <p class='ocr_par' dir='ltr' id='par_1_3' title="bbox 158 1342 1675 2306">
     <span class='ocr_line' id='line_1_22' title="bbox 239 1342 1673 1401; baseline 0.003 -19"><span class='ocrx_word' id='word_1_177' title='bbox 239 1342 318 1383; x_wconf 86' lang='lat' dir='ltr'><strong>Est</strong></span> <span class='ocrx_word' id='word_1_178' title='bbox 337 1349 479 1383; x_wconf 87' lang='lat' dir='ltr'><strong>autem</strong></span> <span class='ocrx_word' id='word_1_179' title='bbox 507 1342 622 1384; x_wconf 89' lang='lat' dir='ltr'><strong>utilis</strong></span> <span class='ocrx_word' id='word_1_180' title='bbox 652 1342 706 1384; x_wconf 89' lang='lat' dir='ltr'><strong>ad</strong></span> <span class='ocrx_word' id='word_1_181' title='bbox 734 1343 1088 1399; x_wconf 87' lang='lat' dir='ltr'><strong>persuadendum,</strong></span> <span class='ocrx_word' id='word_1_182' title='bbox 1110 1359 1174 1396; x_wconf 87' lang='lat' dir='ltr'><strong>ea,</strong></span> <span class='ocrx_word' id='word_1_183' title='bbox 1195 1360 1290 1401; x_wconf 83' lang='lat' dir='ltr'><strong>quae</strong></span> <span class='ocrx_word' id='word_1_184' title='bbox 1313 1345 1556 1397; x_wconf 81' lang='lat' dir='ltr'><strong>acciderint,</strong></span> <span class='ocrx_word' id='word_1_185' title='bbox 1574 1344 1673 1386; x_wconf 89' lang='lat' dir='ltr'><strong>ferri</strong></span> 
     </span>
     <span class='ocr_line' id='line_1_23' title="bbox 239 1402 1673 1458; baseline 0.002 -19"><span class='ocrx_word' id='word_1_186' title='bbox 239 1406 283 1439; x_wconf 87' lang='lat' dir='ltr'><strong>et</strong></span> <span class='ocrx_word' id='word_1_187' title='bbox 305 1412 444 1454; x_wconf 89' lang='lat' dir='ltr'><strong>posse,</strong></span> <span class='ocrx_word' id='word_1_188' title='bbox 472 1407 516 1440; x_wconf 91' lang='lat' dir='ltr'><strong>et</strong></span> <span class='ocrx_word' id='word_1_189' title='bbox 547 1407 757 1455; x_wconf 86' lang='lat' dir='ltr'><strong>oportere,</strong></span> <span class='ocrx_word' id='word_1_190' title='bbox 778 1402 1039 1442; x_wconf 86' lang='lat' dir='ltr'><strong>enumeratio</strong></span> <span class='ocrx_word' id='word_1_191' title='bbox 1067 1416 1232 1453; x_wconf 89' lang='lat' dir='ltr'><strong>eorum,</strong></span> <span class='ocrx_word' id='word_1_192' title='bbox 1263 1402 1336 1458; x_wconf 91' lang='lat' dir='ltr'><strong>qui</strong></span> <span class='ocrx_word' id='word_1_193' title='bbox 1363 1403 1563 1444; x_wconf 88' lang='lat' dir='ltr'><strong>tulerunt.</strong></span> <span class='ocrx_word' id='word_1_194' title='bbox 1593 1402 1673 1443; x_wconf 88' lang='lat' dir='ltr'><strong>etsi</strong></span> 
     </span>
     <span class='ocr_line' id='line_1_24' title="bbox 240 1455 1675 1514; baseline 0.002 -18"><span class='ocrx_word' id='word_1_195' title='bbox 240 1455 502 1510; x_wconf 83' lang='lat' dir='ltr'><strong>aegri&#39;tudinis</strong></span> <span class='ocrx_word' id='word_1_196' title='bbox 528 1456 690 1498; x_wconf 87' lang='lat' dir='ltr'><strong>sedatio</strong></span> <span class='ocrx_word' id='word_1_197' title='bbox 718 1466 762 1498; x_wconf 87' lang='lat' dir='ltr'><strong>et</strong></span> <span class='ocrx_word' id='word_1_198' title='bbox 791 1456 988 1498; x_wconf 87' lang='lat' dir='ltr'><strong>hesterna</strong></span> <span class='ocrx_word' id='word_1_199' title='bbox 1007 1457 1290 1514; x_wconf 86' lang='lat' dir='ltr'><strong>disputatione</strong></span> <span class='ocrx_word' id='word_1_200' title='bbox 1310 1459 1517 1514; x_wconf 84' lang='lat' dir='ltr'><strong>explicata</strong></span> <span class='ocrx_word' id='word_1_201' title='bbox 1534 1467 1611 1509; x_wconf 85' lang='lat' dir='ltr'><strong>est,</strong></span> <span class='ocrx_word' id='word_1_202' title='bbox 1631 1465 1675 1499; x_wconf 85' lang='lat' dir='ltr'><strong>et</strong></span> 
     </span>
     <span class='ocr_line' id='line_1_25' title="bbox 238 1510 1672 1571; baseline 0.001 -19"><span class='ocrx_word' id='word_1_203' title='bbox 238 1510 283 1552; x_wconf 90' lang='lat' dir='ltr'><strong>in</strong></span> <span class='ocrx_word' id='word_1_204' title='bbox 317 1511 632 1554; x_wconf 88' lang='lat' dir='ltr'><strong>Consolationis</strong></span> <span class='ocrx_word' id='word_1_205' title='bbox 657 1513 781 1564; x_wconf 91' lang='lat' dir='ltr'><strong>libro,</strong></span> <span class='ocrx_word' id='word_1_206' title='bbox 803 1528 928 1569; x_wconf 90' lang='lat' dir='ltr'><strong>quem</strong></span> <span class='ocrx_word' id='word_1_207' title='bbox 958 1515 1000 1555; x_wconf 92' lang='lat' dir='ltr'><strong>in</strong></span> <span class='ocrx_word' id='word_1_208' title='bbox 1032 1515 1175 1556; x_wconf 90' lang='lat' dir='ltr'><strong>medio</strong></span> <span class='ocrx_word' id='word_1_209' title='bbox 1207 1519 1310 1570; x_wconf 92' lang='lat' dir='ltr'><strong>(non</strong></span> <span class='ocrx_word' id='word_1_210' title='bbox 1329 1516 1442 1556; x_wconf 89' lang='lat' dir='ltr'><strong>enim</strong></span> <span class='ocrx_word' id='word_1_211' title='bbox 1463 1515 1672 1571; x_wconf 90' lang='lat' dir='ltr'><strong>sapientes</strong></span> 
     </span>
     <span class='ocr_line' id='line_1_26' title="bbox 239 1570 1672 1628; baseline 0.003 -20"><span class='ocrx_word' id='word_1_212' title='bbox 239 1570 422 1622; x_wconf 87' lang='lat' dir='ltr'><strong>eramus)</strong></span> <span class='ocrx_word' id='word_1_213' title='bbox 462 1584 639 1610; x_wconf 89' lang='lat' dir='ltr'><strong>maerore</strong></span> <span class='ocrx_word' id='word_1_214' title='bbox 674 1580 717 1611; x_wconf 90' lang='lat' dir='ltr'><strong>et</strong></span> <span class='ocrx_word' id='word_1_215' title='bbox 753 1570 900 1612; x_wconf 91' lang='lat' dir='ltr'><strong>dolore</strong></span> <span class='ocrx_word' id='word_1_216' title='bbox 931 1572 1287 1627; x_wconf 87' lang='lat' dir='ltr'><strong>conscripsimus:</strong></span> <span class='ocrx_word' id='word_1_217' title='bbox 1327 1572 1525 1628; x_wconf 90' lang='lat' dir='ltr'><strong>quodque</strong></span> <span class='ocrx_word' id='word_1_218' title='bbox 1560 1579 1672 1612; x_wconf 84' lang='lat' dir='ltr'><strong>vetat</strong></span> 
     </span>
     <span class='ocr_line' id='line_1_27' title="bbox 241 1623 1671 1682; baseline 0.002 -17"><span class='ocrx_word' id='word_1_219' title='bbox 241 1623 522 1681; x_wconf 85' lang='lat' dir='ltr'><strong>Chrysippus,</strong></span> <span class='ocrx_word' id='word_1_220' title='bbox 543 1625 595 1667; x_wconf 87' lang='lat' dir='ltr'><strong>ad</strong></span> <span class='ocrx_word' id='word_1_221' title='bbox 627 1635 815 1668; x_wconf 89' lang='lat' dir='ltr'><strong>recentes</strong></span> <span class='ocrx_word' id='word_1_222' title='bbox 836 1627 955 1682; x_wconf 85' lang='lat' dir='ltr'><strong>quasi</strong></span> <span class='ocrx_word' id='word_1_223' title='bbox 975 1636 1163 1669; x_wconf 88' lang='lat' dir='ltr'><strong>tumores</strong></span> <span class='ocrx_word' id='word_1_224' title='bbox 1182 1628 1325 1678; x_wconf 88' lang='lat' dir='ltr'><strong>animi,</strong></span> <span class='ocrx_word' id='word_1_225' title='bbox 1345 1628 1575 1670; x_wconf 82' lang='lat' dir='ltr'><strong>remedium</strong></span> <span class='ocrx_word' id='word_1_226' title='bbox 1595 1627 1671 1669; x_wconf 91' lang='lat' dir='ltr'><strong>ad-</strong></span> 
     </span>
     <span class='ocr_line' id='line_1_28' title="bbox 240 1679 1670 1741; baseline 0.002 -20"><span class='ocrx_word' id='word_1_227' title='bbox 240 1679 402 1733; x_wconf 89' lang='lat' dir='ltr'><strong>hibere,</strong></span> <span class='ocrx_word' id='word_1_228' title='bbox 416 1681 458 1722; x_wconf 93' lang='lat' dir='ltr'><strong>id</strong></span> <span class='ocrx_word' id='word_1_229' title='bbox 476 1697 553 1723; x_wconf 87' lang='lat' dir='ltr'><strong>nos</strong></span> <span class='ocrx_word' id='word_1_230' title='bbox 570 1682 761 1733; x_wconf 87' lang='lat' dir='ltr'><strong>fecimus,</strong></span> <span class='ocrx_word' id='word_1_231' title='bbox 781 1692 1024 1739; x_wconf 86' lang='lat' dir='ltr'><strong>naturaeque</strong></span> <span class='ocrx_word' id='word_1_232' title='bbox 1039 1686 1119 1725; x_wconf 90' lang='lat' dir='ltr'><strong>vim</strong></span> <span class='ocrx_word' id='word_1_233' title='bbox 1139 1684 1373 1736; x_wconf 87' lang='lat' dir='ltr'><strong>attulimus,</strong></span> <span class='ocrx_word' id='word_1_234' title='bbox 1389 1694 1438 1726; x_wconf 87' lang='lat' dir='ltr'><strong>ut</strong></span> <span class='ocrx_word' id='word_1_235' title='bbox 1454 1685 1670 1741; x_wconf 85' lang='lat' dir='ltr'><strong>magnitu-</strong></span> 
     </span>
     <span class='ocr_line' id='line_1_29' title="bbox 158 1733 1671 1797; baseline -0.001 -16"><span class='ocrx_word' id='word_1_236' title='bbox 158 1733 231 1785; x_wconf 74' lang='grc'><strong>80</strong></span> <span class='ocrx_word' id='word_1_237' title='bbox 242 1736 330 1778; x_wconf 88' lang='lat' dir='ltr'><strong>dini</strong></span> <span class='ocrx_word' id='word_1_238' title='bbox 359 1738 579 1780; x_wconf 79' lang='lat' dir='ltr'><strong>medicinae</strong></span> <span class='ocrx_word' id='word_1_239' title='bbox 608 1739 764 1780; x_wconf 85' lang='lat' dir='ltr'><strong>doloris</strong></span> <span class='ocrx_word' id='word_1_240' title='bbox 794 1740 1045 1795; x_wconf 87' lang='lat' dir='ltr'><strong>magnitudo</strong></span> <span class='ocrx_word' id='word_1_241' title='bbox 1070 1741 1335 1782; x_wconf 85' lang='lat' dir='ltr'><strong>concederet.</strong></span> <span class='ocrx_word' id='word_1_242' title='bbox 1394 1741 1479 1782; x_wconf 90' lang='lat' dir='ltr'><strong>Sed</strong></span> <span class='ocrx_word' id='word_1_243' title='bbox 1499 1741 1671 1797; x_wconf 84' lang='lat' dir='ltr'><strong>aegritu-</strong></span> 
     </span>
     <span class='ocr_line' id='line_1_30' title="bbox 177 1793 1673 1852; baseline 0.001 -17"><span class='ocrx_word' id='word_1_244' title='bbox 177 1800 230 1841; x_wconf 85' lang='lat'><strong>64</strong></span> <span class='ocrx_word' id='word_1_245' title='bbox 242 1793 344 1845; x_wconf 84' lang='lat' dir='ltr'><strong>dini,</strong></span> <span class='ocrx_word' id='word_1_246' title='bbox 368 1794 421 1836; x_wconf 91' lang='lat' dir='ltr'><strong>de</strong></span> <span class='ocrx_word' id='word_1_247' title='bbox 447 1810 530 1851; x_wconf 90' lang='lat' dir='ltr'><strong>qua</strong></span> <span class='ocrx_word' id='word_1_248' title='bbox 556 1795 656 1837; x_wconf 88' lang='lat' dir='ltr'><strong>satis</strong></span> <span class='ocrx_word' id='word_1_249' title='bbox 683 1805 747 1837; x_wconf 88' lang='lat' dir='ltr'><strong>est</strong></span> <span class='ocrx_word' id='word_1_250' title='bbox 773 1796 1050 1852; x_wconf 87' lang='lat' dir='ltr'><strong>disputatum,</strong></span> <span class='ocrx_word' id='word_1_251' title='bbox 1071 1797 1271 1839; x_wconf 87' lang='lat' dir='ltr'><strong>finitimus</strong></span> <span class='ocrx_word' id='word_1_252' title='bbox 1300 1808 1364 1839; x_wconf 88' lang='lat' dir='ltr'><strong>est</strong></span> <span class='ocrx_word' id='word_1_253' title='bbox 1391 1806 1545 1839; x_wconf 88' lang='lat' dir='ltr'><strong>metus.</strong></span> <span class='ocrx_word' id='word_1_254' title='bbox 1601 1798 1673 1839; x_wconf 86' lang='lat' dir='ltr'><strong>De</strong></span> 
     </span>
     <span class='ocr_line' id='line_1_31' title="bbox 197 1851 1671 1910; baseline 0.003 -19"><span class='ocrx_word' id='word_1_255' title='bbox 197 1855 227 1887; x_wconf 88' lang='lat' dir='ltr'><strong>b.</strong></span> <span class='ocrx_word' id='word_1_256' title='bbox 241 1864 326 1906; x_wconf 89' lang='lat' dir='ltr'><strong>quo</strong></span> <span class='ocrx_word' id='word_1_257' title='bbox 347 1866 482 1907; x_wconf 89' lang='lat' dir='ltr'><strong>pauca</strong></span> <span class='ocrx_word' id='word_1_258' title='bbox 502 1851 681 1894; x_wconf 89' lang='lat' dir='ltr'><strong>dicenda</strong></span> <span class='ocrx_word' id='word_1_259' title='bbox 699 1861 811 1894; x_wconf 91' lang='lat' dir='ltr'><strong>sunt.</strong></span> <span class='ocrx_word' id='word_1_260' title='bbox 850 1855 926 1894; x_wconf 89' lang='lat' dir='ltr'><strong>Est</strong></span> <span class='ocrx_word' id='word_1_261' title='bbox 945 1854 1057 1895; x_wconf 87' lang='lat' dir='ltr'><strong>enim</strong></span> <span class='ocrx_word' id='word_1_262' title='bbox 1078 1863 1233 1904; x_wconf 76' lang='lat' dir='ltr'><strong>metuS,</strong></span> <span class='ocrx_word' id='word_1_263' title='bbox 1252 1863 1301 1895; x_wconf 87' lang='lat' dir='ltr'><strong>ut</strong></span> <span class='ocrx_word' id='word_1_264' title='bbox 1319 1854 1542 1910; x_wconf 85' lang='lat' dir='ltr'><strong>aegritudo,</strong></span> <span class='ocrx_word' id='word_1_265' title='bbox 1562 1869 1671 1910; x_wconf 88' lang='lat' dir='ltr'><strong>prae-</strong></span> 
     </span>
     <span class='ocr_line' id='line_1_32' title="bbox 239 1907 1671 1967; baseline 0.003 -19"><span class='ocrx_word' id='word_1_266' title='bbox 239 1907 369 1948; x_wconf 89' lang='lat' dir='ltr'><strong>sentis</strong></span> <span class='ocrx_word' id='word_1_267' title='bbox 387 1924 399 1959; x_wconf 81' lang='lat'><em>3</em></span> <span class='ocrx_word' id='word_1_268' title='bbox 442 1908 501 1949; x_wconf 91' lang='lat' dir='ltr'><strong>sic</strong></span> <span class='ocrx_word' id='word_1_269' title='bbox 535 1908 621 1959; x_wconf 92' lang='lat' dir='ltr'><strong>ille,</strong></span> <span class='ocrx_word' id='word_1_270' title='bbox 654 1909 786 1950; x_wconf 83' lang='lat' dir='ltr'><strong>futuri</strong></span> <span class='ocrx_word' id='word_1_271' title='bbox 823 1910 936 1950; x_wconf 85' lang='lat' dir='ltr'><strong>mali.</strong></span> <span class='ocrx_word' id='word_1_272' title='bbox 998 1912 1147 1966; x_wconf 86' lang='lat' dir='ltr'><strong>Itaque</strong></span> <span class='ocrx_word' id='word_1_273' title='bbox 1180 1911 1371 1952; x_wconf 89' lang='lat' dir='ltr'><strong>nonnulli</strong></span> <span class='ocrx_word' id='word_1_274' title='bbox 1406 1911 1671 1967; x_wconf 75' lang='lat' dir='ltr'><strong>aegritudinis</strong></span> 
     </span>
     <span class='ocr_line' id='line_1_33' title="bbox 236 1965 1670 2020; baseline 0.003 -16"><span class='ocrx_word' id='word_1_275' title='bbox 236 1973 402 2019; x_wconf 85' lang='lat' dir='ltr'><strong>partem</strong></span> <span class='ocrx_word' id='word_1_276' title='bbox 423 1965 650 2020; x_wconf 90' lang='lat' dir='ltr'><strong>quandam,</strong></span> <span class='ocrx_word' id='word_1_277' title='bbox 672 1976 835 2007; x_wconf 89' lang='lat' dir='ltr'><strong>metum</strong></span> <span class='ocrx_word' id='word_1_278' title='bbox 864 1981 955 2007; x_wconf 90' lang='lat' dir='ltr'><strong>esse</strong></span> <span class='ocrx_word' id='word_1_279' title='bbox 981 1967 1192 2008; x_wconf 85' lang='lat' dir='ltr'><strong>dicebant.</strong></span> <span class='ocrx_word' id='word_1_280' title='bbox 1222 1968 1292 2008; x_wconf 90' lang='lat' dir='ltr'><strong>alii</strong></span> <span class='ocrx_word' id='word_1_281' title='bbox 1322 1976 1465 2009; x_wconf 89' lang='lat' dir='ltr'><strong>autem</strong></span> <span class='ocrx_word' id='word_1_282' title='bbox 1493 1978 1670 2019; x_wconf 89' lang='lat' dir='ltr'><strong>metum,</strong></span> 
     </span>
     <span class='ocr_line' id='line_1_34' title="bbox 237 2020 1671 2080; baseline 0.003 -20"><span class='ocrx_word' id='word_1_283' title='bbox 237 2020 569 2077; x_wconf 87' lang='lat' dir='ltr'><strong>praemolestiam</strong></span> <span class='ocrx_word' id='word_1_284' title='bbox 597 2022 879 2078; x_wconf 80' lang='lat' dir='ltr'><strong>appellabant,</strong></span> <span class='ocrx_word' id='word_1_285' title='bbox 912 2031 952 2057; x_wconf 85' lang='lat'><strong>99</strong></span> <span class='ocrx_word' id='word_1_286' title='bbox 968 2025 1083 2079; x_wconf 92' lang='lat' dir='ltr'><strong>quod</strong></span> <span class='ocrx_word' id='word_1_287' title='bbox 1112 2034 1222 2065; x_wconf 91' lang='lat' dir='ltr'><strong>esset</strong></span> <span class='ocrx_word' id='word_1_288' title='bbox 1251 2024 1371 2080; x_wconf 88' lang='lat' dir='ltr'><strong>quasi</strong></span> <span class='ocrx_word' id='word_1_289' title='bbox 1404 2025 1490 2066; x_wconf 87' lang='lat' dir='ltr'><strong>dux</strong></span> <span class='ocrx_word' id='word_1_290' title='bbox 1522 2039 1671 2067; x_wconf 85' lang='lat' dir='ltr'><strong>conse-</strong></span> 
     </span>
     <span class='ocr_line' id='line_1_35' title="bbox 239 2077 1669 2135; baseline 0.003 -18"><span class='ocrx_word' id='word_1_291' title='bbox 239 2077 408 2132; x_wconf 84' lang='lat' dir='ltr'><strong>quentis</strong></span> <span class='ocrx_word' id='word_1_292' title='bbox 429 2077 649 2119; x_wconf 89' lang='lat' dir='ltr'><strong>molestiae.</strong></span> <span class='ocrx_word' id='word_1_293' title='bbox 708 2079 876 2134; x_wconf 66' lang='lat' dir='ltr'><strong>Quibus</strong></span> <span class='ocrx_word' id='word_1_294' title='bbox 904 2080 1034 2135; x_wconf 85' lang='lat' dir='ltr'><strong>igitur</strong></span> <span class='ocrx_word' id='word_1_295' title='bbox 1062 2081 1293 2122; x_wconf 85' lang='lat' dir='ltr'><strong>rationibus</strong></span> <span class='ocrx_word' id='word_1_296' title='bbox 1312 2081 1509 2122; x_wconf 89' lang='lat' dir='ltr'><strong>instantia</strong></span> <span class='ocrx_word' id='word_1_297' title='bbox 1529 2081 1669 2122; x_wconf 87' lang='lat' dir='ltr'><strong>ferun-</strong></span> 
     </span>
     <span class='ocr_line' id='line_1_36' title="bbox 237 2133 1670 2192; baseline 0.002 -17"><span class='ocrx_word' id='word_1_298' title='bbox 237 2141 322 2183; x_wconf 84' lang='lat' dir='ltr'><strong>tur,</strong></span> <span class='ocrx_word' id='word_1_299' title='bbox 344 2133 500 2175; x_wconf 88' lang='lat' dir='ltr'><strong>eisdem</strong></span> <span class='ocrx_word' id='word_1_300' title='bbox 534 2144 864 2177; x_wconf 89' lang='lat' dir='ltr'><strong>contemnuntur</strong></span> <span class='ocrx_word' id='word_1_301' title='bbox 894 2137 1124 2192; x_wconf 86' lang='lat' dir='ltr'><strong>sequentia.</strong></span> <span class='ocrx_word' id='word_1_302' title='bbox 1155 2152 1252 2178; x_wconf 88' lang='lat' dir='ltr'><strong>nam</strong></span> <span class='ocrx_word' id='word_1_303' title='bbox 1282 2137 1507 2178; x_wconf 88' lang='lat' dir='ltr'><strong>videndum</strong></span> <span class='ocrx_word' id='word_1_304' title='bbox 1538 2138 1670 2178; x_wconf 88' lang='lat' dir='ltr'><strong>estin</strong></span> 
     </span>
     <span class='ocr_line' id='line_1_37' title="bbox 238 2189 1671 2246; baseline 0.001 -13"><span class='ocrx_word' id='word_1_305' title='bbox 238 2189 444 2245; x_wconf 87' lang='lat' dir='ltr'><strong>utrisque,</strong></span> <span class='ocrx_word' id='word_1_306' title='bbox 463 2205 515 2231; x_wconf 90' lang='lat' dir='ltr'><strong>ne</strong></span> <span class='ocrx_word' id='word_1_307' title='bbox 547 2191 649 2246; x_wconf 92' lang='lat' dir='ltr'><strong>quid</strong></span> <span class='ocrx_word' id='word_1_308' title='bbox 680 2191 855 2244; x_wconf 90' lang='lat' dir='ltr'><strong>humile,</strong></span> <span class='ocrx_word' id='word_1_309' title='bbox 884 2194 1171 2244; x_wconf 81' lang='lat' dir='ltr'><strong>summissum,</strong></span> <span class='ocrx_word' id='word_1_310' title='bbox 1192 2193 1335 2244; x_wconf 90' lang='lat' dir='ltr'><strong>molle,</strong></span> <span class='ocrx_word' id='word_1_311' title='bbox 1355 2194 1671 2242; x_wconf 85' lang='lat' dir='ltr'><strong>effaeminatum‚</strong></span> 
     </span>
     <span class='ocr_line' id='line_1_38' title="bbox 238 2245 1670 2306; baseline 0.003 -20"><span class='ocrx_word' id='word_1_312' title='bbox 238 2245 435 2298; x_wconf 67' lang='lat' dir='ltr'><strong>fractum,</strong></span> <span class='ocrx_word' id='word_1_313' title='bbox 467 2246 766 2304; x_wconf 89' lang='lat' dir='ltr'><strong>abjectumque</strong></span> <span class='ocrx_word' id='word_1_314' title='bbox 798 2249 1015 2291; x_wconf 52' lang='lat' dir='ltr'><strong>faciamus</strong></span> <span class='ocrx_word' id='word_1_315' title='bbox 1076 2250 1160 2291; x_wconf 91' lang='lat' dir='ltr'><strong>Sed</strong></span> <span class='ocrx_word' id='word_1_316' title='bbox 1188 2264 1445 2306; x_wconf 86' lang='lat' dir='ltr'><strong>quamquam</strong></span> <span class='ocrx_word' id='word_1_317' title='bbox 1465 2250 1517 2291; x_wconf 92' lang='lat' dir='ltr'><strong>de</strong></span> <span class='ocrx_word' id='word_1_318' title='bbox 1538 2251 1670 2305; x_wconf 88' lang='lat' dir='ltr'><strong>ipsius</strong></span> 
     </span>
    </p>
   </div>
   <div class='ocr_carea' id='block_1_4' title="bbox 237 2363 936 2832">
    <p class='ocr_par' dir='ltr' id='par_1_4' title="bbox 237 2363 936 2736">
     <span class='ocr_line' id='line_1_39' title="bbox 281 2363 935 2405; baseline -0.008 -9"><span class='ocrx_word' id='word_1_319' title='bbox 281 2372 319 2397; x_wconf 83' lang='lat'><strong>95</strong></span> <span class='ocrx_word' id='word_1_320' title='bbox 346 2376 370 2394; x_wconf 83' lang='lat' dir='ltr'><strong>e.</strong></span> <span class='ocrx_word' id='word_1_321' title='bbox 395 2365 422 2393; x_wconf 82' lang='lat' dir='ltr'><strong>h.</strong></span> <span class='ocrx_word' id='word_1_322' title='bbox 451 2363 606 2403; x_wconf 75' lang='lat' dir='ltr'><strong>superiores</strong></span> <span class='ocrx_word' id='word_1_323' title='bbox 633 2374 722 2405; x_wconf 80' lang='lat' dir='ltr'><strong>quam</strong></span> <span class='ocrx_word' id='word_1_324' title='bbox 744 2374 805 2393; x_wconf 83' lang='lat' dir='ltr'><strong>suos</strong></span> <span class='ocrx_word' id='word_1_325' title='bbox 828 2363 935 2391; x_wconf 74' lang='lat' dir='ltr'><strong>animos</strong></span> 
     </span>
     <span class='ocr_line' id='line_1_40' title="bbox 237 2406 936 2445; baseline 0 -10"><span class='ocrx_word' id='word_1_326' title='bbox 237 2407 358 2445; x_wconf 67' lang='lat' dir='ltr'><strong>ducunt]</strong></span> <span class='ocrx_word' id='word_1_327' title='bbox 387 2409 407 2437; x_wconf 89' lang='lat' dir='ltr'><strong>i.</strong></span> <span class='ocrx_word' id='word_1_328' title='bbox 432 2417 460 2437; x_wconf 91' lang='lat' dir='ltr'><strong>e.</strong></span> <span class='ocrx_word' id='word_1_329' title='bbox 490 2407 589 2445; x_wconf 85' lang='lat' dir='ltr'><strong>magis</strong></span> <span class='ocrx_word' id='word_1_330' title='bbox 613 2406 757 2436; x_wconf 84' lang='lat' dir='ltr'><strong>laborant</strong></span> <span class='ocrx_word' id='word_1_331' title='bbox 783 2407 821 2435; x_wconf 90' lang='lat' dir='ltr'><strong>de</strong></span> <span class='ocrx_word' id='word_1_332' title='bbox 844 2406 936 2435; x_wconf 81' lang='lat' dir='ltr'><strong>rebus</strong></span> 
     </span>
     <span class='ocr_line' id='line_1_41' title="bbox 238 2449 931 2488; baseline -0.003 -9"><span class='ocrx_word' id='word_1_333' title='bbox 238 2451 387 2486; x_wconf 70' lang='lat' dir='ltr'><strong>externis,</strong></span> <span class='ocrx_word' id='word_1_334' title='bbox 402 2450 493 2479; x_wconf 88' lang='lat' dir='ltr'><strong>bonis</strong></span> <span class='ocrx_word' id='word_1_335' title='bbox 506 2456 536 2478; x_wconf 89' lang='lat' dir='ltr'><strong>et</strong></span> <span class='ocrx_word' id='word_1_336' title='bbox 548 2449 653 2485; x_wconf 87' lang='lat' dir='ltr'><strong>malis,</strong></span> <span class='ocrx_word' id='word_1_337' title='bbox 667 2459 766 2488; x_wconf 88' lang='lat' dir='ltr'><strong>quam</strong></span> <span class='ocrx_word' id='word_1_338' title='bbox 781 2450 819 2478; x_wconf 87' lang='lat' dir='ltr'><strong>de</strong></span> <span class='ocrx_word' id='word_1_339' title='bbox 833 2449 931 2478; x_wconf 82' lang='lat' dir='ltr'><strong>animi</strong></span> 
     </span>
     <span class='ocr_line' id='line_1_42' title="bbox 237 2492 932 2528; baseline -0.001 -7"><span class='ocrx_word' id='word_1_340' title='bbox 237 2493 417 2528; x_wconf 79' lang='lat' dir='ltr'><strong>virtutibus,</strong></span> <span class='ocrx_word' id='word_1_341' title='bbox 443 2494 499 2522; x_wconf 80' lang='lat' dir='ltr'><strong>has</strong></span> <span class='ocrx_word' id='word_1_342' title='bbox 525 2502 589 2522; x_wconf 90' lang='lat' dir='ltr'><strong>non</strong></span> <span class='ocrx_word' id='word_1_343' title='bbox 614 2492 683 2521; x_wconf 86' lang='lat' dir='ltr'><strong>illas</strong></span> <span class='ocrx_word' id='word_1_344' title='bbox 707 2497 932 2521; x_wconf 83' lang='lat' dir='ltr'><strong>contemnunt.</strong></span> 
     </span>
     <span class='ocr_line' id='line_1_43' title="bbox 237 2533 933 2574; baseline -0.003 -9"><span class='ocrx_word' id='word_1_345' title='bbox 237 2536 340 2566; x_wconf 76' lang='lat' dir='ltr'><strong>forma</strong></span> <span class='ocrx_word' id='word_1_346' title='bbox 355 2535 504 2574; x_wconf 88' lang='lat' dir='ltr'><strong>loquendi</strong></span> <span class='ocrx_word' id='word_1_347' title='bbox 521 2542 566 2564; x_wconf 78' lang='lat' dir='ltr'><strong>est</strong></span> <span class='ocrx_word' id='word_1_348' title='bbox 581 2544 622 2564; x_wconf 79' lang='lat' dir='ltr'><strong>ex</strong></span> <span class='ocrx_word' id='word_1_349' title='bbox 636 2544 685 2571; x_wconf 87' lang='lat' dir='ltr'><strong>eo,</strong></span> <span class='ocrx_word' id='word_1_350' title='bbox 699 2535 785 2573; x_wconf 88' lang='lat' dir='ltr'><strong>quod</strong></span> <span class='ocrx_word' id='word_1_351' title='bbox 798 2533 871 2564; x_wconf 85' lang='lat' dir='ltr'><strong>alibi</strong></span> <span class='ocrx_word' id='word_1_352' title='bbox 887 2535 933 2563; x_wconf 89' lang='lat' dir='ltr'><strong>di-</strong></span> 
     </span>
     <span class='ocr_line' id='line_1_44' title="bbox 238 2578 934 2617; baseline -0.004 -9"><span class='ocrx_word' id='word_1_353' title='bbox 238 2579 293 2614; x_wconf 81' lang='lat' dir='ltr'><strong>cit,</strong></span> <span class='ocrx_word' id='word_1_354' title='bbox 321 2587 478 2617; x_wconf 77' lang='lat' dir='ltr'><strong>magnum</strong></span> <span class='ocrx_word' id='word_1_355' title='bbox 504 2578 652 2607; x_wconf 83' lang='lat' dir='ltr'><strong>animum</strong></span> <span class='ocrx_word' id='word_1_356' title='bbox 676 2578 786 2607; x_wconf 83' lang='lat' dir='ltr'><strong>omnia</strong></span> <span class='ocrx_word' id='word_1_357' title='bbox 806 2584 934 2606; x_wconf 83' lang='lat' dir='ltr'><strong>externa</strong></span> 
     </span>
     <span class='ocr_line' id='line_1_45' title="bbox 237 2620 933 2658; baseline -0.004 -7"><span class='ocrx_word' id='word_1_358' title='bbox 237 2621 319 2651; x_wconf 87' lang='lat' dir='ltr'><strong>infra</strong></span> <span class='ocrx_word' id='word_1_359' title='bbox 338 2630 384 2657; x_wconf 84' lang='lat' dir='ltr'><strong>se,</strong></span> <span class='ocrx_word' id='word_1_360' title='bbox 400 2620 449 2650; x_wconf 85' lang='lat' dir='ltr'><strong>vel</strong></span> <span class='ocrx_word' id='word_1_361' title='bbox 471 2620 615 2650; x_wconf 82' lang='lat' dir='ltr'><strong>inferiora</strong></span> <span class='ocrx_word' id='word_1_362' title='bbox 637 2627 757 2658; x_wconf 85' lang='lat' dir='ltr'><strong>putare.</strong></span> <span class='ocrx_word' id='word_1_363' title='bbox 780 2620 818 2649; x_wconf 86' lang='lat' dir='ltr'><strong>dc</strong></span> <span class='ocrx_word' id='word_1_364' title='bbox 841 2621 933 2658; x_wconf 86' lang='lat' dir='ltr'><strong>parti-</strong></span> 
     </span>
     <span class='ocr_line' id='line_1_46' title="bbox 237 2663 933 2704; baseline -0.003 -11"><span class='ocrx_word' id='word_1_365' title='bbox 237 2663 311 2693; x_wconf 86' lang='lat' dir='ltr'><strong>cula</strong></span> <span class='ocrx_word' id='word_1_366' title='bbox 340 2675 426 2704; x_wconf 85' lang='lat' dir='ltr'><strong>quam</strong></span> <span class='ocrx_word' id='word_1_367' title='bbox 460 2670 527 2703; x_wconf 86' lang='lat' dir='ltr'><strong>post</strong></span> <span class='ocrx_word' id='word_1_368' title='bbox 557 2663 809 2702; x_wconf 82' lang='lat' dir='ltr'><strong>comparativum</strong></span> <span class='ocrx_word' id='word_1_369' title='bbox 839 2672 933 2701; x_wconf 85' lang='lat' dir='ltr'><strong>supra</strong></span> 
     </span>
     <span class='ocr_line' id='line_1_47' title="bbox 237 2707 363 2736; baseline 0 -1"><span class='ocrx_word' id='word_1_370' title='bbox 237 2707 363 2736; x_wconf 84' lang='lat' dir='ltr'><strong>monui.</strong></span> 
     </span>
    </p>

    <p class='ocr_par' dir='ltr' id='par_1_5' title="bbox 237 2747 931 2832">
     <span class='ocr_line' id='line_1_48' title="bbox 281 2747 931 2788; baseline 0.002 -12"><span class='ocrx_word' id='word_1_371' title='bbox 281 2754 320 2782; x_wconf 80' lang='lat'><strong>96</strong></span> <span class='ocrx_word' id='word_1_372' title='bbox 338 2748 446 2788; x_wconf 83' lang='lat' dir='ltr'><strong>primos</strong></span> <span class='ocrx_word' id='word_1_373' title='bbox 470 2754 491 2777; x_wconf 74' lang='grc'><strong>1.</strong></span> <span class='ocrx_word' id='word_1_374' title='bbox 514 2757 615 2777; x_wconf 82' lang='lat' dir='ltr'><strong>versus</strong></span> <span class='ocrx_word' id='word_1_375' title='bbox 631 2747 788 2787; x_wconf 78' lang='lat' dir='ltr'><strong>revocasse]</strong></span> <span class='ocrx_word' id='word_1_376' title='bbox 807 2748 931 2787; x_wconf 86' lang='lat' dir='ltr'><strong>Proprie</strong></span> 
     </span>
     <span class='ocr_line' id='line_1_49' title="bbox 237 2791 929 2832; baseline -0.001 -11"><span class='ocrx_word' id='word_1_377' title='bbox 237 2791 350 2822; x_wconf 77' lang='lat' dir='ltr'><strong>dicitur</strong></span> <span class='ocrx_word' id='word_1_378' title='bbox 361 2797 446 2823; x_wconf 85' lang='lat' dir='ltr'><strong>actor</strong></span> <span class='ocrx_word' id='word_1_379' title='bbox 460 2792 613 2822; x_wconf 73' lang='lat' dir='ltr'><strong>revocari:</strong></span> <span class='ocrx_word' id='word_1_380' title='bbox 629 2792 681 2822; x_wconf 83' lang='lat' dir='ltr'><strong>sed</strong></span> <span class='ocrx_word' id='word_1_381' title='bbox 699 2792 775 2832; x_wconf 86' lang='lat' dir='ltr'><strong>quia</strong></span> <span class='ocrx_word' id='word_1_382' title='bbox 788 2791 817 2821; x_wconf 90' lang='lat' dir='ltr'><strong>id</strong></span> <span class='ocrx_word' id='word_1_383' title='bbox 834 2791 881 2828; x_wconf 89' lang='lat' dir='ltr'><strong>fit,</strong></span> <span class='ocrx_word' id='word_1_384' title='bbox 894 2800 929 2821; x_wconf 74' lang='lat' dir='ltr'><strong>uc</strong></span> 
     </span>
    </p>
   </div>
   <div class='ocr_carea' id='block_1_5' title="bbox 973 2365 1670 2781">
    <p class='ocr_par' dir='ltr' id='par_1_6' title="bbox 977 2365 1670 2446">
     <span class='ocr_line' id='line_1_50' title="bbox 978 2365 1670 2403; baseline 0.006 -10"><span class='ocrx_word' id='word_1_385' title='bbox 978 2370 1104 2403; x_wconf 85' lang='lat' dir='ltr'><strong>repetat,</strong></span> <span class='ocrx_word' id='word_1_386' title='bbox 1122 2374 1195 2403; x_wconf 76' lang='lat' dir='ltr'><strong>quae</strong></span> <span class='ocrx_word' id='word_1_387' title='bbox 1217 2365 1348 2401; x_wconf 85' lang='lat' dir='ltr'><strong>dixerat,</strong></span> <span class='ocrx_word' id='word_1_388' title='bbox 1369 2366 1478 2402; x_wconf 85' lang='lat' dir='ltr'><strong>etiam,</strong></span> <span class='ocrx_word' id='word_1_389' title='bbox 1494 2375 1601 2397; x_wconf 81' lang='lat' dir='ltr'><strong>versus</strong></span> <span class='ocrx_word' id='word_1_390' title='bbox 1624 2376 1670 2397; x_wconf 88' lang='lat' dir='ltr'><strong>re-</strong></span> 
     </span>
     <span class='ocr_line' id='line_1_51' title="bbox 977 2408 1297 2446; baseline 0.003 -11"><span class='ocrx_word' id='word_1_391' title='bbox 977 2409 1093 2442; x_wconf 78' lang='lat' dir='ltr'><strong>vocari,</strong></span> <span class='ocrx_word' id='word_1_392' title='bbox 1110 2408 1171 2437; x_wconf 84' lang='lat' dir='ltr'><strong>dici</strong></span> <span class='ocrx_word' id='word_1_393' title='bbox 1187 2414 1297 2446; x_wconf 80' lang='lat' dir='ltr'><strong>potest.</strong></span> 
     </span>
    </p>

    <p class='ocr_par' dir='ltr' id='par_1_7' title="bbox 976 2448 1670 2565">
     <span class='ocr_line' id='line_1_52' title="bbox 1020 2448 1670 2489; baseline 0.005 -11"><span class='ocrx_word' id='word_1_394' title='bbox 1020 2456 1056 2484; x_wconf 79' lang='lat'><strong>97</strong></span> <span class='ocrx_word' id='word_1_395' title='bbox 1083 2450 1157 2478; x_wconf 84' lang='lat' dir='ltr'><strong>ratio</strong></span> <span class='ocrx_word' id='word_1_396' title='bbox 1180 2448 1235 2489; x_wconf 81' lang='lat' dir='ltr'><em>est]</em></span> <span class='ocrx_word' id='word_1_397' title='bbox 1260 2450 1324 2485; x_wconf 87' lang='lat' dir='ltr'><strong>Sic,</strong></span> <span class='ocrx_word' id='word_1_398' title='bbox 1343 2460 1409 2479; x_wconf 88' lang='lat' dir='ltr'><strong>non</strong></span> <span class='ocrx_word' id='word_1_399' title='bbox 1424 2450 1527 2487; x_wconf 81' lang='lat' dir='ltr'><strong>oratio,</strong></span> <span class='ocrx_word' id='word_1_400' title='bbox 1543 2460 1610 2480; x_wconf 78' lang='lat' dir='ltr'><strong>esse</strong></span> <span class='ocrx_word' id='word_1_401' title='bbox 1626 2451 1670 2481; x_wconf 87' lang='lat' dir='ltr'><strong>le-</strong></span> 
     </span>
     <span class='ocr_line' id='line_1_53' title="bbox 976 2493 1669 2530; baseline 0.004 -9"><span class='ocrx_word' id='word_1_402' title='bbox 976 2493 1129 2530; x_wconf 87' lang='lat' dir='ltr'><strong>gendum,</strong></span> <span class='ocrx_word' id='word_1_403' title='bbox 1148 2503 1193 2522; x_wconf 83' lang='lat' dir='ltr'><strong>res</strong></span> <span class='ocrx_word' id='word_1_404' title='bbox 1215 2499 1246 2522; x_wconf 87' lang='lat' dir='ltr'><strong>et</strong></span> <span class='ocrx_word' id='word_1_405' title='bbox 1268 2494 1423 2522; x_wconf 79' lang='lat' dir='ltr'><strong>sententia</strong></span> <span class='ocrx_word' id='word_1_406' title='bbox 1444 2494 1545 2524; x_wconf 85' lang='lat' dir='ltr'><strong>docet.</strong></span> <span class='ocrx_word' id='word_1_407' title='bbox 1572 2501 1601 2524; x_wconf 89' lang='lat' dir='ltr'><strong>et</strong></span> <span class='ocrx_word' id='word_1_408' title='bbox 1623 2494 1669 2525; x_wconf 86' lang='lat' dir='ltr'><strong>sic</strong></span> 
     </span>
     <span class='ocr_line' id='line_1_54' title="bbox 978 2535 1415 2565; baseline 0.005 -2"><span class='ocrx_word' id='word_1_409' title='bbox 978 2535 1083 2564; x_wconf 81' lang='lat' dir='ltr'><strong>Guelf.</strong></span> <span class='ocrx_word' id='word_1_410' title='bbox 1100 2536 1168 2565; x_wconf 83' lang='lat' dir='ltr'><strong>edd.</strong></span> <span class='ocrx_word' id='word_1_411' title='bbox 1186 2542 1261 2565; x_wconf 85' lang='lat' dir='ltr'><strong>vett.</strong></span> <span class='ocrx_word' id='word_1_412' title='bbox 1274 2542 1310 2565; x_wconf 88' lang='lat' dir='ltr'><strong>ut</strong></span> <span class='ocrx_word' id='word_1_413' title='bbox 1325 2536 1415 2565; x_wconf 87' lang='lat' dir='ltr'><strong>Junt.</strong></span> 
     </span>
    </p>

    <p class='ocr_par' dir='ltr' id='par_1_8' title="bbox 977 2576 1668 2661">
     <span class='ocr_line' id='line_1_55' title="bbox 1019 2576 1668 2620; baseline -0.003 -11"><span class='ocrx_word' id='word_1_414' title='bbox 1019 2585 1057 2609; x_wconf 82' lang='lat'><strong>98</strong></span> <span class='ocrx_word' id='word_1_415' title='bbox 1075 2576 1193 2617; x_wconf 60' lang='lat' dir='ltr'><strong>affirm]</strong></span> <span class='ocrx_word' id='word_1_416' title='bbox 1212 2579 1231 2608; x_wconf 86' lang='lat' dir='ltr'><strong>i.</strong></span> <span class='ocrx_word' id='word_1_417' title='bbox 1245 2588 1273 2608; x_wconf 90' lang='lat' dir='ltr'><strong>e.</strong></span> <span class='ocrx_word' id='word_1_418' title='bbox 1286 2578 1384 2609; x_wconf 85' lang='lat' dir='ltr'><strong>levius</strong></span> <span class='ocrx_word' id='word_1_419' title='bbox 1397 2579 1501 2609; x_wconf 85' lang='lat' dir='ltr'><strong>faciat.</strong></span> <span class='ocrx_word' id='word_1_420' title='bbox 1523 2579 1578 2608; x_wconf 88' lang='lat' dir='ltr'><strong>Gr.</strong></span> <span class='ocrx_word' id='word_1_421' title='bbox 1595 2578 1668 2620; x_wconf 62' lang='grc' dir='ltr'><strong>ἄξω-</strong></span> 
     </span>
     <span class='ocr_line' id='line_1_56' title="bbox 977 2621 1473 2661; baseline 0.008 -12"><span class='ocrx_word' id='word_1_422' title='bbox 977 2632 1018 2650; x_wconf 63' lang='lat' dir='ltr'><strong>w.</strong></span> <span class='ocrx_word' id='word_1_423' title='bbox 1036 2621 1119 2650; x_wconf 88' lang='lat' dir='ltr'><strong>male</strong></span> <span class='ocrx_word' id='word_1_424' title='bbox 1134 2622 1203 2651; x_wconf 85' lang='lat' dir='ltr'><strong>edd.</strong></span> <span class='ocrx_word' id='word_1_425' title='bbox 1220 2622 1473 2661; x_wconf 79' lang='lat' dir='ltr'><strong>quaedamferat.</strong></span> 
     </span>
    </p>

    <p class='ocr_par' dir='ltr' id='par_1_9' title="bbox 973 2663 1670 2781">
     <span class='ocr_line' id='line_1_57' title="bbox 1020 2663 1670 2705; baseline 0.003 -13"><span class='ocrx_word' id='word_1_426' title='bbox 1020 2670 1058 2695; x_wconf 79' lang='lat'><strong>99</strong></span> <span class='ocrx_word' id='word_1_427' title='bbox 1076 2664 1152 2705; x_wconf 79' lang='lat' dir='ltr'><strong>quod</strong></span> <span class='ocrx_word' id='word_1_428' title='bbox 1165 2671 1233 2693; x_wconf 83' lang='lat' dir='ltr'><strong>esset</strong></span> <span class='ocrx_word' id='word_1_429' title='bbox 1248 2665 1331 2705; x_wconf 73' lang='lat' dir='ltr'><strong>quasi</strong></span> <span class='ocrx_word' id='word_1_430' title='bbox 1347 2663 1421 2704; x_wconf 84' lang='lat' dir='ltr'><strong>dux]</strong></span> <span class='ocrx_word' id='word_1_431' title='bbox 1439 2671 1507 2694; x_wconf 75' lang='lat' dir='ltr'><strong>esse!</strong></span> <span class='ocrx_word' id='word_1_432' title='bbox 1518 2664 1670 2694; x_wconf 78' lang='lat' dir='ltr'><strong>desiderat</strong></span> 
     </span>
     <span class='ocr_line' id='line_1_58' title="bbox 973 2707 1670 2747; baseline 0.004 -12"><span class='ocrx_word' id='word_1_433' title='bbox 973 2707 1121 2736; x_wconf 79' lang='lat' dir='ltr'><strong>orationis</strong></span> <span class='ocrx_word' id='word_1_434' title='bbox 1145 2707 1256 2737; x_wconf 85' lang='lat' dir='ltr'><strong>forma.</strong></span> <span class='ocrx_word' id='word_1_435' title='bbox 1281 2708 1364 2738; x_wconf 85' lang='lat' dir='ltr'><strong>male</strong></span> <span class='ocrx_word' id='word_1_436' title='bbox 1386 2707 1492 2747; x_wconf 81' lang='lat' dir='ltr'><strong>vulgg.</strong></span> <span class='ocrx_word' id='word_1_437' title='bbox 1515 2714 1566 2738; x_wconf 79' lang='lat' dir='ltr'><strong>est.</strong></span> <span class='ocrx_word' id='word_1_438' title='bbox 1589 2707 1670 2738; x_wconf 78' lang='lat' dir='ltr'><strong>illud</strong></span> 
     </span>
     <span class='ocr_line' id='line_1_59' title="bbox 973 2750 1286 2781; baseline 0.003 -2"><span class='ocrx_word' id='word_1_439' title='bbox 973 2757 1002 2779; x_wconf 86' lang='lat' dir='ltr'><strong>ct</strong></span> <span class='ocrx_word' id='word_1_440' title='bbox 1018 2750 1165 2781; x_wconf 79' lang='lat' dir='ltr'><strong>Davisius</strong></span> <span class='ocrx_word' id='word_1_441' title='bbox 1181 2751 1286 2781; x_wconf 84' lang='lat' dir='ltr'><strong>edidit.</strong></span> 
     </span>
    </p>
   </div>
  </div>
 </body>
</html>
