<?xml version="1.0" encoding="UTF-8"?>
<!DOCTYPE html PUBLIC "-//W3C//DTD XHTML 1.0 Transitional//EN"
    "http://www.w3.org/TR/xhtml1/DTD/xhtml1-transitional.dtd">
<html xmlns="http://www.w3.org/1999/xhtml" xml:lang="en" lang="en">
 <head>
  <title>
</title>
<meta http-equiv="Content-Type" content="text/html;charset=utf-8" />
  <meta name='ocr-system' content='tesseract 3.04.00' />
  <meta name='ocr-capabilities' content='ocr_page ocr_carea ocr_par ocr_line ocrx_word'/>
</head>
<body>
  <div class='ocr_page' id='page_1' title='image "./p1operaomnia04ciceuoft_0126.png"; bbox 0 0 1768 3095; ppageno 0'>
   <div class='ocr_carea' id='block_1_1' title="bbox 216 141 1320 183">
    <p class='ocr_par' dir='ltr' id='par_1_1' title="bbox 216 141 1320 183">
     <span class='ocr_line' id='line_1_1' title="bbox 216 141 1320 183; baseline 0.003 -4"><span class='ocrx_word' id='word_1_1' title='bbox 216 147 287 179; x_wconf 88' lang='grc'>118</span> <span class='ocrx_word' id='word_1_2' title='bbox 519 141 589 182; x_wconf 91' lang='lat' dir='ltr'>DE</span> <span class='ocrx_word' id='word_1_3' title='bbox 618 143 776 182; x_wconf 85' lang='lat' dir='ltr'><strong>FINIB.</strong></span> <span class='ocrx_word' id='word_1_4' title='bbox 795 143 995 183; x_wconf 89' lang='lat' dir='ltr'>BONOR.</span> <span class='ocrx_word' id='word_1_5' title='bbox 1015 144 1083 183; x_wconf 93' lang='lat' dir='ltr'>ET</span> <span class='ocrx_word' id='word_1_6' title='bbox 1112 144 1320 183; x_wconf 85' lang='lat' dir='ltr'><strong>MALOR.</strong></span> 
     </span>
    </p>
   </div>
   <div class='ocr_carea' id='block_1_2' title="bbox 104 249 1645 1662">
    <p class='ocr_par' dir='ltr' id='par_1_2' title="bbox 104 249 1645 1662">
     <span class='ocr_line' id='line_1_2' title="bbox 211 249 1643 307; baseline 0.003 -16"><span class='ocrx_word' id='word_1_7' title='bbox 211 249 350 301; x_wconf 85' lang='lat' dir='ltr'>faciet,</span> <span class='ocrx_word' id='word_1_8' title='bbox 372 249 406 291; x_wconf 88' lang='lat' dir='ltr'>si</span> <span class='ocrx_word' id='word_1_9' title='bbox 424 250 697 307; x_wconf 67' lang='lat' dir='ltr'>perspexerit,</span> <span class='ocrx_word' id='word_1_10' title='bbox 715 265 855 293; x_wconf 86' lang='lat' dir='ltr'>rerum</span> <span class='ocrx_word' id='word_1_11' title='bbox 875 252 982 294; x_wconf 86' lang='lat' dir='ltr'>inter</span> <span class='ocrx_word' id='word_1_12' title='bbox 1000 266 1084 303; x_wconf 87' lang='lat' dir='ltr'>eas,</span> <span class='ocrx_word' id='word_1_13' title='bbox 1099 252 1378 294; x_wconf 81' lang='lat' dir='ltr'>verborumne</span> <span class='ocrx_word' id='word_1_14' title='bbox 1398 250 1452 293; x_wconf 86' lang='lat' dir='ltr'>sit</span> <span class='ocrx_word' id='word_1_15' title='bbox 1471 259 1643 295; x_wconf 86' lang='lat' dir='ltr'>contro-</span> 
     </span>
     <span class='ocr_line' id='line_1_3' title="bbox 209 320 354 347; baseline -0.007 0"><span class='ocrx_word' id='word_1_16' title='bbox 209 320 354 347; x_wconf 76' lang='lat' dir='ltr'>versia.</span> 
     </span>
     <span class='ocr_line' id='line_1_4' title="bbox 132 363 1644 420; baseline 0.001 -16"><span class='ocrx_word' id='word_1_17' title='bbox 132 371 198 418; x_wconf 81' lang='lat'>13</span> <span class='ocrx_word' id='word_1_18' title='bbox 268 363 412 419; x_wconf 84' lang='lat' dir='ltr'>Hujus</span> <span class='ocrx_word' id='word_1_19' title='bbox 432 378 514 419; x_wconf 83' lang='lat' dir='ltr'>ego</span> <span class='ocrx_word' id='word_1_20' title='bbox 534 378 645 405; x_wconf 89' lang='lat' dir='ltr'>nunc</span> <span class='ocrx_word' id='word_1_21' title='bbox 665 364 957 406; x_wconf 87' lang='lat' dir='ltr'>auctoritatem</span> <span class='ocrx_word' id='word_1_22' title='bbox 980 379 1170 420; x_wconf 85' lang='lat' dir='ltr'>sequens,</span> <span class='ocrx_word' id='word_1_23' title='bbox 1191 364 1300 405; x_wconf 89' lang='lat' dir='ltr'>idem</span> <span class='ocrx_word' id='word_1_24' title='bbox 1321 364 1487 406; x_wconf 84' lang='lat' dir='ltr'>faciam.</span> <span class='ocrx_word' id='word_1_25' title='bbox 1510 378 1644 420; x_wconf 86' lang='lat' dir='ltr'>quan-</span> 
     </span>
     <span class='ocr_line' id='line_1_5' title="bbox 147 421 1642 486; baseline 0.002 -27"><span class='ocrx_word' id='word_1_26' title='bbox 147 444 199 486; x_wconf 83' lang='lat'>39</span> <span class='ocrx_word' id='word_1_27' title='bbox 212 426 303 460; x_wconf 89' lang='lat' dir='ltr'>tum</span> <span class='ocrx_word' id='word_1_28' title='bbox 323 421 433 461; x_wconf 88' lang='lat' dir='ltr'>enim</span> <span class='ocrx_word' id='word_1_29' title='bbox 452 429 615 476; x_wconf 89' lang='lat' dir='ltr'>potero,</span> <span class='ocrx_word' id='word_1_30' title='bbox 636 421 822 462; x_wconf 83' lang='lat' dir='ltr'>minuam</span> <span class='ocrx_word' id='word_1_31' title='bbox 843 423 1157 462; x_wconf 83' lang='lat' dir='ltr'>contentiones:</span> <span class='ocrx_word' id='word_1_32' title='bbox 1179 435 1411 476; x_wconf 84' lang='lat' dir='ltr'>omnesque</span> <span class='ocrx_word' id='word_1_33' title='bbox 1431 421 1642 476; x_wconf 86' lang='lat' dir='ltr'>simplices</span> 
     </span>
     <span class='ocr_line' id='line_1_6' title="bbox 212 477 1643 533; baseline 0.002 -18"><span class='ocrx_word' id='word_1_34' title='bbox 212 477 437 518; x_wconf 86' lang='lat' dir='ltr'>sententias</span> <span class='ocrx_word' id='word_1_35' title='bbox 469 491 630 527; x_wconf 86' lang='lat' dir='ltr'>eorum,</span> <span class='ocrx_word' id='word_1_36' title='bbox 668 478 708 518; x_wconf 91' lang='lat' dir='ltr'>in</span> <span class='ocrx_word' id='word_1_37' title='bbox 744 478 895 533; x_wconf 86' lang='lat' dir='ltr'>quibus</span> <span class='ocrx_word' id='word_1_38' title='bbox 928 477 1044 518; x_wconf 89' lang='lat' dir='ltr'>nulla</span> <span class='ocrx_word' id='word_1_39' title='bbox 1074 477 1181 518; x_wconf 89' lang='lat' dir='ltr'>inest</span> <span class='ocrx_word' id='word_1_40' title='bbox 1212 478 1374 519; x_wconf 84' lang='lat' dir='ltr'>virtutis</span> <span class='ocrx_word' id='word_1_41' title='bbox 1410 477 1643 532; x_wconf 88' lang='lat' dir='ltr'>adjunctio,</span> 
     </span>
     <span class='ocr_line' id='line_1_7' title="bbox 104 533 1644 590; baseline 0.001 -17"><span class='ocrx_word' id='word_1_42' title='bbox 104 541 134 573; x_wconf 79' lang='lat' dir='ltr'>P·</span> <span class='ocrx_word' id='word_1_43' title='bbox 151 539 201 570; x_wconf 76' lang='lat'>78·</span> <span class='ocrx_word' id='word_1_44' title='bbox 213 533 388 574; x_wconf 90' lang='lat' dir='ltr'>omnino</span> <span class='ocrx_word' id='word_1_45' title='bbox 407 548 432 574; x_wconf 88' lang='lat' dir='ltr'>a</span> <span class='ocrx_word' id='word_1_46' title='bbox 450 533 720 589; x_wconf 81' lang='lat' dir='ltr'>philosophia</span> <span class='ocrx_word' id='word_1_47' title='bbox 739 533 1010 574; x_wconf 86' lang='lat' dir='ltr'>semovendas</span> <span class='ocrx_word' id='word_1_48' title='bbox 1041 534 1200 588; x_wconf 82' lang='lat' dir='ltr'>putabo</span> <span class='ocrx_word' id='word_1_49' title='bbox 1217 550 1226 574; x_wconf 82' lang='lat' dir='ltr'><strong><em>z</em></strong></span> <span class='ocrx_word' id='word_1_50' title='bbox 1255 534 1438 590; x_wconf 89' lang='lat' dir='ltr'>primum</span> <span class='ocrx_word' id='word_1_51' title='bbox 1459 533 1644 590; x_wconf 87' lang='lat' dir='ltr'>Aristip-</span> 
     </span>
     <span class='ocr_line' id='line_1_8' title="bbox 171 587 1645 646; baseline 0.001 -16"><span class='ocrx_word' id='word_1_52' title='bbox 171 587 200 608; x_wconf 70' lang='lat'>²¹‘</span> <span class='ocrx_word' id='word_1_53' title='bbox 213 589 272 644; x_wconf 89' lang='lat' dir='ltr'>pi,</span> <span class='ocrx_word' id='word_1_54' title='bbox 296 588 712 646; x_wconf 80' lang='lat' dir='ltr'>Cyrenaicorumque</span> <span class='ocrx_word' id='word_1_55' title='bbox 742 591 932 630; x_wconf 83' lang='lat' dir='ltr'>omnium</span> <span class='ocrx_word' id='word_1_56' title='bbox 952 606 961 630; x_wconf 90' lang='lat'>:</span> <span class='ocrx_word' id='word_1_57' title='bbox 994 604 1100 644; x_wconf 89' lang='lat' dir='ltr'>quos</span> <span class='ocrx_word' id='word_1_58' title='bbox 1128 605 1213 631; x_wconf 89' lang='lat' dir='ltr'>non</span> <span class='ocrx_word' id='word_1_59' title='bbox 1234 600 1298 631; x_wconf 86' lang='lat' dir='ltr'>est</span> <span class='ocrx_word' id='word_1_60' title='bbox 1317 591 1510 640; x_wconf 83' lang='lat' dir='ltr'>veritum,</span> <span class='ocrx_word' id='word_1_61' title='bbox 1530 590 1572 631; x_wconf 90' lang='lat' dir='ltr'>in</span> <span class='ocrx_word' id='word_1_62' title='bbox 1593 604 1645 631; x_wconf 86' lang='lat' dir='ltr'>ea</span> 
     </span>
     <span class='ocr_line' id='line_1_9' title="bbox 211 645 1643 702; baseline 0.003 -18"><span class='ocrx_word' id='word_1_63' title='bbox 211 645 442 702; x_wconf 85' lang='lat' dir='ltr'>voluptate,</span> <span class='ocrx_word' id='word_1_64' title='bbox 463 654 501 683; x_wconf 82' lang='lat'>74</span> <span class='ocrx_word' id='word_1_65' title='bbox 519 662 613 702; x_wconf 86' lang='lat' dir='ltr'>quae</span> <span class='ocrx_word' id='word_1_66' title='bbox 646 646 826 686; x_wconf 71' lang='lat' dir='ltr'>maxime</span> <span class='ocrx_word' id='word_1_67' title='bbox 860 645 1080 687; x_wconf 83' lang='lat' dir='ltr'>dulcedine</span> <span class='ocrx_word' id='word_1_68' title='bbox 1110 661 1279 688; x_wconf 90' lang='lat' dir='ltr'>sensum</span> <span class='ocrx_word' id='word_1_69' title='bbox 1306 657 1508 695; x_wconf 85' lang='lat' dir='ltr'>moveret,</span> <span class='ocrx_word' id='word_1_70' title='bbox 1527 661 1643 688; x_wconf 89' lang='lat' dir='ltr'>sum·</span> 
     </span>
     <span class='ocr_line' id='line_1_10' title="bbox 210 702 1642 758; baseline 0.001 -16"><span class='ocrx_word' id='word_1_71' title='bbox 210 715 327 743; x_wconf 84' lang='lat' dir='ltr'>mum</span> <span class='ocrx_word' id='word_1_72' title='bbox 355 703 515 744; x_wconf 88' lang='lat' dir='ltr'>bonum</span> <span class='ocrx_word' id='word_1_73' title='bbox 545 716 717 758; x_wconf 85' lang='lat' dir='ltr'>ponere,</span> <span class='ocrx_word' id='word_1_74' title='bbox 743 710 1061 743; x_wconf 82' lang='lat' dir='ltr'>contemnentes</span> <span class='ocrx_word' id='word_1_75' title='bbox 1088 702 1211 744; x_wconf 87' lang='lat' dir='ltr'>istam</span> <span class='ocrx_word' id='word_1_76' title='bbox 1240 703 1491 745; x_wconf 81' lang='lat' dir='ltr'>vacuitatem</span> <span class='ocrx_word' id='word_1_77' title='bbox 1519 702 1642 744; x_wconf 90' lang='lat' dir='ltr'>dolo-</span> 
     </span>
     <span class='ocr_line' id='line_1_11' title="bbox 209 758 1643 814; baseline 0.001 -16"><span class='ocrx_word' id='word_1_78' title='bbox 209 758 280 799; x_wconf 87' lang='lat' dir='ltr'>ris.</span> <span class='ocrx_word' id='word_1_79' title='bbox 311 758 355 800; x_wconf 91' lang='lat' dir='ltr'>hi</span> <span class='ocrx_word' id='word_1_80' title='bbox 389 775 475 800; x_wconf 90' lang='lat' dir='ltr'>non</span> <span class='ocrx_word' id='word_1_81' title='bbox 506 759 712 808; x_wconf 86' lang='lat' dir='ltr'>viderunt,</span> <span class='ocrx_word' id='word_1_82' title='bbox 742 768 792 800; x_wconf 85' lang='lat' dir='ltr'>ut</span> <span class='ocrx_word' id='word_1_83' title='bbox 823 758 876 799; x_wconf 88' lang='lat' dir='ltr'>ad</span> <span class='ocrx_word' id='word_1_84' title='bbox 909 774 1094 808; x_wconf 88' lang='lat' dir='ltr'>cursum,</span> <span class='ocrx_word' id='word_1_85' title='bbox 1123 773 1307 814; x_wconf 82' lang='lat' dir='ltr'>equum3</span> <span class='ocrx_word' id='word_1_86' title='bbox 1339 758 1393 800; x_wconf 90' lang='lat' dir='ltr'>ad</span> <span class='ocrx_word' id='word_1_87' title='bbox 1423 759 1643 810; x_wconf 87' lang='lat' dir='ltr'>arandum,</span> 
     </span>
     <span class='ocr_line' id='line_1_12' title="bbox 145 814 1644 871; baseline 0.001 -16"><span class='ocrx_word' id='word_1_88' title='bbox 145 815 360 863; x_wconf 75' lang='lat' dir='ltr'>40bovem</span> <span class='ocrx_word' id='word_1_89' title='bbox 375 832 386 865; x_wconf 84' lang='lat'>3</span> <span class='ocrx_word' id='word_1_90' title='bbox 418 815 470 856; x_wconf 88' lang='lat' dir='ltr'>ad</span> <span class='ocrx_word' id='word_1_91' title='bbox 499 815 801 871; x_wconf 81' lang='lat' dir='ltr'>indagandum,</span> <span class='ocrx_word' id='word_1_92' title='bbox 822 830 996 857; x_wconf 85' lang='lat' dir='ltr'>canem:</span> <span class='ocrx_word' id='word_1_93' title='bbox 1029 815 1098 856; x_wconf 86' lang='lat' dir='ltr'>Sic</span> <span class='ocrx_word' id='word_1_94' title='bbox 1127 815 1342 856; x_wconf 88' lang='lat' dir='ltr'>hominem</span> <span class='ocrx_word' id='word_1_95' title='bbox 1365 814 1419 855; x_wconf 86' lang='lat' dir='ltr'>ad</span> <span class='ocrx_word' id='word_1_96' title='bbox 1440 815 1543 856; x_wconf 88' lang='lat' dir='ltr'>duas</span> <span class='ocrx_word' id='word_1_97' title='bbox 1565 830 1644 866; x_wconf 63' lang='grc' dir='ltr'>τετε,</span> 
     </span>
     <span class='ocr_line' id='line_1_13' title="bbox 209 871 1644 928; baseline 0.001 -16"><span class='ocrx_word' id='word_1_98' title='bbox 209 880 256 912; x_wconf 86' lang='lat' dir='ltr'>ut</span> <span class='ocrx_word' id='word_1_99' title='bbox 276 872 335 912; x_wconf 87' lang='lat' dir='ltr'>ait</span> <span class='ocrx_word' id='word_1_100' title='bbox 354 872 624 922; x_wconf 85' lang='lat' dir='ltr'>Aristoteles,</span> <span class='ocrx_word' id='word_1_101' title='bbox 647 880 684 908; x_wconf 86' lang='lat'>7⁵</span> <span class='ocrx_word' id='word_1_102' title='bbox 700 871 754 913; x_wconf 85' lang='lat' dir='ltr'>ad</span> <span class='ocrx_word' id='word_1_103' title='bbox 782 871 1121 927; x_wconf 85' lang='lat' dir='ltr'>intelligendum,</span> <span class='ocrx_word' id='word_1_104' title='bbox 1155 881 1198 913; x_wconf 91' lang='lat' dir='ltr'>et</span> <span class='ocrx_word' id='word_1_105' title='bbox 1227 871 1279 912; x_wconf 86' lang='lat' dir='ltr'>ad</span> <span class='ocrx_word' id='word_1_106' title='bbox 1309 871 1522 928; x_wconf 85' lang='lat' dir='ltr'>agendum</span> <span class='ocrx_word' id='word_1_107' title='bbox 1553 886 1644 914; x_wconf 85' lang='lat' dir='ltr'>esse</span> 
     </span>
     <span class='ocr_line' id='line_1_14' title="bbox 209 928 1643 984; baseline 0.001 -16"><span class='ocrx_word' id='word_1_108' title='bbox 209 937 370 979; x_wconf 87' lang='lat' dir='ltr'>natum,</span> <span class='ocrx_word' id='word_1_109' title='bbox 406 929 524 984; x_wconf 84' lang='lat' dir='ltr'>quasi</span> <span class='ocrx_word' id='word_1_110' title='bbox 560 929 784 970; x_wconf 77' lang='lat' dir='ltr'>mortalem</span> <span class='ocrx_word' id='word_1_111' title='bbox 819 928 946 969; x_wconf 89' lang='lat' dir='ltr'>deum</span> <span class='ocrx_word' id='word_1_112' title='bbox 967 945 976 969; x_wconf 75' lang='grc' dir='ltr'><strong><em>ε</em></strong></span> <span class='ocrx_word' id='word_1_113' title='bbox 1009 938 1254 984; x_wconf 85' lang='lat' dir='ltr'>contraque,</span> <span class='ocrx_word' id='word_1_114' title='bbox 1287 937 1336 969; x_wconf 88' lang='lat' dir='ltr'>ut</span> <span class='ocrx_word' id='word_1_115' title='bbox 1368 928 1531 969; x_wconf 86' lang='lat' dir='ltr'>tardam</span> <span class='ocrx_word' id='word_1_116' title='bbox 1565 929 1643 970; x_wconf 85' lang='lat' dir='ltr'>ali-</span> 
     </span>
     <span class='ocr_line' id='line_1_15' title="bbox 208 984 1644 1041; baseline 0.001 -16"><span class='ocrx_word' id='word_1_117' title='bbox 208 999 351 1041; x_wconf 84' lang='lat' dir='ltr'>quam,</span> <span class='ocrx_word' id='word_1_118' title='bbox 371 993 412 1025; x_wconf 87' lang='lat' dir='ltr'>et</span> <span class='ocrx_word' id='word_1_119' title='bbox 434 985 677 1040; x_wconf 85' lang='lat' dir='ltr'>languidam</span> <span class='ocrx_word' id='word_1_120' title='bbox 699 985 920 1041; x_wconf 87' lang='lat' dir='ltr'>pecudem,</span> <span class='ocrx_word' id='word_1_121' title='bbox 946 985 1000 1026; x_wconf 87' lang='lat' dir='ltr'>ad</span> <span class='ocrx_word' id='word_1_122' title='bbox 1030 994 1211 1040; x_wconf 89' lang='lat' dir='ltr'>pastum,</span> <span class='ocrx_word' id='word_1_123' title='bbox 1243 993 1285 1026; x_wconf 87' lang='lat' dir='ltr'>et</span> <span class='ocrx_word' id='word_1_124' title='bbox 1311 984 1364 1025; x_wconf 88' lang='lat' dir='ltr'>ad</span> <span class='ocrx_word' id='word_1_125' title='bbox 1395 985 1644 1040; x_wconf 88' lang='lat' dir='ltr'>procreandi</span> 
     </span>
     <span class='ocr_line' id='line_1_16' title="bbox 206 1041 1643 1096; baseline 0.001 -15"><span class='ocrx_word' id='word_1_126' title='bbox 206 1042 480 1096; x_wconf 83' lang='lat' dir='ltr'>voluptatem,</span> <span class='ocrx_word' id='word_1_127' title='bbox 503 1047 542 1078; x_wconf 86' lang='grc'>76</span> <span class='ocrx_word' id='word_1_128' title='bbox 556 1043 615 1083; x_wconf 87' lang='lat' dir='ltr'>sic</span> <span class='ocrx_word' id='word_1_129' title='bbox 644 1042 726 1083; x_wconf 92' lang='lat' dir='ltr'>hoc</span> <span class='ocrx_word' id='word_1_130' title='bbox 746 1042 934 1083; x_wconf 86' lang='lat' dir='ltr'>divinum</span> <span class='ocrx_word' id='word_1_131' title='bbox 964 1042 1119 1083; x_wconf 90' lang='lat' dir='ltr'>animal</span> <span class='ocrx_word' id='word_1_132' title='bbox 1139 1051 1278 1083; x_wconf 87' lang='lat' dir='ltr'>ortum</span> <span class='ocrx_word' id='word_1_133' title='bbox 1298 1055 1388 1083; x_wconf 88' lang='lat' dir='ltr'>esse</span> <span class='ocrx_word' id='word_1_134' title='bbox 1409 1041 1643 1083; x_wconf 88' lang='lat' dir='ltr'>voluerunt.</span> 
     </span>
     <span class='ocr_line' id='line_1_17' title="bbox 142 1098 1644 1154; baseline -0.003 -12"><span class='ocrx_word' id='word_1_135' title='bbox 142 1110 293 1154; x_wconf 81' lang='lat' dir='ltr'>41quo</span> <span class='ocrx_word' id='word_1_136' title='bbox 329 1098 432 1139; x_wconf 85' lang='lat' dir='ltr'>nihil</span> <span class='ocrx_word' id='word_1_137' title='bbox 464 1098 569 1139; x_wconf 83' lang='lat' dir='ltr'>mihi</span> <span class='ocrx_word' id='word_1_138' title='bbox 601 1099 764 1140; x_wconf 89' lang='lat' dir='ltr'>videtur</span> <span class='ocrx_word' id='word_1_139' title='bbox 793 1098 1029 1140; x_wconf 85' lang='lat' dir='ltr'>absurdius.</span> <span class='ocrx_word' id='word_1_140' title='bbox 1088 1098 1233 1154; x_wconf 86' lang='lat' dir='ltr'>Atque</span> <span class='ocrx_word' id='word_1_141' title='bbox 1263 1098 1354 1138; x_wconf 76' lang='lat' dir='ltr'>haec</span> <span class='ocrx_word' id='word_1_142' title='bbox 1375 1106 1524 1138; x_wconf 86' lang='lat' dir='ltr'>contra</span> <span class='ocrx_word' id='word_1_143' title='bbox 1542 1098 1644 1139; x_wconf 87' lang='lat' dir='ltr'>Ari-</span> 
     </span>
     <span class='ocr_line' id='line_1_18' title="bbox 207 1154 1642 1211; baseline 0.001 -17"><span class='ocrx_word' id='word_1_144' title='bbox 207 1155 408 1210; x_wconf 85' lang='lat' dir='ltr'>stippum,</span> <span class='ocrx_word' id='word_1_145' title='bbox 429 1155 501 1211; x_wconf 90' lang='lat' dir='ltr'>qui</span> <span class='ocrx_word' id='word_1_146' title='bbox 521 1170 615 1195; x_wconf 88' lang='lat' dir='ltr'>eam</span> <span class='ocrx_word' id='word_1_147' title='bbox 635 1155 893 1210; x_wconf 89' lang='lat' dir='ltr'>voluptatem</span> <span class='ocrx_word' id='word_1_148' title='bbox 916 1170 998 1196; x_wconf 90' lang='lat' dir='ltr'>non</span> <span class='ocrx_word' id='word_1_149' title='bbox 1019 1154 1149 1196; x_wconf 89' lang='lat' dir='ltr'>modo</span> <span class='ocrx_word' id='word_1_150' title='bbox 1172 1162 1208 1191; x_wconf 92' lang='grc'>77</span> <span class='ocrx_word' id='word_1_151' title='bbox 1229 1169 1455 1204; x_wconf 87' lang='lat' dir='ltr'>summam,</span> <span class='ocrx_word' id='word_1_152' title='bbox 1476 1154 1549 1195; x_wconf 90' lang='lat' dir='ltr'>sed</span> <span class='ocrx_word' id='word_1_153' title='bbox 1571 1170 1642 1196; x_wconf 89' lang='lat' dir='ltr'>so-</span> 
     </span>
     <span class='ocr_line' id='line_1_19' title="bbox 207 1209 1644 1267; baseline 0.001 -15"><span class='ocrx_word' id='word_1_154' title='bbox 207 1211 290 1252; x_wconf 83' lang='lat' dir='ltr'>lam</span> <span class='ocrx_word' id='word_1_155' title='bbox 311 1212 439 1252; x_wconf 83' lang='lat' dir='ltr'>etiam</span> <span class='ocrx_word' id='word_1_156' title='bbox 461 1211 597 1252; x_wconf 88' lang='lat' dir='ltr'>ducit:</span> <span class='ocrx_word' id='word_1_157' title='bbox 622 1227 748 1267; x_wconf 86' lang='lat' dir='ltr'>quam</span> <span class='ocrx_word' id='word_1_158' title='bbox 770 1225 916 1252; x_wconf 87' lang='lat' dir='ltr'>omnes</span> <span class='ocrx_word' id='word_1_159' title='bbox 936 1227 1064 1252; x_wconf 88' lang='lat' dir='ltr'>unam</span> <span class='ocrx_word' id='word_1_160' title='bbox 1084 1211 1346 1266; x_wconf 88' lang='lat' dir='ltr'>appellamus</span> <span class='ocrx_word' id='word_1_161' title='bbox 1366 1209 1644 1265; x_wconf 84' lang='lat' dir='ltr'>voluptatem.</span> 
     </span>
     <span class='ocr_line' id='line_1_20' title="bbox 205 1267 1643 1323; baseline 0.001 -15"><span class='ocrx_word' id='word_1_162' title='bbox 205 1268 325 1308; x_wconf 89' lang='lat' dir='ltr'>aliter</span> <span class='ocrx_word' id='word_1_163' title='bbox 344 1277 485 1309; x_wconf 91' lang='lat' dir='ltr'>autem</span> <span class='ocrx_word' id='word_1_164' title='bbox 507 1269 626 1309; x_wconf 90' lang='lat' dir='ltr'>vobis</span> <span class='ocrx_word' id='word_1_165' title='bbox 646 1268 799 1323; x_wconf 86' lang='lat' dir='ltr'>placet.</span> <span class='ocrx_word' id='word_1_166' title='bbox 831 1268 905 1308; x_wconf 89' lang='lat' dir='ltr'>sed</span> <span class='ocrx_word' id='word_1_167' title='bbox 935 1268 1022 1317; x_wconf 89' lang='lat' dir='ltr'>ille,</span> <span class='ocrx_word' id='word_1_168' title='bbox 1050 1276 1098 1309; x_wconf 91' lang='lat' dir='ltr'>ut</span> <span class='ocrx_word' id='word_1_169' title='bbox 1121 1268 1222 1318; x_wconf 80' lang='lat' dir='ltr'>dixi,</span> <span class='ocrx_word' id='word_1_170' title='bbox 1243 1267 1402 1307; x_wconf 89' lang='lat' dir='ltr'>vitiose.</span> <span class='ocrx_word' id='word_1_171' title='bbox 1434 1280 1511 1307; x_wconf 89' lang='lat' dir='ltr'>nec</span> <span class='ocrx_word' id='word_1_172' title='bbox 1531 1268 1643 1309; x_wconf 88' lang='lat' dir='ltr'>enim</span> 
     </span>
     <span class='ocr_line' id='line_1_21' title="bbox 208 1322 1643 1380; baseline 0 -15"><span class='ocrx_word' id='word_1_173' title='bbox 208 1324 343 1379; x_wconf 82' lang='lat' dir='ltr'>figura</span> <span class='ocrx_word' id='word_1_174' title='bbox 362 1324 567 1380; x_wconf 86' lang='lat' dir='ltr'>corporis,</span> <span class='ocrx_word' id='word_1_175' title='bbox 588 1339 665 1365; x_wconf 89' lang='lat' dir='ltr'>nec</span> <span class='ocrx_word' id='word_1_176' title='bbox 687 1324 793 1365; x_wconf 89' lang='lat' dir='ltr'>ratio</span> <span class='ocrx_word' id='word_1_177' title='bbox 813 1324 1018 1365; x_wconf 87' lang='lat' dir='ltr'>excellens</span> <span class='ocrx_word' id='word_1_178' title='bbox 1039 1323 1196 1379; x_wconf 87' lang='lat' dir='ltr'>ingenii</span> <span class='ocrx_word' id='word_1_179' title='bbox 1225 1322 1397 1364; x_wconf 90' lang='lat' dir='ltr'>humani</span> <span class='ocrx_word' id='word_1_180' title='bbox 1419 1322 1643 1378; x_wconf 85' lang='lat' dir='ltr'>significat,</span> 
     </span>
     <span class='ocr_line' id='line_1_22' title="bbox 205 1379 1644 1435; baseline 0.001 -15"><span class='ocrx_word' id='word_1_181' title='bbox 205 1380 258 1421; x_wconf 87' lang='lat' dir='ltr'>ad</span> <span class='ocrx_word' id='word_1_182' title='bbox 287 1380 395 1422; x_wconf 88' lang='lat' dir='ltr'>hanc</span> <span class='ocrx_word' id='word_1_183' title='bbox 415 1395 543 1422; x_wconf 86' lang='lat' dir='ltr'>unam</span> <span class='ocrx_word' id='word_1_184' title='bbox 566 1395 652 1421; x_wconf 90' lang='lat' dir='ltr'>rem</span> <span class='ocrx_word' id='word_1_185' title='bbox 679 1390 824 1421; x_wconf 87' lang='lat' dir='ltr'>natum</span> <span class='ocrx_word' id='word_1_186' title='bbox 856 1380 1090 1430; x_wconf 87' lang='lat' dir='ltr'>hominem,</span> <span class='ocrx_word' id='word_1_187' title='bbox 1112 1388 1159 1420; x_wconf 92' lang='lat' dir='ltr'>ut</span> <span class='ocrx_word' id='word_1_188' title='bbox 1189 1379 1394 1420; x_wconf 86' lang='lat' dir='ltr'>frueretur</span> <span class='ocrx_word' id='word_1_189' title='bbox 1415 1380 1644 1435; x_wconf 87' lang='lat' dir='ltr'>voluptati-</span> 
     </span>
     <span class='ocr_line' id='line_1_23' title="bbox 203 1436 1643 1493; baseline 0.001 -16"><span class='ocrx_word' id='word_1_190' title='bbox 203 1436 297 1478; x_wconf 90' lang='lat' dir='ltr'>bus.</span> <span class='ocrx_word' id='word_1_191' title='bbox 337 1438 433 1479; x_wconf 90' lang='lat' dir='ltr'>Nec</span> <span class='ocrx_word' id='word_1_192' title='bbox 452 1452 550 1478; x_wconf 88' lang='lat' dir='ltr'>vero</span> <span class='ocrx_word' id='word_1_193' title='bbox 571 1437 803 1479; x_wconf 88' lang='lat' dir='ltr'>audiendus</span> <span class='ocrx_word' id='word_1_194' title='bbox 823 1439 1136 1493; x_wconf 88' lang='lat' dir='ltr'>Hieronymus:</span> <span class='ocrx_word' id='word_1_195' title='bbox 1158 1437 1226 1477; x_wconf 91' lang='lat' dir='ltr'>cui</span> <span class='ocrx_word' id='word_1_196' title='bbox 1246 1450 1460 1477; x_wconf 88' lang='lat' dir='ltr'>summum</span> <span class='ocrx_word' id='word_1_197' title='bbox 1481 1436 1643 1478; x_wconf 89' lang='lat' dir='ltr'>bonum</span> 
     </span>
     <span class='ocr_line' id='line_1_24' title="bbox 204 1492 1643 1550; baseline 0.001 -16"><span class='ocrx_word' id='word_1_198' title='bbox 204 1501 269 1534; x_wconf 90' lang='lat' dir='ltr'>est</span> <span class='ocrx_word' id='word_1_199' title='bbox 290 1493 416 1543; x_wconf 89' lang='lat' dir='ltr'>idem,</span> <span class='ocrx_word' id='word_1_200' title='bbox 437 1494 554 1550; x_wconf 92' lang='lat' dir='ltr'>quod</span> <span class='ocrx_word' id='word_1_201' title='bbox 574 1509 646 1535; x_wconf 91' lang='lat' dir='ltr'>vos</span> <span class='ocrx_word' id='word_1_202' title='bbox 668 1494 893 1545; x_wconf 88' lang='lat' dir='ltr'>interdum,</span> <span class='ocrx_word' id='word_1_203' title='bbox 912 1494 975 1534; x_wconf 89' lang='lat' dir='ltr'>vel</span> <span class='ocrx_word' id='word_1_204' title='bbox 996 1494 1137 1549; x_wconf 89' lang='lat' dir='ltr'>potius</span> <span class='ocrx_word' id='word_1_205' title='bbox 1157 1493 1335 1533; x_wconf 86' lang='lat' dir='ltr'>nimium</span> <span class='ocrx_word' id='word_1_206' title='bbox 1357 1506 1470 1548; x_wconf 88' lang='lat' dir='ltr'>saepe</span> <span class='ocrx_word' id='word_1_207' title='bbox 1490 1492 1643 1544; x_wconf 88' lang='lat' dir='ltr'>dicitis,</span> 
     </span>
     <span class='ocr_line' id='line_1_25' title="bbox 204 1549 1643 1601; baseline 0.001 -11"><span class='ocrx_word' id='word_1_208' title='bbox 204 1550 309 1591; x_wconf 88' lang='lat' dir='ltr'>nihil</span> <span class='ocrx_word' id='word_1_209' title='bbox 330 1550 487 1592; x_wconf 83' lang='lat' dir='ltr'>dolere.</span> <span class='ocrx_word' id='word_1_210' title='bbox 518 1566 604 1591; x_wconf 92' lang='lat' dir='ltr'>non</span> <span class='ocrx_word' id='word_1_211' title='bbox 631 1551 758 1601; x_wconf 89' lang='lat' dir='ltr'>enim,</span> <span class='ocrx_word' id='word_1_212' title='bbox 792 1551 825 1591; x_wconf 92' lang='lat' dir='ltr'>si</span> <span class='ocrx_word' id='word_1_213' title='bbox 857 1550 1015 1591; x_wconf 85' lang='lat' dir='ltr'>malum</span> <span class='ocrx_word' id='word_1_214' title='bbox 1048 1549 1170 1591; x_wconf 90' lang='lat' dir='ltr'>dolor</span> <span class='ocrx_word' id='word_1_215' title='bbox 1197 1558 1275 1598; x_wconf 86' lang='lat' dir='ltr'>est,</span> <span class='ocrx_word' id='word_1_216' title='bbox 1295 1562 1435 1590; x_wconf 87' lang='lat' dir='ltr'>carere</span> <span class='ocrx_word' id='word_1_217' title='bbox 1457 1563 1508 1590; x_wconf 91' lang='lat' dir='ltr'>eo</span> <span class='ocrx_word' id='word_1_218' title='bbox 1529 1550 1643 1592; x_wconf 87' lang='lat' dir='ltr'>malo</span> 
     </span>
     <span class='ocr_line' id='line_1_26' title="bbox 206 1605 1486 1662; baseline -0.002 -14"><span class='ocrx_word' id='word_1_219' title='bbox 206 1606 305 1648; x_wconf 84' lang='lat' dir='ltr'>satis</span> <span class='ocrx_word' id='word_1_220' title='bbox 327 1615 392 1648; x_wconf 88' lang='lat' dir='ltr'>est</span> <span class='ocrx_word' id='word_1_221' title='bbox 409 1607 463 1648; x_wconf 90' lang='lat' dir='ltr'>ad</span> <span class='ocrx_word' id='word_1_222' title='bbox 482 1607 591 1648; x_wconf 89' lang='lat' dir='ltr'>bene</span> <span class='ocrx_word' id='word_1_223' title='bbox 611 1607 846 1648; x_wconf 88' lang='lat' dir='ltr'>vivendum.</span> <span class='ocrx_word' id='word_1_224' title='bbox 878 1607 960 1648; x_wconf 89' lang='lat' dir='ltr'>hoc</span> <span class='ocrx_word' id='word_1_225' title='bbox 980 1607 1130 1647; x_wconf 83' lang='lat' dir='ltr'>dixerit</span> <span class='ocrx_word' id='word_1_226' title='bbox 1150 1605 1292 1662; x_wconf 89' lang='lat' dir='ltr'>potius</span> <span class='ocrx_word' id='word_1_227' title='bbox 1311 1606 1486 1656; x_wconf 86' lang='lat' dir='ltr'>Ennius,</span> 
     </span>
    </p>
   </div>
   <div class='ocr_carea' id='block_1_3' title="bbox 313 1703 988 1747">
    <p class='ocr_par' dir='ltr' id='par_1_3' title="bbox 313 1703 988 1747">
     <span class='ocr_line' id='line_1_27' title="bbox 313 1703 988 1747; baseline 0 -7"><span class='ocrx_word' id='word_1_228' title='bbox 313 1704 467 1741; x_wconf 75' lang='lat' dir='ltr'>Nimium</span> <span class='ocrx_word' id='word_1_229' title='bbox 487 1703 560 1740; x_wconf 79' lang='lat' dir='ltr'>boni</span> <span class='ocrx_word' id='word_1_230' title='bbox 578 1715 640 1747; x_wconf 79' lang='lat' dir='ltr'>est,</span> <span class='ocrx_word' id='word_1_231' title='bbox 653 1704 707 1740; x_wconf 81' lang='lat' dir='ltr'>cni</span> <span class='ocrx_word' id='word_1_232' title='bbox 726 1703 813 1740; x_wconf 76' lang='lat' dir='ltr'>nihil</span> <span class='ocrx_word' id='word_1_233' title='bbox 827 1712 877 1740; x_wconf 76' lang='lat' dir='ltr'>est</span> <span class='ocrx_word' id='word_1_234' title='bbox 893 1703 988 1740; x_wconf 77' lang='lat' dir='ltr'>mali.</span> 
     </span>
    </p>
   </div>
   <div class='ocr_carea' id='block_1_4' title="bbox 143 1785 1644 2524">
    <p class='ocr_par' dir='ltr' id='par_1_4' title="bbox 143 1785 1644 2524">
     <span class='ocr_line' id='line_1_28' title="bbox 205 1785 1642 1843; baseline -0.002 -13"><span class='ocrx_word' id='word_1_235' title='bbox 205 1789 299 1830; x_wconf 91' lang='lat' dir='ltr'>Nos</span> <span class='ocrx_word' id='word_1_236' title='bbox 319 1789 486 1830; x_wconf 88' lang='lat' dir='ltr'>beatam</span> <span class='ocrx_word' id='word_1_237' title='bbox 503 1788 631 1830; x_wconf 89' lang='lat' dir='ltr'>vitam</span> <span class='ocrx_word' id='word_1_238' title='bbox 656 1803 740 1829; x_wconf 92' lang='lat' dir='ltr'>non</span> <span class='ocrx_word' id='word_1_239' title='bbox 763 1787 1010 1843; x_wconf 83' lang='lat' dir='ltr'>depulsione</span> <span class='ocrx_word' id='word_1_240' title='bbox 1040 1786 1155 1837; x_wconf 88' lang='lat' dir='ltr'>mali,</span> <span class='ocrx_word' id='word_1_241' title='bbox 1186 1785 1258 1827; x_wconf 90' lang='lat' dir='ltr'>sed</span> <span class='ocrx_word' id='word_1_242' title='bbox 1288 1785 1512 1842; x_wconf 87' lang='lat' dir='ltr'>adeptione</span> <span class='ocrx_word' id='word_1_243' title='bbox 1540 1785 1642 1827; x_wconf 92' lang='lat' dir='ltr'>boni</span> 
     </span>
     <span class='ocr_line' id='line_1_29' title="bbox 198 1842 1641 1902; baseline -0.002 -16"><span class='ocrx_word' id='word_1_244' title='bbox 198 1844 441 1902; x_wconf 84' lang='lat' dir='ltr'>judicemus</span> <span class='ocrx_word' id='word_1_245' title='bbox 463 1862 472 1886; x_wconf 88' lang='lat'>:</span> <span class='ocrx_word' id='word_1_246' title='bbox 505 1859 581 1886; x_wconf 88' lang='lat' dir='ltr'>nec</span> <span class='ocrx_word' id='word_1_247' title='bbox 611 1859 705 1886; x_wconf 85' lang='lat' dir='ltr'>eam</span> <span class='ocrx_word' id='word_1_248' title='bbox 736 1843 955 1894; x_wconf 85' lang='lat' dir='ltr'>cessando,</span> <span class='ocrx_word' id='word_1_249' title='bbox 978 1843 1061 1884; x_wconf 86' lang='lat' dir='ltr'>sive</span> <span class='ocrx_word' id='word_1_250' title='bbox 1088 1842 1362 1899; x_wconf 82' lang='lat' dir='ltr'>gaudentem,</span> <span class='ocrx_word' id='word_1_251' title='bbox 1382 1851 1431 1883; x_wconf 91' lang='lat' dir='ltr'>ut</span> <span class='ocrx_word' id='word_1_252' title='bbox 1456 1842 1641 1898; x_wconf 87' lang='lat' dir='ltr'>Aristip-</span> 
     </span>
     <span class='ocr_line' id='line_1_30' title="bbox 207 1898 1643 1957; baseline -0.002 -14"><span class='ocrx_word' id='word_1_253' title='bbox 207 1916 286 1957; x_wconf 89' lang='lat' dir='ltr'>pus</span> <span class='ocrx_word' id='word_1_254' title='bbox 304 1918 315 1952; x_wconf 84' lang='lat'>3</span> <span class='ocrx_word' id='word_1_255' title='bbox 348 1903 431 1943; x_wconf 90' lang='lat' dir='ltr'>sive</span> <span class='ocrx_word' id='word_1_256' title='bbox 452 1917 534 1942; x_wconf 88' lang='lat' dir='ltr'>non</span> <span class='ocrx_word' id='word_1_257' title='bbox 557 1901 786 1952; x_wconf 80' lang='lat' dir='ltr'>dolentem,</span> <span class='ocrx_word' id='word_1_258' title='bbox 805 1908 854 1941; x_wconf 83' lang='lat' dir='ltr'>ut</span> <span class='ocrx_word' id='word_1_259' title='bbox 884 1900 951 1940; x_wconf 86' lang='lat' dir='ltr'>hic</span> <span class='ocrx_word' id='word_1_260' title='bbox 971 1917 980 1940; x_wconf 75' lang='grc' dir='ltr'><strong><em>ε</em></strong></span> <span class='ocrx_word' id='word_1_261' title='bbox 1013 1899 1086 1940; x_wconf 90' lang='lat' dir='ltr'>sed</span> <span class='ocrx_word' id='word_1_262' title='bbox 1115 1899 1281 1955; x_wconf 85' lang='lat' dir='ltr'>agendo</span> <span class='ocrx_word' id='word_1_263' title='bbox 1307 1898 1481 1954; x_wconf 86' lang='lat' dir='ltr'>aliquid,</span> <span class='ocrx_word' id='word_1_264' title='bbox 1502 1899 1643 1940; x_wconf 88' lang='lat' dir='ltr'>consi-</span> 
     </span>
     <span class='ocr_line' id='line_1_31' title="bbox 143 1955 1643 2014; baseline -0.003 -13"><span class='ocrx_word' id='word_1_265' title='bbox 143 1967 195 2001; x_wconf 78' lang='grc'>42</span> <span class='ocrx_word' id='word_1_266' title='bbox 208 1957 443 2000; x_wconf 88' lang='lat' dir='ltr'>derandove</span> <span class='ocrx_word' id='word_1_267' title='bbox 464 1972 716 2014; x_wconf 70' lang='lat' dir='ltr'>quaeramus.</span> <span class='ocrx_word' id='word_1_268' title='bbox 775 1958 886 1999; x_wconf 75' lang='lat' dir='ltr'>Quae</span> <span class='ocrx_word' id='word_1_269' title='bbox 916 1966 1093 2012; x_wconf 85' lang='lat' dir='ltr'>possunt</span> <span class='ocrx_word' id='word_1_270' title='bbox 1117 1955 1262 1997; x_wconf 86' lang='lat' dir='ltr'>eadem</span> <span class='ocrx_word' id='word_1_271' title='bbox 1286 1965 1434 1996; x_wconf 87' lang='lat' dir='ltr'>contra</span> <span class='ocrx_word' id='word_1_272' title='bbox 1456 1955 1643 1997; x_wconf 88' lang='lat' dir='ltr'>Carnea-</span> 
     </span>
     <span class='ocr_line' id='line_1_32' title="bbox 207 2012 1642 2068; baseline -0.001 -12"><span class='ocrx_word' id='word_1_273' title='bbox 207 2014 335 2056; x_wconf 83' lang='lat' dir='ltr'>deum</span> <span class='ocrx_word' id='word_1_274' title='bbox 354 2015 458 2056; x_wconf 88' lang='lat' dir='ltr'>illud</span> <span class='ocrx_word' id='word_1_275' title='bbox 478 2030 693 2056; x_wconf 86' lang='lat' dir='ltr'>summum</span> <span class='ocrx_word' id='word_1_276' title='bbox 714 2014 875 2055; x_wconf 89' lang='lat' dir='ltr'>bonum</span> <span class='ocrx_word' id='word_1_277' title='bbox 904 2013 1012 2054; x_wconf 89' lang='lat' dir='ltr'>dici:</span> <span class='ocrx_word' id='word_1_278' title='bbox 1044 2012 1160 2068; x_wconf 91' lang='lat' dir='ltr'>quod</span> <span class='ocrx_word' id='word_1_279' title='bbox 1185 2012 1218 2053; x_wconf 90' lang='lat' dir='ltr'>is</span> <span class='ocrx_word' id='word_1_280' title='bbox 1245 2027 1330 2053; x_wconf 89' lang='lat' dir='ltr'>non</span> <span class='ocrx_word' id='word_1_281' title='bbox 1353 2020 1455 2062; x_wconf 82' lang='lat' dir='ltr'>tam,</span> <span class='ocrx_word' id='word_1_282' title='bbox 1477 2020 1523 2053; x_wconf 92' lang='lat' dir='ltr'>ut</span> <span class='ocrx_word' id='word_1_283' title='bbox 1543 2026 1642 2067; x_wconf 90' lang='lat' dir='ltr'>pro-</span> 
     </span>
     <span class='ocr_line' id='line_1_33' title="bbox 207 2067 1642 2127; baseline -0.002 -14"><span class='ocrx_word' id='word_1_284' title='bbox 207 2071 342 2123; x_wconf 84' lang='lat' dir='ltr'>baret,</span> <span class='ocrx_word' id='word_1_285' title='bbox 363 2072 539 2127; x_wconf 84' lang='lat' dir='ltr'>protulit</span> <span class='ocrx_word' id='word_1_286' title='bbox 557 2088 567 2121; x_wconf 96' lang='lat'>;</span> <span class='ocrx_word' id='word_1_287' title='bbox 599 2086 723 2127; x_wconf 73' lang='lat' dir='ltr'>quani</span> <span class='ocrx_word' id='word_1_288' title='bbox 744 2080 793 2112; x_wconf 89' lang='lat' dir='ltr'>ut</span> <span class='ocrx_word' id='word_1_289' title='bbox 812 2071 980 2120; x_wconf 84' lang='lat' dir='ltr'>Stoicis,</span> <span class='ocrx_word' id='word_1_290' title='bbox 1000 2070 1250 2125; x_wconf 90' lang='lat' dir='ltr'>quibuscum</span> <span class='ocrx_word' id='word_1_291' title='bbox 1271 2068 1431 2109; x_wconf 85' lang='lat' dir='ltr'>bellum</span> <span class='ocrx_word' id='word_1_292' title='bbox 1451 2067 1642 2123; x_wconf 87' lang='lat' dir='ltr'>gerebat,</span> 
     </span>
     <span class='ocr_line' id='line_1_34' title="bbox 207 2123 1640 2185; baseline -0.003 -15"><span class='ocrx_word' id='word_1_293' title='bbox 207 2138 458 2185; x_wconf 83' lang='lat' dir='ltr'>opponeret.</span> <span class='ocrx_word' id='word_1_294' title='bbox 517 2128 568 2169; x_wconf 87' lang='lat' dir='ltr'>Id</span> <span class='ocrx_word' id='word_1_295' title='bbox 588 2137 727 2168; x_wconf 85' lang='lat' dir='ltr'>autem</span> <span class='ocrx_word' id='word_1_296' title='bbox 747 2127 956 2182; x_wconf 85' lang='lat' dir='ltr'>ejusmodi</span> <span class='ocrx_word' id='word_1_297' title='bbox 976 2136 1054 2176; x_wconf 89' lang='lat' dir='ltr'>est,</span> <span class='ocrx_word' id='word_1_298' title='bbox 1074 2134 1121 2167; x_wconf 87' lang='lat' dir='ltr'>ut</span> <span class='ocrx_word' id='word_1_299' title='bbox 1141 2125 1331 2166; x_wconf 87' lang='lat' dir='ltr'>additum</span> <span class='ocrx_word' id='word_1_300' title='bbox 1351 2123 1405 2165; x_wconf 84' lang='lat' dir='ltr'>ad</span> <span class='ocrx_word' id='word_1_301' title='bbox 1424 2124 1640 2176; x_wconf 83' lang='lat' dir='ltr'>virtutem,</span> 
     </span>
     <span class='ocr_line' id='line_1_35' title="bbox 209 2180 1643 2237; baseline -0.004 -10"><span class='ocrx_word' id='word_1_302' title='bbox 209 2185 507 2227; x_wconf 85' lang='lat' dir='ltr'>auctoritatem</span> <span class='ocrx_word' id='word_1_303' title='bbox 543 2185 730 2226; x_wconf 86' lang='lat' dir='ltr'>videatur</span> <span class='ocrx_word' id='word_1_304' title='bbox 763 2184 1021 2234; x_wconf 87' lang='lat' dir='ltr'>habiturum,</span> <span class='ocrx_word' id='word_1_305' title='bbox 1052 2193 1096 2224; x_wconf 87' lang='lat' dir='ltr'>et</span> <span class='ocrx_word' id='word_1_306' title='bbox 1129 2181 1390 2237; x_wconf 84' lang='lat' dir='ltr'>expleturum</span> <span class='ocrx_word' id='word_1_307' title='bbox 1427 2180 1643 2222; x_wconf 83' lang='lat' dir='ltr'>cumulate</span> 
     </span>
     <span class='ocr_line' id='line_1_36' title="bbox 163 2237 1642 2296; baseline -0.001 -15"><span class='ocrx_word' id='word_1_308' title='bbox 163 2242 337 2283; x_wconf 53' lang='lat' dir='ltr'>avitam</span> <span class='ocrx_word' id='word_1_309' title='bbox 358 2243 555 2283; x_wconf 86' lang='lat' dir='ltr'>beatam:</span> <span class='ocrx_word' id='word_1_310' title='bbox 588 2242 640 2283; x_wconf 92' lang='lat' dir='ltr'>de</span> <span class='ocrx_word' id='word_1_311' title='bbox 667 2256 751 2296; x_wconf 90' lang='lat' dir='ltr'>quo</span> <span class='ocrx_word' id='word_1_312' title='bbox 783 2241 919 2281; x_wconf 86' lang='lat' dir='ltr'>omnis</span> <span class='ocrx_word' id='word_1_313' title='bbox 950 2240 1041 2280; x_wconf 87' lang='lat' dir='ltr'>haec</span> <span class='ocrx_word' id='word_1_314' title='bbox 1071 2238 1248 2294; x_wconf 88' lang='lat' dir='ltr'>quaestio</span> <span class='ocrx_word' id='word_1_315' title='bbox 1270 2245 1347 2278; x_wconf 90' lang='lat' dir='ltr'>est.</span> <span class='ocrx_word' id='word_1_316' title='bbox 1379 2252 1477 2278; x_wconf 87' lang='lat' dir='ltr'>nam</span> <span class='ocrx_word' id='word_1_317' title='bbox 1497 2238 1569 2293; x_wconf 91' lang='lat' dir='ltr'>qui</span> <span class='ocrx_word' id='word_1_318' title='bbox 1588 2237 1642 2280; x_wconf 90' lang='lat' dir='ltr'>ad</span> 
     </span>
     <span class='ocr_line' id='line_1_37' title="bbox 209 2293 1641 2355; baseline -0.003 -17"><span class='ocrx_word' id='word_1_319' title='bbox 209 2299 405 2340; x_wconf 87' lang='lat' dir='ltr'>virtutem</span> <span class='ocrx_word' id='word_1_320' title='bbox 426 2299 667 2355; x_wconf 83' lang='lat' dir='ltr'>adjungunt</span> <span class='ocrx_word' id='word_1_321' title='bbox 687 2298 747 2338; x_wconf 75' lang='lat' dir='ltr'>vel</span> <span class='ocrx_word' id='word_1_322' title='bbox 776 2297 1050 2351; x_wconf 81' lang='lat' dir='ltr'>voluptatem,</span> <span class='ocrx_word' id='word_1_323' title='bbox 1069 2309 1196 2351; x_wconf 87' lang='lat' dir='ltr'>quam</span> <span class='ocrx_word' id='word_1_324' title='bbox 1218 2308 1344 2335; x_wconf 85' lang='lat' dir='ltr'>unam</span> <span class='ocrx_word' id='word_1_325' title='bbox 1367 2293 1495 2335; x_wconf 89' lang='lat' dir='ltr'>virtus</span> <span class='ocrx_word' id='word_1_326' title='bbox 1516 2294 1641 2335; x_wconf 89' lang='lat' dir='ltr'>mini-</span> 
     </span>
     <span class='ocr_line' id='line_1_38' title="bbox 210 2350 1641 2408; baseline -0.003 -12"><span class='ocrx_word' id='word_1_327' title='bbox 210 2356 269 2396; x_wconf 91' lang='lat' dir='ltr'>mi</span> <span class='ocrx_word' id='word_1_328' title='bbox 300 2356 430 2397; x_wconf 80' lang='lat' dir='ltr'>facit:</span> <span class='ocrx_word' id='word_1_329' title='bbox 462 2356 525 2396; x_wconf 86' lang='lat' dir='ltr'>vel</span> <span class='ocrx_word' id='word_1_330' title='bbox 553 2355 805 2396; x_wconf 81' lang='lat' dir='ltr'>vacuitatem</span> <span class='ocrx_word' id='word_1_331' title='bbox 838 2353 1010 2403; x_wconf 89' lang='lat' dir='ltr'>doloris,</span> <span class='ocrx_word' id='word_1_332' title='bbox 1031 2367 1125 2408; x_wconf 87' lang='lat' dir='ltr'>quae</span> <span class='ocrx_word' id='word_1_333' title='bbox 1153 2350 1280 2392; x_wconf 87' lang='lat' dir='ltr'>etiam</span> <span class='ocrx_word' id='word_1_334' title='bbox 1312 2350 1345 2391; x_wconf 88' lang='lat' dir='ltr'>si</span> <span class='ocrx_word' id='word_1_335' title='bbox 1378 2350 1491 2391; x_wconf 88' lang='lat' dir='ltr'>malo</span> <span class='ocrx_word' id='word_1_336' title='bbox 1512 2359 1641 2402; x_wconf 87' lang='lat' dir='ltr'>caret,</span> 
     </span>
     <span class='ocr_line' id='line_1_39' title="bbox 210 2407 1644 2453; baseline -0.005 1"><span class='ocrx_word' id='word_1_337' title='bbox 210 2420 352 2453; x_wconf 87' lang='lat' dir='ltr'>tamen</span> <span class='ocrx_word' id='word_1_338' title='bbox 372 2427 456 2453; x_wconf 90' lang='lat' dir='ltr'>non</span> <span class='ocrx_word' id='word_1_339' title='bbox 476 2420 539 2453; x_wconf 86' lang='lat' dir='ltr'>est</span> <span class='ocrx_word' id='word_1_340' title='bbox 558 2426 773 2453; x_wconf 85' lang='lat' dir='ltr'>summum</span> <span class='ocrx_word' id='word_1_341' title='bbox 796 2411 955 2450; x_wconf 88' lang='lat' dir='ltr'>bonum</span> <span class='ocrx_word' id='word_1_342' title='bbox 974 2425 983 2449; x_wconf 74' lang='grc' dir='ltr'><strong>ε</strong></span> <span class='ocrx_word' id='word_1_343' title='bbox 1015 2408 1254 2449; x_wconf 86' lang='lat' dir='ltr'>accessione</span> <span class='ocrx_word' id='word_1_344' title='bbox 1283 2415 1461 2448; x_wconf 87' lang='lat' dir='ltr'>utuntur</span> <span class='ocrx_word' id='word_1_345' title='bbox 1479 2421 1562 2448; x_wconf 92' lang='lat' dir='ltr'>non</span> <span class='ocrx_word' id='word_1_346' title='bbox 1584 2407 1644 2448; x_wconf 91' lang='lat' dir='ltr'>ita</span> 
     </span>
     <span class='ocr_line' id='line_1_40' title="bbox 210 2463 1642 2524; baseline -0.004 -14"><span class='ocrx_word' id='word_1_347' title='bbox 210 2469 434 2524; x_wconf 87' lang='lat' dir='ltr'>probabili,</span> <span class='ocrx_word' id='word_1_348' title='bbox 455 2484 531 2509; x_wconf 89' lang='lat' dir='ltr'>nec</span> <span class='ocrx_word' id='word_1_349' title='bbox 552 2476 707 2518; x_wconf 88' lang='lat' dir='ltr'>tamen,</span> <span class='ocrx_word' id='word_1_350' title='bbox 729 2481 804 2508; x_wconf 88' lang='lat' dir='ltr'>cur</span> <span class='ocrx_word' id='word_1_351' title='bbox 834 2466 877 2506; x_wconf 91' lang='lat' dir='ltr'>id</span> <span class='ocrx_word' id='word_1_352' title='bbox 905 2474 992 2506; x_wconf 87' lang='lat' dir='ltr'>tam</span> <span class='ocrx_word' id='word_1_353' title='bbox 1021 2479 1159 2520; x_wconf 89' lang='lat' dir='ltr'>parce,</span> <span class='ocrx_word' id='word_1_354' title='bbox 1179 2473 1351 2520; x_wconf 88' lang='lat' dir='ltr'>tamque</span> <span class='ocrx_word' id='word_1_355' title='bbox 1371 2463 1559 2505; x_wconf 87' lang='lat' dir='ltr'>restricte</span> <span class='ocrx_word' id='word_1_356' title='bbox 1578 2463 1642 2505; x_wconf 85' lang='lat' dir='ltr'>fa-</span> 
     </span>
    </p>
   </div>
   <div class='ocr_carea' id='block_1_5' title="bbox 211 2610 1643 2700">
    <p class='ocr_par' dir='ltr' id='par_1_5' title="bbox 211 2610 1643 2700">
     <span class='ocr_line' id='line_1_41' title="bbox 255 2610 1643 2657; baseline -0.002 -12"><span class='ocrx_word' id='word_1_357' title='bbox 255 2612 292 2651; x_wconf 51' lang='lat'>§4</span> <span class='ocrx_word' id='word_1_358' title='bbox 310 2627 375 2657; x_wconf 57' lang='grc' dir='ltr'>,ωε</span> <span class='ocrx_word' id='word_1_359' title='bbox 399 2616 528 2644; x_wconf 79' lang='lat' dir='ltr'>maxima</span> <span class='ocrx_word' id='word_1_360' title='bbox 551 2613 699 2643; x_wconf 74' lang='lat' dir='ltr'>dulcedine</span> <span class='ocrx_word' id='word_1_361' title='bbox 720 2624 742 2642; x_wconf 81' lang='lat' dir='ltr'>s.</span> <span class='ocrx_word' id='word_1_362' title='bbox 764 2612 816 2651; x_wconf 88' lang='lat' dir='ltr'>m.]</span> <span class='ocrx_word' id='word_1_363' title='bbox 835 2613 905 2642; x_wconf 89' lang='lat' dir='ltr'>Me·</span> <span class='ocrx_word' id='word_1_364' title='bbox 947 2616 979 2641; x_wconf 78' lang='lat' dir='ltr'>et</span> <span class='ocrx_word' id='word_1_365' title='bbox 1002 2612 1034 2641; x_wconf 82' lang='lat' dir='ltr'>in</span> <span class='ocrx_word' id='word_1_366' title='bbox 1057 2612 1127 2640; x_wconf 81' lang='lat' dir='ltr'>edd.</span> <span class='ocrx_word' id='word_1_367' title='bbox 1149 2611 1231 2641; x_wconf 88' lang='lat' dir='ltr'>Ven.</span> <span class='ocrx_word' id='word_1_368' title='bbox 1250 2617 1342 2643; x_wconf 83' lang='lat'>1494.</span> <span class='ocrx_word' id='word_1_369' title='bbox 1368 2610 1455 2640; x_wconf 83' lang='lat' dir='ltr'>Med.</span> <span class='ocrx_word' id='word_1_370' title='bbox 1478 2610 1552 2641; x_wconf 86' lang='lat' dir='ltr'>Asc.</span> <span class='ocrx_word' id='word_1_371' title='bbox 1569 2620 1643 2650; x_wconf 82' lang='lat' dir='ltr'>quae</span> 
     </span>
     <span class='ocr_line' id='line_1_42' title="bbox 211 2653 1180 2700; baseline -0.006 -10"><span class='ocrx_word' id='word_1_372' title='bbox 211 2660 271 2690; x_wconf 90' lang='lat' dir='ltr'>lius</span> <span class='ocrx_word' id='word_1_373' title='bbox 296 2660 400 2699; x_wconf 78' lang='lat' dir='ltr'>putavi</span> <span class='ocrx_word' id='word_1_374' title='bbox 426 2670 491 2700; x_wconf 74' lang='lat' dir='ltr'>quae</span> <span class='ocrx_word' id='word_1_375' title='bbox 511 2657 646 2687; x_wconf 77' lang='lat' dir='ltr'>maxime.</span> <span class='ocrx_word' id='word_1_376' title='bbox 664 2658 693 2687; x_wconf 86' lang='lat' dir='ltr'>id</span> <span class='ocrx_word' id='word_1_377' title='bbox 716 2656 790 2695; x_wconf 78' lang='lat' dir='ltr'>quia</span> <span class='ocrx_word' id='word_1_378' title='bbox 808 2656 903 2694; x_wconf 83' lang='lat' dir='ltr'>reperi</span> <span class='ocrx_word' id='word_1_379' title='bbox 948 2655 1067 2684; x_wconf 86' lang='lat' dir='ltr'>habent</span> <span class='ocrx_word' id='word_1_380' title='bbox 1082 2654 1106 2682; x_wconf 81' lang='lat' dir='ltr'>si</span> <span class='ocrx_word' id='word_1_381' title='bbox 1121 2653 1180 2684; x_wconf 74' lang='lat' dir='ltr'><em>hoc.</em></span> 
     </span>
    </p>
   </div>
   <div class='ocr_carea' id='block_1_6' title="bbox 208 2694 1644 2822">
    <p class='ocr_par' dir='ltr' id='par_1_6' title="bbox 208 2694 1644 2822">
     <span class='ocr_line' id='line_1_43' title="bbox 209 2694 1644 2743; baseline -0.005 -10"><span class='ocrx_word' id='word_1_382' title='bbox 209 2709 278 2743; x_wconf 86' lang='lat' dir='ltr'>post</span> <span class='ocrx_word' id='word_1_383' title='bbox 293 2703 323 2732; x_wconf 85' lang='lat' dir='ltr'>in</span> <span class='ocrx_word' id='word_1_384' title='bbox 341 2703 409 2731; x_wconf 81' lang='lat' dir='ltr'>edd.</span> <span class='ocrx_word' id='word_1_385' title='bbox 427 2712 471 2740; x_wconf 76' lang='lat' dir='ltr'>pr.</span> <span class='ocrx_word' id='word_1_386' title='bbox 495 2701 606 2739; x_wconf 71' lang='lat' dir='ltr'>recepi.</span> <span class='ocrx_word' id='word_1_387' title='bbox 991 2703 1028 2732; x_wconf 92' lang='lat'>77</span> <span class='ocrx_word' id='word_1_388' title='bbox 1055 2707 1205 2731; x_wconf 81' lang='lat' dir='ltr'>summam,</span> <span class='ocrx_word' id='word_1_389' title='bbox 1233 2694 1283 2724; x_wconf 82' lang='lat' dir='ltr'>sed</span> <span class='ocrx_word' id='word_1_390' title='bbox 1304 2694 1405 2743; x_wconf 54' lang='lat' dir='ltr'>solum]</span> <span class='ocrx_word' id='word_1_391' title='bbox 1435 2695 1515 2725; x_wconf 80' lang='lat' dir='ltr'>Haec</span> <span class='ocrx_word' id='word_1_392' title='bbox 1542 2705 1644 2736; x_wconf 87' lang='lat' dir='ltr'>usque</span> 
     </span>
     <span class='ocr_line' id='line_1_44' title="bbox 253 2736 1644 2784; baseline -0.003 -11"><span class='ocrx_word' id='word_1_393' title='bbox 253 2753 291 2780; x_wconf 81' lang='lat'>75</span> <span class='ocrx_word' id='word_1_394' title='bbox 319 2745 359 2773; x_wconf 79' lang='lat' dir='ltr'>ad</span> <span class='ocrx_word' id='word_1_395' title='bbox 383 2743 612 2784; x_wconf 74' lang='lat' dir='ltr'>intelligendum,</span> <span class='ocrx_word' id='word_1_396' title='bbox 636 2745 663 2771; x_wconf 75' lang='lat' dir='ltr'>e&#39;t</span> <span class='ocrx_word' id='word_1_397' title='bbox 685 2742 726 2770; x_wconf 81' lang='lat' dir='ltr'>ad</span> <span class='ocrx_word' id='word_1_398' title='bbox 744 2738 901 2781; x_wconf 83' lang='lat' dir='ltr'>agendum]</span> <span class='ocrx_word' id='word_1_399' title='bbox 946 2742 986 2771; x_wconf 81' lang='lat' dir='ltr'>ad</span> <span class='ocrx_word' id='word_1_400' title='bbox 1009 2749 1037 2770; x_wconf 89' lang='lat' dir='ltr'>c.</span> <span class='ocrx_word' id='word_1_401' title='bbox 1057 2747 1107 2769; x_wconf 83' lang='lat'>14.</span> <span class='ocrx_word' id='word_1_402' title='bbox 1131 2739 1226 2768; x_wconf 82' lang='lat' dir='ltr'>verba</span> <span class='ocrx_word' id='word_1_403' title='bbox 1248 2736 1449 2779; x_wconf 79' lang='lat' dir='ltr'>celerrtmeque</span> <span class='ocrx_word' id='word_1_404' title='bbox 1473 2738 1567 2768; x_wconf 79' lang='lat' dir='ltr'>multa</span> <span class='ocrx_word' id='word_1_405' title='bbox 1588 2739 1644 2769; x_wconf 86' lang='lat' dir='ltr'>ab·</span> 
     </span>
     <span class='ocr_line' id='line_1_45' title="bbox 208 2781 1641 2822; baseline -0.005 -3"><span class='ocrx_word' id='word_1_406' title='bbox 208 2789 319 2819; x_wconf 78' lang='lat' dir='ltr'>Addidi</span> <span class='ocrx_word' id='word_1_407' title='bbox 336 2788 382 2818; x_wconf 81' lang='lat' dir='ltr'>bis</span> <span class='ocrx_word' id='word_1_408' title='bbox 398 2787 438 2816; x_wconf 80' lang='lat' dir='ltr'>ad</span> <span class='ocrx_word' id='word_1_409' title='bbox 451 2797 490 2816; x_wconf 80' lang='lat' dir='ltr'>ex</span> <span class='ocrx_word' id='word_1_410' title='bbox 506 2787 574 2816; x_wconf 90' lang='lat' dir='ltr'>edd.</span> <span class='ocrx_word' id='word_1_411' title='bbox 591 2792 665 2815; x_wconf 81' lang='lat' dir='ltr'>vett.</span> <span class='ocrx_word' id='word_1_412' title='bbox 944 2789 1019 2813; x_wconf 78' lang='lat' dir='ltr'>sunt</span> <span class='ocrx_word' id='word_1_413' title='bbox 1031 2783 1070 2812; x_wconf 90' lang='lat' dir='ltr'>ab</span> <span class='ocrx_word' id='word_1_414' title='bbox 1083 2782 1132 2812; x_wconf 88' lang='lat' dir='ltr'>ed.</span> <span class='ocrx_word' id='word_1_415' title='bbox 1146 2792 1191 2822; x_wconf 84' lang='lat' dir='ltr'>pr.</span> <span class='ocrx_word' id='word_1_416' title='bbox 1216 2781 1276 2811; x_wconf 90' lang='lat' dir='ltr'>Sed</span> <span class='ocrx_word' id='word_1_417' title='bbox 1292 2790 1328 2810; x_wconf 87' lang='lat' dir='ltr'>ea</span> <span class='ocrx_word' id='word_1_418' title='bbox 1344 2781 1458 2811; x_wconf 83' lang='lat' dir='ltr'>inserta</span> <span class='ocrx_word' id='word_1_419' title='bbox 1472 2789 1547 2811; x_wconf 87' lang='lat' dir='ltr'>sunt</span> <span class='ocrx_word' id='word_1_420' title='bbox 1559 2788 1641 2822; x_wconf 86' lang='lat' dir='ltr'>post,</span> 
     </span>
    </p>
   </div>
   <div class='ocr_carea' id='block_1_7' title="bbox 209 2824 1642 2914">
    <p class='ocr_par' dir='ltr' id='par_1_7' title="bbox 209 2824 1642 2914">
     <span class='ocr_line' id='line_1_46' title="bbox 253 2824 1642 2866; baseline -0.005 -5"><span class='ocrx_word' id='word_1_421' title='bbox 253 2837 291 2866; x_wconf 77' lang='lat'>76</span> <span class='ocrx_word' id='word_1_422' title='bbox 314 2831 355 2860; x_wconf 84' lang='lat' dir='ltr'>sic</span> <span class='ocrx_word' id='word_1_423' title='bbox 380 2831 428 2859; x_wconf 83' lang='lat' dir='ltr'>hoc</span> <span class='ocrx_word' id='word_1_424' title='bbox 452 2830 515 2859; x_wconf 83' lang='lat' dir='ltr'>div.</span> <span class='ocrx_word' id='word_1_425' title='bbox 542 2826 669 2866; x_wconf 78' lang='lat' dir='ltr'>animal]</span> <span class='ocrx_word' id='word_1_426' title='bbox 695 2827 807 2858; x_wconf 80' lang='lat' dir='ltr'>Addidi</span> <span class='ocrx_word' id='word_1_427' title='bbox 831 2826 903 2856; x_wconf 80' lang='lat' dir='ltr'>sice</span> <span class='ocrx_word' id='word_1_428' title='bbox 946 2826 1002 2855; x_wconf 87' lang='lat' dir='ltr'>inf.</span> <span class='ocrx_word' id='word_1_429' title='bbox 1025 2835 1053 2855; x_wconf 82' lang='lat' dir='ltr'>c.</span> <span class='ocrx_word' id='word_1_430' title='bbox 1072 2832 1121 2856; x_wconf 85' lang='lat'>15.</span> <span class='ocrx_word' id='word_1_431' title='bbox 1147 2831 1216 2865; x_wconf 86' lang='lat' dir='ltr'>post</span> <span class='ocrx_word' id='word_1_432' title='bbox 1231 2824 1324 2854; x_wconf 76' lang='lat' dir='ltr'>verba</span> <span class='ocrx_word' id='word_1_433' title='bbox 1339 2829 1395 2863; x_wconf 70' lang='lat' dir='ltr'>ptr</span> <span class='ocrx_word' id='word_1_434' title='bbox 1416 2835 1453 2859; x_wconf 80' lang='lat' dir='ltr'>se,</span> <span class='ocrx_word' id='word_1_435' title='bbox 1477 2835 1529 2855; x_wconf 80' lang='lat' dir='ltr'>sua</span> <span class='ocrx_word' id='word_1_436' title='bbox 1550 2825 1642 2863; x_wconf 77' lang='lat' dir='ltr'>vi,—</span> 
     </span>
     <span class='ocr_line' id='line_1_47' title="bbox 209 2867 1104 2914; baseline -0.01 -8"><span class='ocrx_word' id='word_1_437' title='bbox 209 2875 286 2906; x_wconf 77' lang='lat' dir='ltr'>Mss.</span> <span class='ocrx_word' id='word_1_438' title='bbox 311 2884 360 2914; x_wconf 85' lang='lat' dir='ltr'>ap.</span> <span class='ocrx_word' id='word_1_439' title='bbox 384 2873 564 2904; x_wconf 73' lang='lat' dir='ltr'>Davisium.</span> <span class='ocrx_word' id='word_1_440' title='bbox 579 2871 747 2911; x_wconf 81' lang='lat' dir='ltr'>vestigium</span> <span class='ocrx_word' id='word_1_441' title='bbox 774 2871 843 2909; x_wconf 80' lang='lat' dir='ltr'>ejus</span> <span class='ocrx_word' id='word_1_442' title='bbox 859 2875 904 2900; x_wconf 87' lang='lat' dir='ltr'>est</span> <span class='ocrx_word' id='word_1_443' title='bbox 947 2867 1104 2898; x_wconf 80' lang='lat' dir='ltr'>laudabile.</span> 
     </span>
    </p>
   </div>
  </div>
 </body>
</html>
