1778 3095
255 125 334 164 618
823 116 905 157 DE
945 118 1119 158 FATO

259 230 349 274 viso
367 227 640 282 commoveri)
663 225 737 269 sed
755 227 972 270 revertitur
990 227 1043 270 ad
1063 226 1315 285 cylindrum,
1335 235 1377 270 et
1396 229 1450 272 ad
1472 231 1683 275 turbinem

133 302 404 345 p.149.suum,
425 302 518 343 quae
547 284 704 326 moveri
732 284 927 341 incipere,
949 285 1027 327 nisi
1045 285 1178 340 pulsa,
1200 300 1284 326 non
1313 296 1515 340 possunt:
1545 288 1589 330 id
1607 304 1685 330 au-

224 353 253 374 ²·
265 353 349 387 tem
369 358 467 386 cum
486 342 652 392 accidit,
674 350 820 397 suapte
846 350 1006 392 natura,
1029 341 1143 397 quod
1163 351 1365 397 superest,
1383 351 1426 384 et
1446 344 1684 400 cylindrum

185 395 253 448 19
265 400 385 451 volvi,
421 408 463 441 et
497 398 648 440 versari
678 406 717 430 42
730 398 942 439 turbinem
972 407 1108 452 putat.
1167 399 1229 439 Ut
1260 399 1402 454 igitur,
1432 399 1582 456 inquit,
1612 401 1685 456 qui

198 467 248 501 43
263 456 468 514 protrusit
484 454 736 512 cylindrum,
756 454 872 495 dedit
892 453 930 494 ei
951 452 1201 509 principium
1217 455 1432 507 motionis,
1445 456 1684 499 volubilita-

262 524 350 556 tem
380 521 521 554 autem
554 527 638 553 non
663 510 803 552 dedit:
842 510 901 550 sic
930 510 1063 550 visum
1093 509 1308 566 objectum
1338 512 1551 568 imprimet
1579 512 1687 554 illud

261 568 448 626 quidem,
471 577 515 610 et
531 568 650 624 quasi
668 565 850 622 signabit
873 565 915 606 in
934 565 1076 606 animo
1097 580 1216 607 suam
1236 568 1433 622 speciem,
1452 569 1527 610 sed
1545 583 1688 611 assen-

262 627 326 667 sio
359 635 502 667 nostra
531 625 610 665 erit
639 624 681 663 in
711 629 943 678 potestate:
976 636 1123 677 eaque,
1153 623 1511 678 quemadmodum
1539 626 1583 667 in
1612 640 1688 682 cy-

261 681 399 724 lindro
427 682 585 723 dictum
607 687 685 730 est,
704 679 961 720 extrinsecus
986 678 1122 733 pulsa,
1143 679 1258 734 quod
1285 679 1492 736 reliquum
1517 691 1596 734 est,
1618 696 1689 723 su-

263 748 361 794 apte
380 739 420 779 vi
446 747 488 778 et
508 745 658 778 natura
677 735 928 776 movebitur.
986 734 1116 791 Quod
1142 735 1177 776 si
1203 735 1344 792 aliqua
1368 751 1433 778 res
1460 739 1691 780 efficeretur

264 795 354 837 sine
384 807 510 834 causa
539 790 825 842 antecedente,
856 791 1009 832 falsum
1039 799 1163 842 esset,
1193 792 1335 833 omnia
1363 792 1453 834 fato
1483 793 1595 836 fieri:
1627 794 1689 836 sin

264 850 479 900 omnibus,
512 862 793 905 quaecumque
826 848 945 899 fiunt,
975 848 1196 889 verisimile
1229 857 1295 890 est
1323 863 1495 891 causam
1524 858 1690 892 antece-

264 907 362 948 dere
378 922 391 958 3
422 906 524 961 quid
551 904 686 946 afferri
706 904 877 960 poterit,
896 919 971 945 cur
991 919 1076 946 non
1096 905 1237 946 onmia
1257 905 1346 946 fato
1367 905 1454 947 fieri
1474 907 1689 949 fatendum

265 964 344 1004 sit?
371 962 503 1004 modo
529 961 801 1017 intelligatur,
821 976 915 1017 quae
940 961 995 1002 sit
1021 976 1242 1003 causarum
1270 961 1483 1004 distinctio
1502 978 1551 1004 ac
1569 963 1693 1005 dissi-

201 1030 255 1064 44
265 1019 477 1061 militudo.
508 1019 617 1060 Haec
636 1032 735 1060 cum
755 1018 816 1059 ita
838 1018 920 1059 sint
937 1032 962 1058 a
979 1016 1220 1074 Chrysippo
1241 1018 1459 1074 explicata,
1476 1019 1511 1061 si
1529 1019 1604 1072 illi,
1620 1019 1694 1076 qui

265 1084 425 1133 negant
452 1074 709 1116 assensiones
735 1074 823 1116 fato
855 1074 955 1125 fieri,
981 1074 1191 1116 fateantur
1216 1083 1373 1126 tamen,
1393 1089 1463 1117 eas
1493 1091 1578 1118 non
1605 1077 1695 1118 sine

264 1133 353 1174 viso
375 1131 646 1174 antecedente
672 1130 759 1172 fieri
774 1148 787 1183 3
817 1131 898 1172 alia
924 1130 1031 1172 ratio
1063 1139 1140 1172 est.
1170 1131 1245 1172 sed
1276 1132 1311 1172 si
1338 1131 1591 1184 concedunt,
1619 1148 1695 1174 an-

264 1189 368 1231 teire
385 1189 484 1239 visa,
507 1203 584 1229 nec
603 1196 745 1229 tamen
763 1188 851 1229 fato
877 1187 964 1228 fieri
984 1187 1258 1239 assensiones,
1278 1188 1393 1244 quod
1415 1189 1605 1244 proxima
1623 1190 1699 1231 illa

267 1255 311 1287 et
337 1246 556 1286 continens
587 1258 714 1285 causa
745 1258 829 1285 non
856 1253 1023 1285 moveat
1043 1244 1355 1287 assensionem:
1384 1244 1491 1296 vide,
1511 1260 1563 1286 ne
1581 1246 1692 1287 idem

268 1302 423 1343 dicant.
444 1315 580 1357 neque
600 1301 710 1342 enim
730 1300 995 1357 Chrysippus
1016 1301 1266 1352 concedens,
1288 1301 1536 1343 assensionis
1554 1303 1695 1358 proxi-

267 1366 382 1399 mam
401 1367 444 1400 et
464 1357 750 1399 continentem
767 1371 937 1405 causam
957 1372 1048 1398 esse
1066 1358 1109 1398 in
1128 1357 1215 1399 viso
1235 1357 1431 1413 positam,
1448 1373 1584 1415 neque
1601 1373 1696 1401 eam

268 1429 438 1456 causam
467 1415 521 1456 ad
549 1413 861 1456 assentiendum
890 1414 1164 1456 necessariam
1192 1428 1297 1466 esse,
1324 1414 1540 1466 concedet,
1569 1423 1631 1467 ut,
1662 1416 1698 1457 si

269 1471 412 1513 omnia
438 1472 527 1513 fato
554 1471 669 1521 fiant,
705 1471 848 1512 omnia
874 1470 975 1512 fiant
1002 1471 1137 1512 causis
1166 1470 1523 1523 antecedentibus,
1553 1482 1596 1513 et
1625 1487 1700 1513 ne-

268 1528 484 1570 cessariis:
525 1528 712 1583 itemque
746 1527 823 1578 illi,
856 1527 928 1583 qui
959 1527 1012 1568 ab
1043 1527 1126 1569 hoc
1156 1527 1421 1578 dissentiunt,
1450 1528 1697 1570 confitentes

268 1598 354 1625 non
388 1584 474 1626 fieri
505 1585 766 1625 assensiones
805 1583 891 1624 sine
927 1584 1208 1640 praecursione
1241 1584 1438 1635 visorum,
1471 1583 1626 1635 dicent,
1662 1585 1698 1626 si

268 1641 412 1682 omnia
432 1642 518 1681 fato
542 1641 689 1682 fierent
713 1639 939 1696 ejusmodi,
958 1650 1006 1682 ut
1026 1640 1130 1681 nihil
1148 1641 1276 1690 fieret,
1297 1640 1374 1680 nisi
1394 1642 1698 1695 praegressione

268 1710 423 1747 causae,
444 1697 732 1738 confitendum
751 1711 856 1747 esse,
877 1697 966 1738 fato
994 1696 1081 1737 fieri
1107 1696 1274 1737 omnia:
1305 1710 1355 1736 ex
1381 1711 1466 1751 quo
1493 1697 1615 1738 facile
1635 1698 1700 1739 in-

269 1752 443 1794 tellectu
463 1761 540 1804 est,
562 1753 762 1808 quoniam
782 1753 964 1808 utrique,
985 1753 1195 1807 patefacta
1222 1761 1348 1807 atque
1377 1751 1584 1808 explicata
1603 1769 1699 1796 sen-

269 1809 403 1850 tentia
422 1824 512 1859 sua,
531 1809 584 1850 ad
603 1809 782 1850 eundem
801 1809 961 1849 exitum
980 1808 1161 1858 veniant,
1182 1808 1316 1849 verbis
1336 1823 1423 1860 eos,
1445 1823 1529 1850 non
1548 1825 1592 1851 re
1612 1811 1700 1853 dis-

208 1876 259 1908 45
273 1865 418 1906 sidere.
480 1865 750 1921 Omninoque
768 1880 866 1906 cum
887 1865 978 1905 haec
999 1864 1052 1905 sit
1071 1864 1300 1915 distinctio,
1319 1874 1366 1906 ut
1385 1865 1637 1920 quibusdam
1656 1868 1702 1908 in

227 1923 261 1955 b·
273 1922 398 1963 rebus
428 1935 520 1962 vere
548 1922 631 1962 dici
657 1922 805 1976 possit,
828 1935 925 1962 cum
956 1921 1021 1962 hae
1054 1935 1190 1962 causae
1216 1929 1467 1976 antegressae
1498 1922 1595 1975 sint,
1616 1938 1700 1965 non

272 1992 362 2018 esse
391 1978 434 2018 in
464 1986 606 2018 nostra
635 1986 859 2032 potestate,
890 1977 990 2033 quin
1019 1977 1091 2018 illa
1119 1977 1322 2028 eveniant,
1352 1992 1533 2034 quorum
1562 1994 1701 2021 causae

274 2034 444 2075 fuerint.
486 2033 736 2088 quibusdam
773 2043 915 2075 autem
947 2034 990 2074 in
1019 2034 1157 2084 rebus,
1191 2034 1327 2075 causis
1359 2036 1624 2090 antegressis,
1657 2037 1702 2078 in

273 2099 418 2130 nostra
435 2098 576 2130 tamen
598 2104 686 2130 esse
706 2099 929 2145 potestate,
949 2099 998 2131 ut
1015 2090 1128 2131 aliud
1148 2090 1266 2131 aliter
1286 2090 1445 2133 eveniat
1462 2108 1472 2132 ε
1502 2091 1610 2133 hanc
1635 2093 1700 2134 di-

274 2146 543 2188 stinctionem
564 2146 730 2202 utrique
749 2147 1010 2202 approbant:
1041 2146 1115 2188 sed
1143 2146 1261 2187 alteri
1281 2156 1466 2199 censent,
1485 2149 1638 2204 quibus
1659 2149 1702 2190 in

275 2203 400 2244 rebus
421 2217 518 2243 cum
540 2217 676 2244 causae
698 2203 1008 2255 antecesserint,
1028 2203 1100 2254 ita,
1122 2214 1169 2244 ut
1196 2218 1281 2244 non
1310 2204 1363 2244 sit
1392 2204 1434 2245 in
1462 2212 1602 2246 nostra
1621 2219 1700 2260 po-

275 2268 442 2310 testate,
462 2268 511 2300 ut
537 2259 658 2300 aliter
684 2259 756 2300 illa
785 2259 989 2311 eveniant,
1010 2259 1103 2301 illas
1127 2260 1215 2301 fato
1236 2260 1323 2301 fieri
1343 2277 1352 2302 :
1382 2275 1476 2316 quae
1496 2269 1635 2302 autem
1657 2261 1703 2302 in

277 2325 422 2357 nostra
439 2323 648 2370 potestate
668 2316 766 2368 sint,
785 2316 838 2357 ab
857 2315 921 2357 his
943 2316 1077 2357 fatum
1096 2316 1255 2358 abesse.

196 2376 267 2423 20
336 2373 436 2413 Hoc
455 2372 586 2413 modo
606 2371 714 2413 hanc
735 2387 903 2414 causam
926 2372 1149 2428 disceptari
1169 2380 1352 2428 oportet,
1373 2387 1456 2414 non
1476 2372 1529 2414 ab
1548 2374 1704 2416 atomis

214 2445 268 2481 45
279 2428 528 2479 errantibus,
554 2437 597 2469 et
626 2429 677 2470 de
706 2429 770 2470 via
798 2429 1102 2470 declinantibus
1128 2429 1368 2485 praesidium
1398 2437 1553 2483 petere.
1609 2430 1700 2472 De-

278 2484 420 2535 clinat,
450 2484 599 2540 inquit,
628 2494 810 2527 atomus.
870 2486 1056 2527 Primum
1086 2487 1186 2526 cur?
1225 2485 1349 2525 aliam
1380 2484 1587 2539 quandam
1616 2486 1702 2528 vim

278 2549 421 2581 motus
442 2541 658 2582 habebunt
678 2557 702 2582 a
720 2541 970 2583 Democrito
996 2541 1272 2596 impulsionis,
1294 2554 1418 2596 quam
1442 2540 1610 2596 plagam
1630 2543 1701 2584 ille

279 2596 488 2651 appellat:
520 2611 545 2638 a
573 2606 630 2648 te,
660 2598 855 2653 Epicure,
884 2597 1097 2653 gravitatis
1123 2605 1165 2637 et
1191 2597 1400 2652 ponderis.
1458 2598 1566 2653 Quae
1594 2612 1701 2654 ergo

282 2667 387 2693 nova
404 2666 529 2693 causa
543 2653 585 2693 in
602 2663 752 2694 natura
765 2662 842 2705 est,
859 2668 953 2709 quae
969 2652 1150 2694 declinet
1164 2654 1376 2695 atomum?
1398 2662 1472 2694 aut
1491 2668 1592 2695 num
1608 2668 1700 2696 sor-

323 2804 363 2828 ιη
381 2798 521 2828 turbinem
532 2797 632 2838 putat]
652 2798 707 2829 sic
718 2798 891 2836 legendum
907 2808 972 2830 non
982 2805 1102 2840 putant,
1118 2806 1155 2831 ut
1169 2799 1265 2839 vulgo
1280 2806 1335 2831 est.
1365 2799 1417 2831 Sic
1433 2806 1504 2830 ante
1518 2805 1564 2830 est
1578 2799 1703 2830 reverti-

283 2848 340 2872 eur.
362 2841 407 2872 sic
419 2842 479 2872 fuit
494 2843 527 2872 in
543 2842 606 2873 Ms.
624 2852 669 2873 m.
685 2842 734 2873 ed.
749 2841 860 2873 Lamb.
