1778 3095
609 119 787 155 LIBER
825 118 1066 155 PRIMUS.
1478 114 1554 153 265

126 229 337 279 orbatum,
357 243 454 270 cum
475 227 517 268 in
537 239 652 266 aram
674 224 950 279 confugisset,
977 222 1144 265 hostilis
1163 237 1313 264 manus
1334 224 1558 265 interemit.

126 286 210 326 Hic
231 285 265 326 si
284 285 382 327 vivis
400 284 508 333 filiis,
528 281 733 322 incolumi
755 295 887 337 regno
908 280 1135 322 occidisset
1150 294 1163 330 3
1572 285 1603 316 b.

229 376 377 411 Astante
395 383 450 422 ope
470 370 665 415 barbarica,

233 428 340 465 Tectis
361 425 505 468 caelatis‚
523 424 691 475 laqueatis
703 439 715 460 :

127 510 267 543 utrum
285 497 454 540 tandem
475 512 499 538 a
519 496 657 547 bonis,
680 511 731 537 au
753 510 778 536 a
796 494 918 537 malis
938 493 1223 536 discessisset?
1257 500 1349 533 tum
1370 491 1562 548 profecto

127 558 333 599 videretur
363 569 388 594 a
419 552 556 594 bonis.
615 553 677 593 At
711 561 823 594 certe
858 552 897 594 ei
932 551 1084 592 melius
1114 550 1332 600 evenisset,
1365 563 1441 590 nec
1475 558 1563 590 tam

127 612 318 655 flebiliter
336 610 409 651 illa
429 618 693 660 canerentur,

230 705 318 740 Haec
335 703 445 739 omnia
464 701 540 738 vidi
560 701 782 748 inflammari,

230 757 370 794 Priamo
390 757 429 793 vi
449 756 560 792 vitam
581 756 720 799 evitari,

230 811 327 847 Jovis
347 823 446 846 aram
465 810 631 859 sanguine
651 808 797 859 turpari.

129 880 261 937 Quasi
281 895 377 921 vero
401 889 437 912 ⁵⁵
456 880 548 932 ista,
569 880 633 921 vel
654 878 882 935 quidquam
916 887 1007 919 tum
1038 878 1225 933 potuerit
1254 877 1291 918 ei
1320 877 1471 919 melius
1491 893 1562 919 ac-

127 937 280 979 cidere.
312 936 444 978 Quod
465 937 499 977 si
521 947 618 978 ante
641 943 679 969 56
696 935 932 986 occidisset,
957 943 991 970 ⁵7
1010 944 1151 975 tamen
1172 943 1367 975 eventum
1388 935 1563 977 omnino

123 994 359 1035 amisisset:
409 993 491 1034 hoc
528 1004 671 1035 autem
711 1002 902 1047 ternpore
948 1006 1116 1032 sensum
1158 991 1365 1032 malorum
1407 992 1561 1032 amisit.

127 1050 328 1106 Pompeio
362 1059 507 1091 nostro
538 1050 745 1101 familiari,
780 1064 878 1089 cum
911 1048 1091 1103 graviter
1123 1055 1415 1102 sssaegrotasset
1444 1049 1558 1090 Nea·
1573 1055 1626 1093 86

127 1107 228 1162 poli,
258 1106 408 1147 melius
437 1117 501 1147 est
531 1108 705 1148 factum.
743 1106 933 1146 coronati
967 1104 1238 1159 Neapolitani
1270 1105 1467 1145 fuerunt:
1501 1106 1565 1146 ni—

127 1163 279 1204 mirum
301 1165 428 1204 etiam
451 1164 682 1213 Puteolani,
705 1163 832 1217 vulgo
850 1177 899 1202 ex
916 1161 1082 1216 oppidis
1103 1161 1269 1216 publice
1289 1161 1564 1217 gratulaban-

127 1228 208 1260 tur.
269 1221 463 1274 Ineptum
506 1235 603 1260 sane
640 1220 874 1274 negotium,
914 1228 956 1258 et
997 1217 1239 1259 Graeeulum
1260 1235 1268 1258 z
1310 1217 1383 1258 sed
1423 1228 1565 1259 tamen

132 1276 410 1316 fortunatum.
471 1277 628 1317 Utrum
651 1277 795 1331 igitur,
817 1276 850 1315 si
872 1284 961 1315 tuin
994 1284 1103 1314 esset
1129 1275 1375 1325 exstinctus,
1396 1290 1421 1315 a
1441 1275 1565 1316 bonis

127 1332 268 1383 rebus,
304 1347 356 1372 an
388 1347 413 1373 a
444 1333 566 1374 malis
597 1332 880 1373 discessisset?
917 1331 1043 1371 Certe
1073 1345 1096 1371 a
1128 1331 1304 1371 miseris.
1335 1346 1418 1371 non
1449 1332 1563 1373 enim

128 1403 226 1429 eum
248 1403 392 1429 socero
413 1390 570 1431 bellum
589 1389 788 1444 gessisset
800 1405 811 1439 3
844 1403 926 1428 non
944 1388 1174 1442 imparatus
1189 1402 1305 1428 arma
1325 1387 1563 1429 sumsisset:

129 1459 213 1485 non
235 1444 410 1485 domum
435 1446 694 1501 reliquisset:
727 1460 812 1486 non
846 1459 897 1485 ex
928 1444 1049 1484 Italia
1080 1444 1284 1499 fugisset:
1318 1459 1415 1493 non,
1446 1459 1563 1485 exer-

131 1501 218 1541 citu
240 1501 409 1552 amisso,
431 1502 567 1542 nudus
588 1502 629 1542 in
652 1515 861 1542 servorum
890 1500 1064 1552 ferrum,
1087 1510 1130 1541 et
1149 1515 1296 1541 matius
1316 1501 1530 1541 incidisset
1551 1519 1560 1542 :

126 1572 211 1598 non
235 1566 272 1591 ⁵9
286 1557 405 1598 liberi
435 1558 601 1599 defleti:
631 1573 715 1599 non
745 1558 926 1598 fortunae
955 1571 1103 1597 omnes
1131 1571 1154 1596 a
1181 1557 1408 1598 victoribus
1429 1559 1563 1612 possi-

127 1613 338 1655 derentur.
360 1615 446 1670 qui,
468 1615 501 1655 si
522 1623 703 1655 mortem
725 1624 815 1655 tum
837 1612 1009 1663 obisset,
1031 1613 1073 1654 in
1094 1613 1363 1668 amplissimis
1385 1615 1563 1655 fortunis

126 1670 361 1711 occidisset.
392 1671 426 1711 is
459 1671 765 1726 propagatione
801 1670 895 1711 vitae
937 1678 1057 1726 quot,
1098 1678 1290 1725 quantas,
1330 1685 1455 1725 quam
1497 1672 1561 1711 in-

127 1726 347 1768 credibiles
367 1727 506 1769 hausit
526 1728 813 1769 calamitates?
847 1728 954 1767 Haec
984 1734 1119 1767 morte
1139 1727 1414 1782 effugiuntur,
1434 1728 1560 1768 etiam
1575 1718 1645 1772 36

128 1784 266 1824 sinon
297 1784 522 1835 evenerint,
552 1794 693 1825 tamen
725 1784 823 1840 quia
852 1791 1030 1838 possunt
1059 1783 1236 1823 evenire.
1267 1782 1341 1824 sed
1372 1783 1563 1825 homines

128 1855 178 1880 ea
198 1840 276 1880 sibi
297 1840 484 1881 accidere
503 1856 627 1896 posse
646 1856 727 1882 non
750 1841 954 1895 cogitant.
1000 1839 1167 1880 Metelli
1189 1849 1326 1895 sperat
1348 1840 1427 1880 sibi
1447 1841 1563 1896 quis-

131 1911 212 1951 que
232 1896 443 1937 fortunam
460 1914 469 1937 ε
501 1897 672 1952 perinde
692 1898 810 1952 quasi
830 1905 904 1937 aut
923 1897 1064 1951 plures
1094 1896 1296 1936 fortunati
1316 1896 1413 1947 sint,
1434 1913 1560 1953 quam

128 1953 331 2002 infelices,
352 1962 424 1994 aut
442 1954 545 1994 certi
575 1954 803 2009 quidquam
836 1953 889 1993 sit
918 1953 960 1993 in
989 1954 1114 1994 rebus
1145 1952 1354 2004 humanis,
1375 1965 1448 1995 aut
1467 1969 1691 2010 spe-p.167‚

129 2022 220 2050 rare
241 2009 295 2049 sit
314 2010 574 2064 prudentius,
594 2025 720 2065 quam
743 2010 903 2052 timere.
1574 2020 1603 2041 a.

186 2065 269 2106 Sed
299 2065 382 2106 hoc
410 2067 547 2122 ipsum
586 2066 855 2116 concedatur,
890 2066 1012 2107 bonis
1046 2067 1170 2107 rebus
1201 2065 1394 2107 homines
1425 2077 1563 2109 morte
1575 2076 1624 2116 87

129 2121 305 2176 privari:
337 2137 441 2178 ergo
475 2124 601 2164 etiam
633 2138 772 2164 carere
809 2132 999 2163 mortuos
1030 2122 1123 2165 vitae
1152 2123 1404 2173 commodis,
1436 2124 1563 2180 idque

129 2192 221 2219 esse
241 2178 457 2220 miserum.
478 2190 591 2220 certe
612 2180 669 2220 ita
689 2179 829 2220 dicant
850 2193 1016 2219 necesse
1037 2190 1115 2220 est.
1173 2179 1244 2219 An
1263 2188 1404 2234 potest
1423 2181 1472 2232 is,
1492 2182 1564 2236 qui

131 2249 214 2275 non
234 2244 312 2284 est,
334 2250 378 2276 re
396 2236 482 2277 ulla
503 2238 669 2277 carere?
702 2236 817 2276 triste
839 2236 948 2275 enim
965 2246 1029 2276 est
1045 2250 1200 2276 nomen
1220 2236 1356 2290 ipsum
1379 2237 1563 2288 carendi,

132 2292 229 2346 quia
258 2292 481 2349 subjicitur
509 2293 600 2334 haec
630 2293 715 2334 xis:
748 2291 912 2341 habuit,
946 2307 1029 2332 non
1062 2291 1215 2333 habet:
1248 2292 1471 2343 desiderat,
1500 2308 1565 2334 re-

131 2347 273 2403 quirit,
294 2349 471 2405 indiget.
493 2350 657 2405 opinor,
688 2350 778 2390 haec
807 2348 1079 2389 incommoda
1109 2357 1207 2390 sunt
1236 2349 1428 2390 carentis.
1450 2358 1565 2392 caret

176 2469 213 2492 55
238 2463 293 2492 ista
308 2462 361 2493 vel
373 2461 419 2505 q.]
447 2464 603 2495 Bentleius
620 2465 752 2494 correxit
768 2463 825 2494 ism

135 2505 170 2534 vi
186 2517 214 2545 q.
232 2506 386 2536 Buherius
411 2507 467 2536 ista
491 2519 554 2536 nece
569 2519 598 2548 q.
612 2514 636 2537 r.
653 2517 693 2537 an
710 2508 826 2537 excidit

134 2548 240 2577 mala?
261 2549 342 2590 quasi
358 2560 427 2579 vero
442 2550 499 2579 ista
515 2551 606 2585 mala,
623 2550 675 2579 ‘vel
690 2552 748 2580 ὣς.

177 2596 216 2621 56
240 2590 398 2630 occidisset]
437 2593 488 2623 Sic
525 2594 596 2623 edd.
628 2600 702 2623 vett.
742 2593 826 2623 male

134 2633 230 2672 vulgo
245 2634 403 2665 accidisset.

180 2682 215 2710 57
241 2683 335 2707 tamen
357 2684 490 2707 eventum
512 2689 536 2707 ο.
557 2676 712 2718 amisisset]
741 2678 827 2709 Quid

135 2719 198 2747 hoc
212 2721 282 2749 est?
308 2730 405 2750 nemo
431 2721 594 2759 intelligat.
615 2729 693 2760 puto
710 2733 826 2761 regnum

134 2770 202 2790 esse
225 2761 408 2800 legendum,
436 2771 490 2793 aut
511 2765 614 2793 simile
644 2765 732 2803 quid.
756 2765 829 2795 aliae

136 2803 337 2841 conjecturae,
355 2812 390 2835 ut
406 2807 537 2835 Bentleii
560 2806 647 2835 talem
664 2817 728 2836 non
746 2816 827 2847 aptae

134 2853 220 2875 sunt.
237 2848 306 2885 quis
322 2849 394 2878 dicit
411 2857 544 2877 eventum
560 2849 692 2878 amittere
704 2850 721 2877 P

912 2470 950 2493 58
973 2460 1153 2503 aegrotasset]
1193 2463 1251 2492 Pro
1287 2462 1374 2502 vulg.
1409 2470 1565 2503 ‘egrotaret

868 2507 953 2544 quod
966 2513 1011 2536 est
1027 2507 1177 2536 vitiosum
1193 2513 1223 2536 et
1239 2513 1348 2536 contra
1364 2506 1564 2538 latinitatem.

869 2550 946 2578 illud
970 2551 1017 2579 ed.
1044 2557 1105 2579 vet.
1131 2559 1181 2588 ap.
1210 2550 1386 2579 Buherium
1416 2551 1510 2580 habet
1534 2558 1566 2581 et

870 2592 932 2622 ΜΞ.
949 2593 1089 2631 optimus
1104 2593 1187 2630 apud
1203 2592 1436 2622 Alemannum.

915 2643 953 2668 59
978 2635 1061 2664 liberi
1073 2635 1181 2675 defleti]
1198 2635 1344 2665 Davisius
1357 2636 1451 2665 edidit
1466 2635 1565 2672 deleti,

870 2688 935 2707 non
961 2678 1058 2713 mala,
1082 2679 1135 2708 sed
1163 2687 1269 2709 tamen
1298 2688 1363 2707 non
1386 2680 1459 2708 satis
1481 2686 1566 2708 certa

870 2722 1071 2751 correctione.
1118 2722 1273 2751 Buherius
1296 2721 1433 2759 conjecit
1456 2732 1509 2750 non
1529 2720 1569 2749 li-

869 2764 942 2792 beris
955 2763 1116 2803 inde-fletus,
1130 2765 1238 2803 paullo
1253 2765 1416 2797 audacius,
1433 2772 1463 2793 at
1475 2773 1565 2793 com-

869 2807 965 2836 modo
992 2815 1086 2837 sensu
1111 2815 1202 2837 cette.
1232 2806 1313 2836 nihil
1340 2808 1415 2838 certi
1441 2814 1487 2838 est
1510 2812 1566 2837 aut

870 2849 983 2879 habeo.
