1768 3095
231 105 282 139 84

552 99 620 136 DE
649 98 804 137 FINIB.
825 98 1025 137 BONOR.
1045 99 1113 137 ET
1141 98 1348 137 MALOR.

231 206 452 258 assentior,
473 212 511 239 16
529 205 765 248 dummodo
796 205 847 247 de
878 205 1026 248 iisdem
1058 206 1183 247 rebus
1215 221 1266 247 ne
1297 207 1474 247 Graecos
1488 205 1661 261 quidem

198 270 201 273 “
231 263 435 320 legendos
456 272 618 320 putent.

679 264 759 304 Res
789 278 884 304 vero
915 264 1062 315 bonas,
1082 263 1214 303 verbis
1238 262 1396 312 electis,
1418 269 1452 298 17
1467 262 1664 317 graviter,

195 329 459 377 9ornateque
489 320 639 370 dictam,
659 320 752 375 quis
771 335 854 361 non
874 319 990 376 legat
1008 321 1020 360 ?
1055 319 1132 360 nisi
1161 319 1231 375 qui
1255 334 1298 360 se
1319 318 1442 374 plane
1463 319 1664 360 Graecum

230 376 312 418 dici
331 377 453 419 velit:
487 387 535 419 ut
558 385 593 408 18
612 392 636 417 a
661 376 848 418 Scaevola
880 385 944 417 cst
975 385 1131 431 praetor
1160 375 1364 417 salutatus
1385 375 1565 417 Athenis
1584 374 1665 416 Al-

229 434 394 476 bucius.
415 442 452 467 1⁹
468 449 593 489 quem
615 432 782 489 quidem
806 433 946 474 locum
968 447 1066 474 cum
1087 432 1221 474 multa
1236 441 1465 484 venustate,
1484 441 1528 474 et
1547 431 1664 474 omni

229 491 314 532 sale
333 490 445 532 idem
466 490 655 532 Lucilius
674 506 683 530 ε
715 489 828 545 apud
849 504 975 545 quem
997 489 1196 544 praeclare
1218 489 1419 541 Scaevola,

338 586 496 622 Graecum
517 594 559 629 te,
580 584 717 628 Albuci,
738 597 840 633 quam
861 584 1061 625 Romanum,
1083 593 1185 634 atque
1205 583 1384 630 Sabinum,

339 640 546 689 Rffztnz'cipern
571 638 694 681 Pontii,
718 637 886 680 Tritanni,
907 637 1144 680 centurionum,

338 693 587 729 Praeclarorum
607 691 786 732 bominum,
806 704 847 727 ac
860 691 1055 741 primorum,
1072 691 1346 742 signfferumque,

338 745 505 782 A'Waluistz'
523 745 601 782 dici.

660 746 777 781 Graecc
795 757 871 793 ergo
884 754 1012 794 praetor
1030 743 1185 788 Athcnis,

337 799 383 835 ld
395 799 485 848 quod
501 798 665 841 maluisti,
684 807 729 842 tc,
748 811 823 834 cum
841 797 890 834 ad
903 811 951 834 me
970 805 1011 828 ‘20
1024 797 1166 841 accedis,
1181 797 1292 834 saluto
1307 813 1319 833 .·

336 857 453 904 Χαῖρε,
468 853 622 902 inquam,
646 852 719 888 Tite
735 866 747 887 .·
776 851 917 894 lictores,
938 861 1051 887 turma
1068 852 1181 893 omnis,
1200 851 1383 902 cohorsque,

339 911 457 957 Χαῖξε,
481 906 568 950 Tite,
588 904 663 941 hinc
680 904 781 941 hostis
799 905 848 941 mi
864 904 1043 948 Albucius,
1062 905 1137 941 hinc
1150 905 1314 942 inimicus.

174 1012 222 1043 10
290 991 373 1032 Sed
395 991 492 1048 jure
524 992 712 1034 Mucius.
771 994 865 1047 Ego
898 1000 1040 1033 autem
1073 1001 1108 1024 21
1127 991 1227 1033 satis
1257 991 1399 1033 mirari
1428 1006 1511 1033 non
1542 1006 1668 1047 queo,

123 1070 151 1100 p.
171 1066 221 1091 π.
233 1048 346 1089 unde
379 1048 461 1090 hoc
497 1049 549 1090 sit
582 1058 669 1090 tam
702 1049 882 1090 insolens
913 1048 1237 1090 domesticarum
1270 1063 1410 1090 rerum
1437 1048 1668 1091 fastidium.

191 1111 317 1146 ²·non
347 1115 412 1147 est
438 1106 610 1146 omnino
642 1106 710 1146 hic
741 1105 919 1146 docendi
950 1105 1096 1146 locus:
1129 1105 1202 1146 sed
1232 1105 1290 1146 ita
1320 1104 1471 1156 sentio,
1489 1114 1532 1147 et
1557 1120 1669 1162 saepe

231 1161 421 1212 disserui,
438 1162 632 1203 Latinam
653 1162 841 1217 linguam
864 1177 947 1202 non
967 1161 1096 1203 modo
1116 1176 1199 1202 non
1218 1161 1402 1217 inopem,
1422 1170 1461 1193 22
1477 1171 1524 1203 ut
1541 1163 1670 1217 vulgo

230 1226 441 1273 putarent,
480 1218 552 1259 sed
589 1218 910 1273 locupletiorem
960 1218 1087 1260 etiam
1135 1232 1240 1268 esse,
1279 1233 1407 1273 quam
1457 1220 1669 1260 Graecam.

231 1274 415 1331 Quando
440 1275 568 1325 enim,
588 1283 626 1306 23
642 1275 704 1315 vel
730 1275 850 1314 nobis
881 1274 1034 1322 dicam,
1061 1283 1136 1315 aut
1167 1274 1403 1315 oratoribus
1432 1274 1571 1326 bonis,
1596 1284 1670 1317 aut

231 1331 385 1386 poetis,
417 1339 564 1387 postea
602 1330 773 1387 quidem
809 1345 935 1386 quam
972 1330 1052 1372 fuit
1086 1345 1211 1386 quem
1245 1330 1523 1382 imitarentur,
1558 1331 1671 1373 ullus

185 1387 432 1446 401·ati0nis
453 1387 514 1427 vel
535 1388 731 1443 copiosae,
752 1387 814 1428 vel
834 1387 1041 1442 elegantis
1060 1396 1231 1428 ornatus
1251 1386 1414 1429 defuit?
1443 1390 1538 1443 Ego
1557 1402 1670 1438 vero,

231 1457 329 1484 eum
362 1443 595 1485 forensibus
630 1444 782 1500 operis,
814 1443 1045 1495 laboribus,
1080 1443 1290 1499 periculiS,
1324 1458 1409 1485 non
1441 1444 1670 1485 deseruisse

229 1499 334 1540 mihi
355 1509 394 1531 24
410 1500 548 1541 videar
577 1499 834 1555 praesidium,
865 1501 906 1541 in
935 1515 1020 1556 quo
1051 1515 1075 1540 a
1100 1499 1262 1556 populo
1293 1501 1485 1541 Romano
1504 1501 1668 1542 locatus

229 1556 309 1597 sim
327 1573 336 1597 :
368 1556 503 1597 debeo
523 1558 730 1612 profecto,
751 1566 1142 1612 quantumcumque
1171 1557 1344 1612 possim,
1366 1557 1407 1597 in
1428 1571 1479 1598 eo
1499 1571 1669 1613 quoque

228 1612 458 1663 elaborare,
493 1622 542 1654 ut
571 1613 654 1655 sint
685 1627 826 1668 opera,
859 1613 1014 1664 studio,
1034 1613 1178 1654 labore
1197 1627 1295 1654 meo
1320 1613 1533 1655 doctiores
1559 1615 1669 1655 cives

232 1669 331 1721 mei,
353 1683 428 1710 nec
449 1683 547 1710 cum
569 1669 658 1711 istis
678 1679 897 1725 tantopere
921 1684 1123 1725 pugnare,
1144 1669 1217 1725 qui
1238 1670 1390 1710 Graeca
1417 1670 1558 1726 legere
1578 1685 1670 1711 ma-

231 1725 339 1766 lint:
368 1725 498 1766 modo
519 1725 663 1782 legant
682 1726 755 1767 illa
772 1727 877 1782 ipsa,
897 1741 974 1767 nec
1005 1727 1229 1768 simulent:
1261 1735 1303 1767 et
1333 1726 1381 1767 iis
1412 1727 1574 1778 servire,
1596 1727 1670 1783 qui

231 1781 295 1840 vel
328 1782 516 1838 utrisque
546 1782 695 1824 litteris
727 1783 789 1824 uti
822 1782 962 1834 velint,
982 1783 1060 1834 vel,
1083 1783 1117 1824 si
1148 1798 1242 1824 suas
1272 1782 1443 1833 habent,
1466 1783 1556 1824 illas
1585 1798 1671 1825 non

174 1853 213 1883 11
232 1852 490 1894 magnopere
509 1838 760 1880 desiderent.
820 1840 908 1897 Qui
939 1848 1078 1880 autem
1111 1839 1191 1880 alia
1221 1839 1385 1880 malunt
1404 1839 1529 1881 scribi
1548 1854 1575 1881 a
1594 1855 1670 1882 no-

232 1894 312 1945 bis,
345 1895 455 1950 aequi
488 1909 578 1937 esse
611 1896 780 1946 debent,
815 1896 931 1952 quod
966 1904 1009 1937 et
1039 1896 1194 1951 scripta
1223 1895 1359 1937 multa
1388 1904 1500 1948 sunt,
1534 1896 1593 1938 sic
1622 1905 1671 1938 ut

198 1981 202 1985 -
232 1950 353 2006 plura
387 1952 542 1993 nemini
573 1967 597 1993 e
627 1953 794 2005 nostris,
822 1960 865 1994 et
892 1952 1127 1994 scribentur
1156 1953 1332 1994 fortasse
1362 1952 1497 2008 plura,
1528 1952 1564 1994 si
1588 1953 1673 1995 vita

278 2131 315 2157 16
331 2126 479 2156 dummodo
494 2139 512 2156 a
528 2125 571 2167 se]
588 2140 606 2156 a
619 2138 644 2156 se
659 2127 759 2157 delevi
775 2136 852 2157 cum
868 2126 934 2156 Da·
1021 2133 1061 2157 20
1085 2124 1206 2164 accedis]
1236 2125 1366 2155 Edidere
1394 2125 1526 2164 quidam
1552 2128 1672 2167 aecedi',

232 2170 322 2206 visio,
338 2171 424 2209 quod
446 2179 465 2199 a
488 2170 566 2200 Mss.
590 2170 734 2210 pluribus
751 2176 782 2200 et
801 2170 870 2200 edd.
887 2180 933 2209 pr.
976 2169 1062 2208 quod
1089 2178 1154 2198 non
1180 2174 1244 2198 erat
1270 2177 1407 2198 necesse.
1453 2169 1505 2199 Sic
1531 2179 1674 2209 pronun-

232 2212 358 2243 absunt.
973 2212 1137 2247 ciandum,
1173 2220 1238 2240 non
1275 2211 1490 2242 scribendum.
1506 2230 1508 2232 -
1526 2213 1673 2246 similiter

278 2261 312 2290 17
339 2267 388 2294 gr.
414 2261 568 2295 ornateque
591 2254 728 2293 dictatas]
755 2256 931 2285 Lambinus

231 2307 286 2338 per
308 2299 541 2336 conjecturam,
557 2298 706 2328 Davisius
729 2308 745 2327 e
768 2298 846 2328 Mss.
864 2307 932 2328 cor-

232 2341 312 2371 rexit
326 2341 428 2371 dictas.
447 2341 537 2370 bene.

278 2391 316 2414 18
333 2396 350 2413 a
366 2384 502 2413 Scaevola
514 2381 654 2423 praetore]
668 2384 773 2423 Vulgo
792 2390 837 2413 est
852 2390 930 2422 prae-

234 2431 288 2462 ror,
304 2427 356 2456 sed
373 2426 515 2455 Scaevola
529 2432 642 2464 praetor
658 2433 734 2462 erat,
751 2436 815 2456 non
830 2426 932 2456 Albu-

231 2468 312 2505 cius,
340 2471 377 2499 ad
408 2479 506 2507 quem
535 2475 648 2508 praetor
676 2470 856 2499 referendus
885 2478 932 2498 es-

230 2517 287 2541 set.

277 2562 314 2586 19
339 2564 421 2595 quem
452 2553 566 2594 quidem
597 2551 703 2592 locum]
737 2554 832 2583 DeeSt
861 2563 928 2582 ver-

229 2596 331 2626 bum:
360 2602 460 2635 potest
491 2596 637 2634 intelligi,
668 2597 820 2626 tractavit.
868 2596 927 2626 Sed

229 2648 337 2670 tamen
354 2639 445 2668 locum
469 2649 534 2669 non
557 2640 630 2669 satis
654 2638 768 2678 aptum
790 2645 836 2669 est
852 2640 928 2668 huie

228 2694 280 2723 rei.
320 2694 456 2723 Ursinus
474 2703 489 2722 e
507 2692 647 2732 Ms.jocu
671 2692 800 2728 melius,
825 2693 929 2723 addito

228 2736 262 2773 in
278 2736 343 2766 fine
361 2736 434 2765 risit.
481 2736 700 2775 Davisius‘pro
716 2735 807 2765 locum
822 2736 930 2774 conje-

225 2780 269 2817 cit
285 2778 364 2814 lusit.
381 2789 448 2817 quo
462 2780 557 2809 verbo
574 2779 685 2809 Cicero
700 2780 732 2808 in
749 2778 803 2808 tali
820 2788 851 2809 re
868 2780 930 2810 uti·

227 2828 298 2860 tur3
322 2823 375 2852 sed
393 2822 489 2852 nimis
505 2832 523 2851 a
539 2821 668 2861 vulgato
685 2821 812 2852 recedit.

975 2264 1052 2285 mox
1067 2254 1166 2283 omnis.

1019 2304 1056 2327 21
1082 2297 1152 2326 satis
1179 2295 1282 2324 mirari
1308 2295 1427 2337 nequeo]
1461 2297 1575 2329 Addidi
1601 2298 1674 2329 satis

972 2349 1049 2370 cum
1078 2339 1113 2369 Ρ.
1144 2339 1272 2369 Manui.
1301 2339 1383 2369 Aldo
1419 2340 1501 2380 Nep.
1531 2341 1674 2380 Davisio,

973 2383 1059 2422 quod
1074 2391 1184 2412 sensus
1201 2383 1328 2420 requirit
1343 2384 1528 2413 necessario.

1017 2432 1056 2455 22
1081 2431 1114 2454 ut
1143 2423 1234 2463 ‘vulgo
1255 2424 1408 2463 putarent]
1440 2427 1564 2457 Frustra
1590 2427 1673 2457 Dav.

975 2468 1110 2498 correxit
1129 2473 1234 2506 putant
1257 2477 1297 2497 ex
1321 2478 1388 2498 uno
1411 2469 1473 2499 Ms.
1501 2468 1675 2509 vulgatum¹

972 2520 1083 2541 verum
1099 2517 1157 2545 est,
1174 2510 1290 2549 pendet
1304 2512 1392 2541 enim
1408 2521 1449 2541 ex
1464 2510 1595 2543 disserui.

1015 2560 1054 2584 23
1071 2553 1125 2582 vel
1137 2553 1212 2583 nobis
1228 2552 1335 2591 dicam]
1357 2554 1428 2584 Hoc
1449 2564 1583 2585 sensum
1606 2565 1672 2587 non

972 2596 1069 2626 habet
1085 2597 1117 2626 h.
1136 2597 1156 2626 1.
1182 2596 1356 2626 Lambinus
1380 2598 1514 2628 correxit
1538 2609 1572 2626 ne
1595 2599 1674 2629 nobis

971 2639 1081 2676 dicam,
1095 2639 1181 2678 quod
1197 2646 1228 2668 et
1243 2639 1391 2669 Davisius
1415 2640 1540 2679 recepit.
1558 2641 1672 2681 placet.

972 2689 1054 2712 certe
1065 2692 1196 2713 sensum
1212 2683 1426 2712 commodum
1437 2683 1544 2712 efficit.

1016 2732 1055 2755 24
1073 2724 1187 2763 videor]
1213 2733 1274 2755 scr.
1296 2724 1412 2755 videar.
1428 2725 1480 2762 ed..
1493 2734 1539 2765 pr.
1556 2731 1588 2755 et
1601 2725 1678 2757 aliae

973 2768 1092 2798 habent
1116 2778 1194 2799 mox
1217 2766 1325 2797 locatus
1346 2768 1401 2797 sim
1425 2777 1480 2808 pro
1501 2768 1630 2808 vulgato
1650 2767 1673 2799 I.

972 2822 1045 2839 sum.
