1768 3095
598 128 776 166 LIBER
804 126 1046 166 PRIMUS.
1512 126 1538 168 7

113 244 149 271 1⁸
163 234 400 278 adhibenda
435 232 547 274 enim
585 230 832 273 Geometria
863 238 955 271 est:
993 238 1032 264 ¹9
1051 228 1252 285 quoniam
1285 228 1539 284 quibusnam

110 294 328 350 quisquam
348 290 563 332 enuntiare
581 288 731 339 verbis,
752 296 826 328 aut
855 301 981 343 quem
1002 285 1054 328 ad
1074 285 1396 341 intelligendum
1416 295 1539 341 pote-

109 351 164 393 rit
182 349 385 391 adducere
405 346 496 387 haec
525 346 615 401 ipsa
643 344 696 385 de
725 344 820 394 vita,
839 354 882 386 et
900 344 1104 397 moribuS,
1123 342 1175 384 de
1194 342 1451 397 expetendis,
1470 343 1538 384 fu-

108 406 351 463 giendisque
370 403 522 444 rebus?
555 402 616 443 illi
638 401 748 442 enim
771 409 811 433 2⁰
828 400 1074 456 simpliciter
1101 398 1276 455 pecudis
1294 408 1338 441 et
1354 398 1539 440 hominis

109 463 220 505 idem
241 463 398 503 bonum
427 473 516 500 esse
544 468 728 501 censent.
758 457 870 513 apud
899 465 1065 498 nostros
1095 456 1223 507 enim,
1241 470 1326 497 non
1352 455 1538 511 ignoras,

110 534 203 576 quae
228 518 281 559 sit
308 526 350 558 et
379 524 536 572 quanta
555 515 778 556 subtilitas.
837 514 930 554 Sive
956 513 1068 554 enim
1096 514 1315 553 Zenonem
1335 526 1508 568 sequare
1526 524 1573 564 :7

110 589 309 630 magnum
329 582 393 614 est
412 572 586 623 efficere,
612 582 660 613 ut
691 571 785 627 quis
812 570 1037 635 intelligat,
1058 569 1160 626 quid
1179 569 1233 610 sit
1249 568 1355 611 illud
1378 583 1539 619 verum,

109 641 152 673 et
181 630 356 686 simplex
384 630 560 680 bonurn,
593 628 707 685 quod
740 642 824 668 non
854 637 988 683 posslt
1014 627 1067 667 ab
1093 626 1313 668 honestate
1343 625 1538 681 sejungi:

109 687 221 744 quod
241 687 400 728 bonum
421 686 544 742 quale
563 686 630 736 sit,
647 694 775 740 negat
793 683 966 725 omnino
995 683 1203 739 Epicurus
1222 691 1260 714 21
1279 683 1367 723 sine
1389 682 1538 738 volup-

107 743 262 788 tatibus
291 757 455 784 sensum
487 742 751 783 moventibus
781 755 857 782 nec
888 739 1103 796 suspicari.
1133 748 1172 771 22
1190 739 1225 780 si
1250 753 1348 780 vero
1368 738 1538 780 Acade·

106 801 234 841 miam
265 809 444 841 veterem
476 813 789 854 persequamur,
809 811 936 853 quam
965 811 1057 847 nos,
1085 805 1135 837 ut
1165 795 1260 847 scis,
1279 795 1538 851 probamus:

109 864 147 889 23
161 871 286 913 quam
308 857 385 900 erit
405 855 476 896 illa
494 865 616 896 acute
636 853 881 910 explicanda
899 853 1048 895 nobis?
1078 867 1210 909 quam
1227 861 1392 910 argute,
1411 866 1538 908 quam

107 913 283 955 obscure
319 913 446 954 etiam
482 922 628 953 contra
661 912 826 953 Stoicos
863 909 1181 951 disserendum?
1232 919 1373 951 totum
1410 909 1541 964 igitur

106 969 209 1011 illud
229 968 506 1025 philosophiae
525 968 711 1009 studium
729 967 833 1008 mihi
850 966 1021 1023 quidem
1041 967 1130 1022 ipse
1149 980 1287 1020 sumo,
1308 975 1352 1006 et
1370 965 1425 1012 ad
1443 966 1538 1012 vitae

106 1026 384 1068 constantiam
407 1034 446 1057 24
463 1034 667 1081 quantum
689 1039 877 1080 possum,
897 1033 940 1066 et
959 1023 1012 1064 ad
1031 1022 1353 1065 delectationem
1383 1022 1537 1064 animiz

106 1096 182 1124 nec
200 1082 334 1123 ullum
355 1082 546 1132 arbitror,
565 1091 615 1122 ut
633 1081 746 1136 apud
776 1081 993 1123 Platonem
1020 1089 1098 1130 est,
1119 1080 1257 1136 majus
1285 1088 1359 1120 aut
1387 1078 1539 1121 melius

106 1154 131 1181 a
149 1139 226 1180 diis
245 1139 391 1181 datum
407 1153 560 1179 munus
580 1138 742 1179 homini
759 1153 769 1178 t
798 1137 871 1178 sed
891 1151 1008 1178 meos
1027 1136 1200 1187 amicos,
1220 1136 1263 1176 in
1291 1135 1446 1191 quibus
1474 1145 1538 1177 est
1551 1144 1573 1176 8

104 1195 307 1247 studium,
328 1197 369 1236 in
388 1195 595 1236 Graeciam
626 1194 766 1245 mitto,
792 1194 836 1235 id
862 1202 940 1244 est,
964 1193 1017 1234 ad
1036 1194 1211 1234 Graecos
1240 1194 1298 1234 ire
1321 1192 1471 1248 jubeO,
1490 1202 1539 1233 ut
1550 1191 1582 1223 b.

105 1265 155 1293 ea
187 1267 211 1293 a
244 1252 430 1293 fontibus
464 1251 603 1306 potius
642 1250 849 1302 hauriant,
882 1265 1009 1306 quam
1045 1250 1198 1291 rivulos
1228 1258 1541 1290 consectentur.

106 1309 217 1350 Quae
248 1318 388 1349 autem
421 1321 546 1348 nemo
577 1307 714 1347 adhuc
742 1307 957 1356 docuerat,
988 1321 1064 1347 nec
1094 1316 1197 1355 erat,
1221 1306 1334 1347 unde
1365 1304 1543 1346 studiosi

106 1365 210 1406 scire
240 1373 438 1419 possent3
478 1377 540 1413 ea,
576 1372 777 1418 quantun]
812 1363 948 1418 potui,
983 1362 1102 1415 (nihil
1136 1362 1245 1402 enim
1282 1375 1541 1417 magnopere

104 1434 295 1461 meorum
328 1420 473 1472 miror)
496 1419 590 1469 feci,
611 1428 659 1459 ut
689 1428 828 1459 essent
859 1427 959 1459 nota
987 1418 1153 1459 nostris.
1184 1431 1209 1458 a
1236 1418 1399 1459 Graecis
1428 1418 1541 1458 enim

104 1477 191 1532 peti
221 1491 305 1517 non
337 1483 544 1530 poterant,
574 1489 637 1525 ac,
665 1485 761 1529 post
782 1483 820 1506 2⁵
837 1476 887 1515 L.
907 1474 1011 1514 AElii
1041 1474 1173 1515 nostri
1201 1488 1416 1524 occasum,
1436 1488 1487 1514 ne
1517 1488 1542 1514 a

104 1532 265 1574 Latinis
299 1531 483 1588 quidem.
543 1532 597 1572 Et
632 1541 774 1572 tamen
804 1530 846 1571 in
878 1530 959 1571 illis
990 1531 1198 1571 veteribus
1231 1531 1398 1580 nostris,
1429 1545 1541 1586 quae,

105 1589 358 1644 Menippum
390 1587 556 1637 imitati,
578 1602 661 1628 non
694 1587 966 1642 interpretati,
986 1586 1166 1644 quadam
1197 1585 1409 1628 hilaritate
1438 1601 1540 1627 con-

106 1647 344 1701 spersimus,
363 1645 498 1685 multa
518 1644 697 1696 admista
715 1657 766 1684 ex
784 1644 933 1685 intima
962 1643 1243 1699 philosophia,
1264 1643 1401 1684 multa
1427 1643 1542 1685 dicta

105 1702 345 1743 dialectice:
378 1716 471 1757 quae
492 1715 576 1756 quo
597 1701 759 1741 facilius
779 1701 917 1741 minus
937 1700 1051 1741 docti
1071 1700 1368 1755 intelligerent,
1383 1700 1541 1756 jucun-.-

105 1759 234 1800 ditate
263 1758 443 1815 quadam
475 1758 528 1799 ad
559 1757 786 1813 legendum
819 1757 994 1808 invitati,
1015 1763 1054 1789 26
1071 1757 1113 1798 in
1144 1756 1470 1807 laudationibus,
1499 1756 1543 1797 in

151 1909 188 1933 13
203 1902 363 1932 adhibenda
375 1903 449 1933 enim
468 1903 633 1934 Geometria
649 1901 703 1944 est]
722 1904 796 1934 Non

105 1945 155 1975 his
179 1947 254 1976 ratio
270 1947 353 1977 reddi
371 1948 493 1977 videtur
514 1948 692 1987 superioris.
738 1949 798 1977 lta-

843 1904 918 1932 em'rn
943 1904 981 1933 Z.
1007 1915 1145 1945 sequare:
1178 1905 1284 1943 itaque
1313 1904 1446 1935 debebat
1474 1913 1541 1935 esse

843 1947 907 1976 sive
920 1947 1014 1976 Acad.
1035 1958 1068 1977 v.
1087 1954 1304 1989 persequamur,
1322 1955 1357 1977 ut
1371 1947 1541 1978 Turnebus

105 1997 168 2027 que
184 1989 328 2020 Davisius
351 1990 486 2028 conjecit
509 1997 607 2026 ettam,
627 2000 680 2029 pro
705 1990 798 2019 enim:

106 2041 248 2070 quocum
266 2033 297 2062 in
314 2033 400 2063 libris
416 2033 575 2063 interdum
594 2033 799 2063 confunditur

106 2074 204 2104 etiam.
248 2075 308 2105 Sed
334 2083 457 2106 rectum
482 2084 528 2106 est
556 2077 642 2112 enim,
669 2077 694 2105 si
720 2076 799 2106 illud

105 2124 200 2146 nostra
231 2125 261 2147 tu
292 2119 413 2159 physica
449 2120 533 2156 nosti,
572 2119 799 2158 intelligamus,

106 2169 204 2199 quam
220 2161 283 2191 sint
298 2162 450 2193 difficilia.

151 2210 189 2235 19
204 2205 336 2245 quoniam
359 2205 528 2246 quibusnam
549 2203 713 2246 quisquam]
732 2215 799 2245 quo-

105 2245 183 2275 niam
197 2247 345 2278 vitiosum
370 2249 503 2278 videtur.
526 2258 591 2278 non
614 2248 700 2277 enlm
720 2248 800 2277 ratio

105 2289 243 2320 redditur
257 2291 433 2330 superioris.
478 2291 624 2321 Davisius
638 2301 702 2320 non
716 2290 799 2320 male

105 2332 240 2369 conjecit
266 2334 337 2375 quin
360 2334 458 2363 etiam.
479 2344 534 2374 pro
559 2334 710 2376 quisquam
730 2334 800 2363 edd.

105 2373 184 2404 Ven.
209 2376 295 2406 Med.
319 2377 438 2407 habent
460 2378 590 2419 quisque.
613 2387 678 2406 non
703 2377 797 2406 male.

103 2426 147 2447 sc.
164 2428 226 2448 non
249 2420 330 2450 bene
352 2420 537 2450 exercitatus
560 2421 592 2450 in
615 2420 747 2449 dicendo
763 2429 799 2449 ac

106 2460 281 2499 scribendo,
303 2463 404 2502 qualis
427 2464 617 2493 Amafanius
641 2463 710 2494 fuit.
739 2463 800 2492 haec

106 2501 168 2541 ipsa
184 2505 337 2546 intelligo,
349 2515 421 2545 quae
436 2506 539 2536 facilia
554 2507 711 2541 videntur,
725 2506 800 2544 quia

105 2545 143 2575 de
166 2547 256 2578 rebus
281 2550 354 2579 vitae
377 2550 530 2580 humanae
553 2556 662 2589 agunt.
685 2549 799 2588 pendet

105 2595 213 2620 autem
229 2592 269 2621 ab
285 2590 456 2631 intelligere.
787 2604 792 2615 ²

150 2639 190 2664 20
206 2634 389 2675 simpliciter]
408 2636 429 2665 i.
446 2645 474 2666 e.
490 2636 556 2665 sine
575 2641 638 2665 arte
654 2641 684 2664 et
699 2635 799 2664 subti-

108 2673 204 2705 litate.

149 2725 184 2748 21
205 2718 264 2748 sine
279 2718 407 2760 volupt]
425 2720 529 2750 Intell.
552 2732 591 2756 se,
609 2721 694 2760 quod
716 2720 802 2750 addi-

108 2759 152 2789 dit
180 2762 365 2793 Lambinus.
395 2772 472 2793 mox
501 2773 558 2803 pro
586 2774 635 2792 nec
663 2763 802 2803 suspicari

108 2809 218 2841 putem
233 2804 406 2844 legendum
421 2805 475 2834 vel
487 2806 638 2845 suspicari.

153 2851 192 2876 22
215 2847 239 2877 n·
260 2847 342 2888 vero]
368 2849 546 2888 Respondet
567 2850 716 2888 superiori
739 2848 802 2879 sive

844 1991 1066 2028 corrigendum
1089 1991 1231 2029 putabat,
1255 1991 1429 2021 Lambinus
1444 1991 1541 2020 etiam

844 2033 950 2063 edidit.
975 2033 1085 2072 probat
1108 2034 1204 2063 etiam
1227 2034 1387 2070 Davisius,
1410 2042 1466 2063 aut
1487 2043 1541 2063 su-

841 2085 896 2115 pra
919 2076 1092 2115 legendum
1119 2077 1143 2106 si
1169 2077 1243 2106 enim
1265 2077 1303 2106 Z.
1327 2088 1350 2106 s.
1395 2077 1455 2106 Sed
1481 2086 1540 2116 ego

841 2119 886 2148 nil
904 2129 1051 2149 moveam
1068 2131 1074 2149 :
1099 2120 1173 2159 quia
1189 2119 1312 2159 longior
1334 2127 1381 2150 est
1403 2121 1540 2159 interpo-

842 2163 925 2198 sitio,
943 2163 1045 2201 potuit
1068 2172 1085 2192 a
1109 2163 1250 2201 legitima
1273 2164 1376 2195 forma
1399 2163 1540 2192 recedere

843 2212 873 2233 et
896 2215 1026 2235 sensum
1053 2208 1228 2245 exprimere
1252 2207 1314 2235 hoc
1340 2207 1456 2236 modo:
1483 2206 1540 2235 ita-

842 2257 905 2286 que
921 2256 950 2277 et
967 2249 1079 2287 plurali
1096 2249 1148 2278 hic
1171 2259 1247 2279 usus
1270 2256 1328 2286 est,
1345 2258 1422 2279 cum
1445 2257 1540 2287 supra

843 2291 882 2320 sit
897 2291 1074 2329 singularis.
1097 2292 1190 2329 cujus
1214 2293 1334 2331 generis
1357 2299 1388 2322 et
1409 2291 1470 2321 alia
1485 2301 1539 2320 ex-

844 2333 950 2372 empla
971 2341 1153 2364 occurrunt.

887 2383 925 2407 23
943 2389 1030 2417 quam
1044 2377 1099 2405 erit
1115 2376 1168 2405 illa
1185 2375 1258 2416 ἂι]
1271 2378 1391 2407 Durius
1403 2386 1478 2406 sane
1494 2384 1541 2407 est

843 2419 998 2459 explicare
1020 2420 1238 2450 Academiam.
1281 2420 1313 2451 Si
1336 2420 1421 2459 legas
1442 2428 1538 2458 erunt,

843 2463 966 2492 facilior
980 2464 1018 2493 sit
1034 2464 1143 2493 oratio.

888 2513 928 2536 24
959 2513 1097 2547 quantam
1120 2503 1248 2545 possum]
1281 2513 1420 2550 quantum
1455 2507 1539 2536 dedit

839 2549 1022 2586 Turnebus,
1052 2549 1260 2588 placebatque
1285 2551 1382 2579 etiam
1408 2550 1539 2579 Davisio

839 2599 950 2622 contra
964 2593 1142 2632 disputante
1156 2592 1361 2632 Wopkensio.
1406 2593 1472 2631 Ego
1492 2599 1538 2622 ta-

841 2645 917 2665 men
931 2636 1123 2665 Turnebum
1135 2642 1263 2665 secutus
1278 2645 1365 2672 sum,
1376 2636 1450 2674 quia
1466 2636 1538 2665 edd.

843 2678 925 2708 Ven.
942 2679 1029 2708 Med.
1047 2680 1105 2708 ὅτε.
1121 2679 1166 2710 sic
1181 2679 1310 2709 habent.

890 2728 928 2751 25
947 2721 984 2751 L.
1001 2719 1093 2760 AElii]
1111 2730 1153 2751 sc.
1164 2721 1295 2758 Stilonis,
1312 2721 1366 2760 qui
1382 2721 1419 2750 de
1436 2721 1538 2760 philo-

844 2764 956 2803 sophia
982 2764 1078 2794 latine
1101 2764 1272 2803 scripserat.
1298 2773 1330 2794 v,
1357 2764 1424 2794 Cic.
1452 2764 1539 2794 Brut.

846 2812 895 2838 56.
913 2807 992 2837 olim
1009 2807 1170 2846 legebatur
1186 2807 1276 2837 Laeri.
1294 2806 1388 2836 male.

890 2850 976 2880 261'71
1000 2849 1223 2887 laudationibus,
1249 2850 1278 2879 in
1300 2850 1337 2879 iis
1358 2849 1426 2890 ipris
1442 2861 1469 2878 a.
1489 2855 1534 2887 prr
1578 2862 1582 2864 *

843 2904 919 2942 24
