1778 3095
574 133 757 171 LIBER
788 133 1030 178 PRIMUs,
1451 140 1528 174 555

101 243 215 286 enim
240 241 414 300 paruisti
441 240 546 284 mihi
574 240 800 290 revocanti,
820 254 917 280 cum
939 249 1094 292 uterer,
1117 253 1201 296 qua
1220 240 1352 292 soleo,
1373 255 1529 295 praesa-

100 301 264 357 gitione
298 299 447 342 divina.
506 296 626 338 Idem
658 297 785 338 etiam
803 296 1030 346 Socrates,
1064 311 1164 338 cum
1202 296 1315 352 apud
1353 297 1528 339 Delium

100 357 210 397 male
230 366 465 412 pugnatum
486 361 608 405 esset,
626 352 814 394 Lachete
833 361 1027 406 praetore,
1044 353 1296 409 fugeretque
1317 368 1414 394 cum
1436 355 1529 409 ipso

100 414 313 454 Lachete:
335 421 383 454 ut
402 419 567 453 ventum
590 418 652 450 est
673 410 715 450 in
735 408 917 458 trivium,
933 407 1095 459 eadem,
1116 424 1199 464 qua
1219 409 1361 459 ceteri,
1380 410 1530 464 fugere

99 469 250 510 noluit.
277 468 427 525 quibus
449 467 748 522 quaerentibus,
769 480 844 506 cur
866 479 950 505 non
970 464 1117 506 eadem
1142 465 1205 505 via
1226 474 1435 521 pergeret,
1456 466 1530 506 de-

99 526 245 567 terreri
262 540 307 566 se
326 540 351 566 a
370 524 449 564 deo
469 523 587 564 dixit.
617 531 706 563 turn
729 521 900 577 quidem
921 520 966 570 ii,
986 521 1056 575 qui
1079 520 1160 561 alia
1178 521 1242 561 via
1262 522 1471 577 fugerant,
1488 523 1531 563 in

100 581 287 623 hostium
317 580 550 636 equitatum
581 579 830 620 inciderunt.
892 577 1101 618 Permulta
1130 577 1311 618 collecta
1347 587 1445 619 sunt
1476 579 1530 619 ab

98 639 342 693 AntipatrO,
377 651 471 691 quae
509 636 756 676 mirabiliter
789 649 814 675 a
847 634 1020 674 Socrate
1058 633 1239 674 divinata
1271 643 1394 674 sunt:
1436 650 1530 690 quae

99 693 432 750 praetermittam.
462 693 539 733 tibi
568 692 679 733 enim
710 699 810 732 nota
836 700 961 731 sunt:
993 689 1095 730 mihi
1116 690 1169 730 ad
1191 705 1529 732 commemoran-

100 750 203 791 dum
226 764 307 790 non
329 749 572 790 necessaria.
633 748 745 789 Illud
774 756 915 788 tamen
945 747 1035 802 ejus
1068 746 1312 801 philosophi
1333 748 1620 802 insigniti-124

99 821 213 856 cum,
235 820 283 847 ac
304 819 423 861 paene
443 805 643 854 divinum,
666 803 796 860 quod,
818 818 915 844 cum
946 803 1086 858 impiis
1117 803 1332 844 sententiis
1355 803 1529 844 damna-

98 871 167 904 tus
186 871 308 912 esset,
328 861 568 917 aequissimo
589 861 730 902 animo
759 874 802 900 se
830 859 934 900 dixit
954 860 1077 900 mori.
1109 873 1241 915 neque
1263 860 1375 900 enim
1399 860 1529 902 domo

98 919 345 974 egredienti,
376 932 510 973 neque
539 917 642 958 illud
671 924 940 971 suggestum,
970 915 1012 956 in
1043 930 1129 971 quo
1159 931 1327 957 causam
1355 916 1530 967 dixerat,

100 974 385 1024 adscendenti,
400 975 568 1029 signum
587 973 666 1013 sibi
684 973 833 1021 ullum,
855 970 970 1027 quod
987 981 1243 1022 consuesset,
1261 987 1284 1012 a
1302 973 1397 1022 deo,
1413 975 1532 1028 quasi

99 1032 201 1072 mali
233 1031 409 1086 alicujus
443 1029 739 1085 impendentis,
775 1028 936 1069 datum.
996 1028 1206 1084 Equidem
1244 1029 1302 1069 sic
1336 1029 1531 1081 arbitror,
1547 1031 1616 1082 55

97 1088 226 1129 etiam
254 1087 288 1128 si
313 1086 447 1127 multa
478 1086 625 1127 fallant
654 1100 741 1135 eos,
763 1084 835 1140 qui
853 1094 927 1125 aut
948 1093 1051 1135 arte,
1072 1093 1146 1126 aut
1164 1086 1408 1140 conjectura
1428 1086 1531 1127 divi-

97 1158 196 1185 nare
214 1143 445 1193 videantur,
460 1156 551 1183 esse
570 1152 712 1184 tamen
734 1141 1032 1182 divinationem
1051 1158 1060 1183 z
1092 1141 1283 1182 homines
1305 1150 1463 1192 autem,
1485 1153 1534 1184 ut

97 1201 142 1241 in
161 1200 310 1241 ceteris
329 1199 504 1249 artibus,
526 1199 584 1240 sic
615 1200 656 1240 in
686 1198 764 1239 hac
792 1212 914 1253 posse
936 1198 1037 1239 falli.
1099 1199 1240 1239 Potest
1260 1197 1463 1249 accidere,
1485 1207 1534 1240 ut

97 1256 270 1312 aliquod
291 1256 458 1311 signum
486 1255 611 1297 dubie
638 1255 782 1296 datum
803 1269 880 1309 pro
902 1263 1017 1296 certo
1039 1255 1093 1295 sit
1112 1263 1333 1310 acceptum
1351 1271 1362 1295 ε
1394 1263 1533 1310 potest

98 1313 272 1369 aliquod
298 1313 469 1353 latuisse
500 1321 574 1353 aut
602 1312 756 1367 ipsum,
787 1320 861 1352 aut
886 1311 1000 1366 quod
1031 1320 1139 1352 esset
1170 1311 1230 1351 illi
1259 1312 1532 1353 contrarium.

96 1370 203 1410 mihi
233 1377 371 1410 autem
404 1368 457 1409 ad
488 1368 583 1418 hoc,
617 1368 669 1409 de
698 1383 784 1423 quo
814 1368 1000 1422 disputo,
1029 1367 1293 1422 probandum
1327 1368 1425 1408 satis
1453 1377 1531 1419 est,

97 1440 182 1466 non
202 1425 331 1466 modo
359 1425 493 1480 plura,
516 1425 588 1465 sed
617 1425 829 1480 pauciora,
859 1424 994 1464 divine
1026 1439 1247 1479 praesensa,
1268 1432 1311 1465 et
1331 1424 1533 1479 praedicta

96 1482 283 1537 reperiri.
342 1482 455 1538 Quin
490 1482 618 1522 etiam
650 1481 731 1522 hoe
765 1495 850 1521 non
879 1481 1076 1522 dubitans
1106 1480 1280 1521 dixerim
1304 1497 1312 1519 :
1346 1481 1378 1521 si
1400 1496 1529 1522 unum
1548 1493 1618 1525 12⁵

97 1538 258 1594 aliquid
287 1539 346 1579 ita
375 1538 429 1579 sit
457 1538 723 1593 praedictum,
745 1552 1101 1592 praesensumque‚
1127 1546 1175 1578 ut
1205 1552 1303 1578 cum
1334 1538 1532 1589 evenerit,

94 1595 155 1636 ita
175 1594 312 1644 cadat,
333 1604 381 1635 ut
410 1594 660 1649 praedictum
692 1594 758 1644 sit,
780 1608 914 1650 neque
943 1594 986 1634 in
1016 1608 1069 1635 eo
1100 1594 1331 1649 quidquam
1354 1609 1469 1644 casu,
1489 1603 1534 1635 et

93 1651 273 1693 fortuito
293 1651 454 1692 factum
474 1665 563 1691 esse
583 1660 796 1705 appareat,
816 1665 907 1691 esse
936 1658 1048 1691 certe
1071 1650 1386 1701 divinationem,
1406 1649 1533 1707 idque

97 1722 188 1748 esse
207 1707 404 1748 omnibus
424 1707 727 1748 confitendum.

154 1763 368 1820 Quocirca
393 1763 577 1818 primum
598 1763 704 1804 mihi
724 1761 900 1813 videtur,
921 1771 969 1803 ut
990 1761 1236 1804 Posidonius
1258 1763 1372 1813 facit,
1393 1778 1417 1803 a
1436 1762 1530 1814 deo,

97 1820 151 1862 de
179 1834 265 1876 quo
293 1820 390 1860 satis
421 1819 581 1860 dictum
608 1829 686 1870 est,
706 1819 858 1859 deinde
887 1834 911 1860 a
931 1819 1034 1869 fato,
1056 1819 1207 1860 deinde
1236 1834 1260 1859 a
1289 1829 1450 1869 natura,
1470 1820 1529 1861 vis
1542 1831 1574 1861 b.

98 1877 236 1919 omnis
255 1876 478 1926 divinandi,
498 1876 689 1931 ratioque
710 1875 947 1929 repetenda.
991 1876 1097 1916 Fieri
1116 1876 1246 1930 igitur
1267 1877 1408 1916 omnia
1427 1877 1529 1927 satO,

97 1934 205 1975 ratio
237 1933 355 1988 cogit
392 1933 527 1973 fateri.
587 1934 737 1973 Fatum
774 1940 917 1972 autem
953 1931 996 1972 id
1030 1932 1213 1987 appello,
1245 1932 1359 1988 quod
1391 1933 1531 1973 Graeei

98 1988 325 2044 εἱμαρμένην,
346 1989 389 2030 id
418 1998 495 2039 est,
525 1989 712 2030 ordinem
746 1989 980 2044 seriemque
1009 2003 1246 2038 causarum,
1277 2004 1373 2029 cum
1405 2004 1532 2030 causa

97 2061 236 2088 causae
258 2060 364 2086 nexa
382 2060 471 2086 rem
494 2060 545 2086 ex
572 2060 616 2086 se
641 2046 805 2101 gignat.
836 2060 886 2085 ea
907 2054 972 2086 est
990 2059 1039 2085 ex
1061 2046 1178 2086 omni
1198 2046 1429 2086 aeternitate
1451 2046 1529 2086 flu-

97 2118 170 2144 ens
192 2102 338 2143 veritas
360 2102 625 2157 sempiterna.
684 2100 814 2157 Quod
842 2116 940 2142 cum
972 2101 1030 2142 ita
1062 2102 1128 2152 sit,
1151 2101 1253 2142 nihil
1272 2111 1335 2142 est
1355 2102 1530 2151 factum,

99 2159 216 2215 quod
236 2173 320 2199 non
340 2158 530 2199 futurum
551 2158 689 2207 fuerit,
710 2157 945 2213 eodemque
964 2158 1095 2198 modo
1117 2158 1219 2198 nihil
1241 2168 1304 2198 est
1323 2158 1528 2208 futurum,

96 2216 219 2271 cujus
250 2229 334 2256 non
360 2230 506 2256 causas
533 2215 716 2270 idipsum
749 2214 973 2255 efficientes
1004 2224 1151 2255 natura
1181 2215 1407 2255 contineat.
1467 2216 1620 2256 Ex126

98 2287 184 2328 quo
204 2271 469 2327 intelligitur,
490 2281 539 2313 ut
559 2273 693 2312 fatum
725 2271 779 2312 sit
807 2286 891 2311 non
919 2271 976 2322 id,
997 2271 1112 2326 quod
1133 2271 1434 2327 superstitiose,
1456 2271 1531 2312 sed

97 2328 157 2380 id,
177 2328 290 2384 quod
311 2328 486 2384 physice
506 2328 673 2379 dicitur,
693 2342 821 2369 causa
841 2338 996 2369 aeterna
1018 2343 1170 2378 rerum,
1192 2342 1268 2368 cur
1287 2336 1328 2368 et
1349 2342 1412 2377 ea,
1433 2343 1529 2383 quae

97 2386 403 2439 praeterierunt,
430 2385 541 2426 facta
569 2386 665 2435 sint,
694 2393 750 2435 et,
782 2400 875 2439 quae
906 2385 1077 2434 instant,
1107 2385 1219 2435 fiant,
1252 2392 1307 2434 et,
1336 2399 1429 2439 quae
1464 2398 1530 2424 se-

99 2450 299 2496 quuntur,
319 2442 461 2482 futura
479 2442 574 2482 sint.
603 2441 663 2481 ita
683 2441 741 2491 fit,
762 2450 808 2481 ut
833 2450 876 2481 et
901 2441 1191 2482 observatione
1219 2441 1353 2481 notari
1384 2440 1530 2495 possit,

99 2512 195 2552 quae
222 2512 288 2538 res
316 2512 528 2553 quamque
554 2512 724 2539 causam
756 2497 1004 2553 plerumque
1032 2506 1328 2553 consequatur,
1348 2497 1476 2537 etiam
1498 2497 1532 2538 si

100 2568 184 2594 non
206 2567 383 2608 semper.
414 2569 510 2595 nam
531 2555 574 2595 id
595 2554 766 2610 quidem
788 2554 992 2594 affirmare
1013 2554 1180 2595 difficile
1200 2563 1275 2595 est.
1325 2553 1529 2594 Easdem-

100 2625 182 2666 que
213 2624 358 2650 causas
387 2611 606 2652 verisimile
636 2620 699 2651 est
728 2625 864 2651 rerum
895 2611 1128 2651 futurarum
1158 2611 1271 2652 cerni
1294 2610 1348 2651 ab
1373 2610 1436 2660 iis,
1457 2608 1529 2664 qui

100 2676 173 2708 aut
203 2680 277 2721 per
302 2666 487 2706 furorem
519 2683 603 2719 eas,
625 2676 698 2708 aut
727 2667 768 2707 in
799 2667 941 2722 quiete
968 2667 1148 2708 videant.
1207 2668 1410 2708 Praeterea
1430 2679 1526 2705 curn
1542 2665 1613 2719 56

100 2723 187 2763 fato
215 2722 357 2763 onmia
387 2722 484 2762 fiant
509 2724 568 2776 (id
588 2723 701 2779 quod
721 2723 803 2764 alio
823 2724 920 2764 loco
941 2723 1214 2774 ostendetur,)
1240 2723 1274 2763 si
1301 2721 1393 2777 quis
1413 2736 1527 2761 mor·
1544 2744 1617 2785 127

99 2779 194 2819 talis
214 2779 347 2834 possit
367 2793 473 2827 esse,
490 2780 562 2834 qui
580 2779 893 2835 colligationem
915 2794 1135 2821 causarum
1157 2779 1346 2820 omnium
1369 2777 1529 2832 perspi-

101 2835 184 2877 ciat
205 2835 360 2886 animo,
383 2834 487 2876 nihil
507 2849 605 2877 eum
625 2835 817 2890 profecto
838 2835 968 2878 fallat.
1000 2835 1072 2892 qui
1092 2836 1203 2876 enim
1223 2841 1362 2875 teneat
1383 2846 1529 2875 causas
