1778 3095
622 173 800 222 mmm
828 172 1067 210 PRIMUS.
1478 176 1556 218 407

130 294 306 342 esseque
325 285 593 332 immensum,
612 289 655 323 et
680 281 903 330 infinitum,
924 289 967 322 et
996 293 1161 335 semper
1186 279 1226 320 in
1256 287 1406 321 motu:
1438 280 1557 336 quasi

133 351 206 383 aut
225 348 295 383 aer
315 343 401 383 sine
419 340 505 382 ulla
518 339 654 379 forma
669 338 771 379 deus
790 352 879 378 esse
899 337 1046 392 possit,
1061 351 1157 378 cum
1177 337 1406 390 praesertim
1429 337 1556 377 deum

133 410 217 438 non
238 398 365 439 modo
386 397 538 451 aliqua,
557 394 628 436 sed
649 395 899 449 pulcerrima
917 395 1058 449 specie
1079 408 1169 433 esse
1190 392 1359 433 deceat:
1380 400 1451 432 aut
1473 408 1556 434 nou

132 468 272 506 omne,
295 462 333 486 43
348 453 463 509 quod
485 461 624 493 ortum
641 451 709 501 sit,
727 451 960 491 mortalitas
980 459 1275 504 consequatur.
1315 448 1418 488 Inde
1438 448 1556 489 Ana-
1577 454 1593 496 1
1611 452 1635 498 1

130 522 323 566 xagoras,
364 510 435 564 qui
470 508 635 562 accepit
671 508 722 547 ab
769 507 1029 548 Anaximene
1079 505 1357 560 disciplinam,
1396 505 1556 559 primus

131 575 172 598 ⁴²4
189 567 376 608 omnium
405 579 542 606 rerum
571 564 910 618 descriptionem,
933 572 975 603 et
1003 563 1193 612 modum,
1214 562 1365 602 mentis
1386 561 1555 601 infinitae

129 623 169 664 vi
198 637 245 663 ac
275 623 433 663 ratione
462 621 685 675 designari,
709 630 751 661 et
780 620 929 661 confici
957 619 1113 660 voluit:
1145 619 1186 659 in
1217 633 1302 673 quo
1331 632 1413 657 non
1440 617 1555 667 vidit,

129 693 265 734 neque
286 688 451 719 motum
476 673 614 718 sensui
642 679 839 733 junctum
864 685 905 717 et
926 676 1227 726 continentem,
1249 676 1289 714 in
1310 674 1471 714 infinito
1492 674 1557 714 ul—

127 735 217 778 lum
245 749 334 775 esse
360 749 483 789 posse
506 751 515 775 z
547 748 680 790 neque
703 743 740 765 45
760 748 926 774 sensum
954 733 1141 782 omnino,
1163 746 1247 787 quo
1269 746 1352 772 non
1374 731 1462 785 ipsa
1482 746 1555 770 na-

129 800 223 832 tura
242 792 362 846 pulsa
386 791 569 831 sentiret.
629 790 794 831 Deinde
824 790 858 830 si
886 798 1070 830 mentem
1101 790 1223 829 istam
1254 787 1372 843 quasi
1402 787 1556 828 anitnal

126 847 299 902 aliquod
331 862 420 888 esse
449 848 594 897 voluit,
617 848 694 887 erit
714 853 753 877 46
770 847 928 902 aliquid
957 846 1143 895 interius,
1165 860 1214 885 ex
1236 860 1321 900 quo
1342 844 1446 884 illud
1466 844 1556 884 ani-

125 904 213 944 mal
234 904 485 945 nominetur.
516 904 618 960 quid
644 912 784 943 autem
814 903 985 943 interius
1007 912 1147 942 mente
1166 903 1178 942 ?
1212 902 1405 956 cingatur
1424 900 1556 956 igitur

127 975 304 1016 corpore
324 969 509 1002 externo.
569 959 701 1002 Quod
721 959 921 1014 quoniam
951 973 1035 999 non
1062 958 1213 1013 placet,
1234 966 1270 994 47
1291 967 1434 1013 aperta
1454 957 1553 998 sim-
1565 972 1617 1011 27

126 1016 308 1081 plexque
336 1031 469 1067 mens,
490 1016 604 1057 nulla
633 1030 676 1056 re
709 1016 921 1071 adjuncta,
943 1030 1037 1071 quae
1064 1015 1216 1055 sentire
1238 1015 1386 1070 possit,
1405 1014 1554 1069 fugere
1566 1021 1597 1050 b³

124 1073 415 1129 intelligentiae
446 1083 599 1115 nostrae
629 1073 711 1114 vim
740 1081 784 1113 et
814 1073 1027 1113 notionem
1051 1071 1224 1112 videtur.
1286 1070 1556 1114 Crotoniates

124 1138 269 1171 autern
290 1129 498 1180 Alcmaeo,
520 1130 593 1185 qui
622 1129 714 1180 soli,
736 1138 779 1169 et
798 1128 925 1180 lunae,
946 1128 1200 1184 reliquisque
1225 1127 1443 1178 sideribus,
1465 1127 1556 1168 ani-

125 1197 281 1242 moque
308 1195 509 1242 praeterea
536 1186 793 1228 divinitatem
823 1186 952 1234 dedit,
975 1200 1057 1225 non
1088 1184 1230 1235 sensit,
1251 1198 1340 1224 sese
1364 1184 1555 1224 mortali-

125 1241 206 1284 bus
228 1243 353 1284 rebus
374 1243 735 1286 immortalitatem
757 1242 869 1283 dare.
928 1243 1042 1283 Nam
1066 1241 1342 1297 Pythagoras,
1362 1239 1434 1295 qui
1455 1254 1556 1280 cen-

125 1299 224 1349 suit,
246 1300 433 1340 animum
466 1314 556 1341 esse
585 1314 661 1354 per
689 1308 880 1340 naturam
907 1313 1044 1339 rerum
1075 1312 1245 1338 omnem
1268 1297 1492 1347 intentum,
1514 1305 1556 1337 et

124 1365 455 1407 commeantem,
475 1371 524 1397 ex
545 1371 630 1412 quo
650 1356 780 1396 nostri
801 1355 929 1396 animi
949 1363 1231 1410 carperentur,
1253 1368 1335 1394 non
1356 1352 1473 1403 vidit,
1489 1353 1556 1393 di-

125 1412 355 1453 stractione
375 1413 657 1453 humanorum
685 1412 921 1453 animorum
942 1411 1121 1466 discerpi
1142 1419 1183 1451 et
1204 1409 1376 1451 lacerari
1398 1409 1523 1449 deum
1544 1426 1553 1450 :

125 1476 170 1508 et
190 1483 287 1509 cum
307 1469 448 1510 miseri
468 1469 595 1510 animi
615 1478 768 1520 essent,
788 1469 902 1524 quod
931 1468 1140 1523 plerisque
1165 1467 1441 1521 contingeret,
1462 1475 1553 1506 tum

124 1523 193 1565 dei
212 1534 372 1579 partem
395 1540 484 1566 esse
504 1526 697 1567 miseram
718 1543 727 1566 :
758 1525 875 1581 quod
896 1525 983 1567 fieri
1003 1539 1087 1564 non
1107 1533 1261 1579 potest.
1306 1523 1395 1564 Cur
1411 1532 1552 1563 autem
1566 1537 1616 1569 23

119 1580 357 1636 quidquam
376 1582 590 1636 ignoraret
610 1582 773 1623 animus
794 1581 992 1631 hominis,
1009 1581 1043 1621 si
1059 1588 1168 1621 esset
1183 1580 1310 1620 deus?
1335 1578 1554 1635 quomodo

123 1649 252 1692 porro
274 1637 376 1678 deus
397 1639 490 1688 iste,
513 1638 546 1678 si
568 1638 671 1679 nihil
691 1646 800 1678 esset
820 1638 899 1678 nisi
925 1638 1104 1687 animus,
1125 1645 1198 1677 aut
1218 1636 1381 1685 infixus,
1401 1645 1473 1676 aut
1494 1636 1558 1676 in-

124 1693 243 1734 fusus
263 1704 374 1735 esset
400 1694 443 1734 in
475 1695 665 1735 mundo?
697 1696 809 1735 Tum
830 1694 1130 1748 Xenophanes,
1152 1693 1224 1748 qui
1246 1701 1386 1733 niente
1405 1691 1556 1747 adjun-

125 1757 208 1800 cta,
230 1765 354 1791 omne
375 1761 591 1806 praererea,
613 1751 729 1806 quod
757 1761 866 1792 esset
892 1750 1114 1800 infinitum,
1137 1749 1261 1790 deum
1292 1748 1424 1789 voluit
1451 1763 1555 1799 esse,

121 1805 177 1846 de
198 1807 286 1861 ipsa
304 1817 445 1848 mente
467 1807 568 1848 item
590 1807 919 1862 reprehenditur,
941 1816 988 1848 ut
1007 1806 1154 1847 ceteri:
1184 1805 1236 1846 de
1258 1805 1459 1846 infinitate
1481 1819 1556 1845 au-

124 1870 211 1902 tem
233 1863 534 1914 vehementius,
557 1864 597 1904 in
619 1879 702 1919 qua
728 1864 829 1904 nihil
851 1878 985 1918 neque
1008 1863 1200 1913 sentiens,
1223 1876 1358 1918 neque
1377 1860 1555 1916 conjun-

125 1926 240 1958 ctum
263 1927 403 1974 potest
422 1934 525 1960 esse.
564 1921 677 1961 Nam
700 1920 965 1962 Parmenides
987 1919 1332 1960 commenticium
1354 1917 1556 1973 quiddam

124 1982 166 2006 48
180 1989 347 2017 coronae
368 1975 642 2017 similitudine
663 1976 788 2018 efficit
807 1993 816 2017 :
855 1976 1095 2030 Stephanen
1115 1975 1315 2030 appellat,
1336 1975 1555 2015 continen-

125 2039 211 2071 tem
234 2032 381 2072 ardore
401 2032 505 2073 lucis
527 2033 690 2083 orbem,
708 2041 749 2067 49
764 2033 836 2088 qui
856 2033 990 2087 cingit
1009 2032 1162 2073 caelum
1181 2047 1193 2082 3
1224 2045 1351 2087 quem
1373 2031 1557 2086 appellat

125 2087 267 2128 deum.
298 2088 340 2128 in
371 2103 455 2143 quo
486 2103 621 2144 neque
652 2089 827 2144 figuram
859 2089 1055 2138 divinam,
1076 2102 1213 2143 neque
1244 2102 1411 2128 sensum
1442 2087 1558 2142 quis·

125 2158 254 2201 quam
292 2145 493 2200 suspicari
530 2153 686 2202 potest.
727 2146 862 2187 multa
901 2145 1091 2201 ejusdem
1129 2154 1318 2199 monstra
1338 2159 1351 2194 3
1402 2146 1557 2199 quippe

165 2265 205 2289 43
230 2258 306 2300 quod
317 2263 409 2287 ortum
425 2257 474 2294 sit,
490 2257 652 2286 mortalitas
668 2268 818 2299 consequa-

124 2300 187 2341 mr]
205 2303 241 2331 ln
257 2311 293 2331 eo
309 2302 394 2340 quod
415 2308 521 2331 ortum
535 2307 591 2335 est,
610 2308 721 2330 natura
738 2302 819 2330 inest

123 2351 219 2374 eausa
235 2345 356 2380 mortis,
373 2353 444 2382 quae
460 2344 537 2373 adeo
553 2345 727 2373 necessario
743 2353 817 2373 con-

122 2388 283 2426 sequitur:
307 2393 343 2417 ut
358 2387 388 2417 id
403 2393 561 2417 aetemum
585 2396 650 2417 esse
667 2396 731 2416 non
748 2396 818 2426 pos—

120 2435 172 2459 sit.

167 2478 207 2502 44
230 2472 353 2501 onmium
375 2482 468 2501 rerum
488 2470 702 2510 descriptionem
719 2477 746 2500 et
760 2483 818 2500 mo-

122 2513 206 2552 dum]
234 2515 286 2544 Sic
314 2515 384 2544 libri
413 2524 537 2544 omnes.
566 2515 659 2553 idque
684 2514 816 2553 intelligi

124 2562 225 2595 potest
239 2558 277 2586 de
292 2567 342 2594 eo,
359 2558 444 2596 quod
460 2557 512 2587 ille
533 2558 623 2594 dixit,
641 2564 677 2587 ut
698 2564 745 2587 est
767 2567 816 2596 ap.

122 2599 274 2637 Xenoph.
297 2600 330 2629 in
355 2600 457 2629 Mem.
482 2600 615 2636 Socr.1‚
633 2607 663 2630 4.
708 2600 817 2630 Deum

124 2651 162 2670 eo
178 2642 286 2671 ordine
302 2651 338 2671 ae
355 2643 450 2672 modo
466 2643 575 2673 fecisse
590 2644 765 2680 mundum,
783 2649 818 2672 ut

124 2684 239 2714 melior
263 2694 327 2713 non
351 2691 453 2723 posset
473 2687 613 2724 cogitari.
656 2686 760 2725 Atque
784 2686 816 2715 in

125 2736 162 2756 eo
177 2728 245 2766 ipso
263 2726 394 2765 intelligi
418 2734 518 2765 potest
540 2735 645 2758 motus
668 2729 816 2758 divinitus

125 2769 295 2807 impressus
312 2770 492 2807 corporibus
514 2777 545 2800 et
562 2772 585 2800 is
607 2771 737 2810 quidem
753 2781 820 2801 cer-

125 2817 177 2841 tus
203 2821 239 2841 ac
265 2813 428 2847 defluum,
455 2819 491 2841 ut
516 2813 662 2844 siderum.
709 2815 819 2853 Itaque

126 2863 192 2883 non
216 2861 292 2893 puto
318 2855 543 2896 necessarium,
566 2857 676 2894 corrigi
701 2863 819 2893 motum,

127 2902 163 2929 ut
185 2897 257 2928 viris
280 2898 378 2929 doctis
400 2897 520 2937 placuit
541 2910 547 2929 :
569 2908 627 2928 nec
643 2905 750 2929 tamen
766 2899 821 2930 ab·

860 2258 993 2288 surdum
1009 2258 1060 2295 sit,
1078 2259 1119 2288 ita
1135 2258 1235 2298 legere
1253 2268 1307 2297 pro
1325 2258 1446 2288 modam.

903 2308 942 2331 45
967 2311 1088 2337 sensum,
1109 2312 1162 2342 quo
1186 2309 1237 2329 7³:211
1260 2301 1323 2339 issa
1346 2308 1451 2329 natura
1469 2300 1558 2339 pulsa

860 2342 991 2382 sentiret]
1010 2344 1029 2373 i.
1045 2353 1070 2373 e.
1088 2353 1232 2378 sensum,
1255 2345 1310 2382 qui
1335 2353 1399 2373 non
1424 2353 1440 2373 6
1464 2350 1555 2374 motu

861 2386 957 2425 ipsius
974 2393 1095 2416 naturae
1110 2387 1284 2421 sentientis,
1301 2387 1428 2415 oriatur.

904 2434 944 2459 46
968 2428 1084 2470 aliquid
1097 2428 1229 2467 interius]
1248 2429 1368 2457 interius
1387 2429 1559 2468 opponitur

861 2472 1003 2502 exteriori
1019 2473 1037 2501 i.
1049 2482 1075 2501 6.
1092 2473 1223 2510 corpori.

904 2521 940 2549 47
960 2522 1061 2554 aperta
1077 2513 1254 2555 simplexque
1268 2513 1356 2552 mens]
1368 2520 1470 2552 aperta
1485 2523 1558 2552 quae

861 2567 925 2587 non
954 2564 1035 2587 tecta
1061 2558 1099 2587 sit
1124 2567 1269 2596 corpore:
1295 2556 1416 2596 simplex
1439 2558 1472 2586 in
1495 2566 1559 2596 qua

861 2600 940 2630 nihil
959 2602 998 2630 sit
1013 2601 1162 2635 concreti,
1180 2601 1285 2635 mixti,
1302 2600 1481 2639 compositi.

904 2650 943 2672 48
969 2654 1075 2672 corona*
1096 2640 1299 2682 similitudine]
1325 2643 1403 2672 Mss.
1427 2642 1557 2681 quidam
1596 2657 1602 2660 -

861 2696 909 2725 ap.
926 2687 1093 2716 Davisium
1109 2693 1139 2715 et
1156 2685 1263 2715 Guelf.
1279 2685 1412 2722 similem,
1426 2686 1511 2723 quod
1528 2691 1558 2713 et

862 2729 975 2768 recepit
998 2729 1162 2760 Davisius:
1189 2729 1252 2758 Ms.
1276 2729 1308 2757 in
1332 2738 1376 2758 m.
1400 2729 1448 2758 ed.
1468 2729 1502 2756 L.
1519 2727 1558 2754 si-

862 2771 952 2800 mile.-
986 2773 1040 2801 sed
1066 2771 1232 2810 vulgatum
1259 2771 1398 2800 eundem
1426 2779 1556 2799 sensum

862 2814 970 2850 efficit,
987 2821 1094 2853 estque
1110 2814 1294 2853 elegantius

907 2864 947 2889 49
963 2857 1012 2897 qui
1029 2857 1119 2896 cingit
1134 2855 1251 2894 caelmn]
1271 2855 1388 2886 Melius
1406 2855 1480 2884 foret
1498 2852 1557 2882 cin-

861 2905 925 2936 gat.

859 2953 889 2980 D
914 2939 939 2979 d
956 2952 985 2990 4
