1768 3095
214 65 288 98 114
516 61 589 100 DE
617 63 776 102 FINIB.
795 63 999 103 BONOR.
1020 63 1087 102 ET
1114 64 1325 103 MALOR.

210 167 327 222 Ergo
347 174 390 208 et
408 182 554 210 avarus
585 168 678 219 erit,
701 168 775 210 sed
804 169 942 211 finite:
977 179 1011 203 ⁵1
1029 178 1073 211 et
1104 170 1268 212 adulter
1300 182 1444 211 verum
1473 169 1646 214 habebit

209 223 416 264 modum:
446 234 490 266 et
518 224 756 266 luxuriosus
789 225 937 267 eodem
969 226 1113 268 modo.
1173 226 1322 283 Qualis
1351 226 1432 266 ista
1455 226 1647 282 philoso-

209 278 310 335 phia
338 289 416 331 est,
437 296 531 336 quae
562 297 646 322 non
679 282 895 323 interitum
927 283 1071 324 afferat
1101 283 1328 338 pravitatis,
1350 282 1424 324 sed
1456 283 1510 325 sit
1542 298 1644 326 con-

209 344 328 378 tenta
364 337 656 379 mediocritate
691 338 918 380 vitiorum?
953 354 1209 395 quamquam
1248 340 1290 381 in
1328 339 1408 381 hac
1442 338 1646 382 divisione

208 407 297 434 rem
337 393 471 449 ipsam
511 409 683 450 prorsus
722 395 883 450 probo:
920 395 1174 451 elegantiam
1215 396 1421 438 desidero.
1460 396 1646 452 appellet

208 448 301 491 haec
321 449 528 492 desideria
548 461 730 492 naturae:
751 451 994 506 cupiditatis
1016 466 1170 493 nomen
1191 462 1325 494 servet
1344 452 1442 503 alio,
1463 462 1525 503 ut,
1546 468 1645 494 cum

208 505 262 548 de
281 507 466 558 avaritia,
487 522 584 548 cum
605 507 658 548 de
678 507 1012 562 intemperantia,
1033 523 1131 549 cum
1152 508 1205 549 de
1226 508 1418 551 maximis
1439 509 1548 551 vitiis
1577 509 1645 550 lo-

145 573 195 605 28
208 571 374 618 quetur,
394 578 488 604 eam
518 572 735 619 tamquam
754 563 902 619 capitis
932 573 1115 605 accuset.
1176 565 1260 606 Sed
1285 566 1378 607 haec
1399 565 1572 622 quidem
1593 565 1646 607 li-

207 619 348 661 berius
369 621 422 661 ab
442 635 493 661 eo
515 621 728 671 dicuntur,
750 629 792 661 et
812 619 979 675 saepius.
1011 620 1127 676 quod
1157 621 1355 677 equidem
1385 637 1469 663 non
1500 636 1645 678 repre-

206 676 362 717 hendo.
394 686 458 718 est
488 677 600 717 enim
635 676 739 718 tanti
772 676 1032 733 philosophi,
1053 686 1226 733 tamque
1257 678 1424 730 nobilis,
1445 679 1645 721 audacter

205 747 281 774 sua
301 733 469 774 decreta
488 733 726 774 defendere.

261 789 346 830 Sed
378 798 520 830 tamen
552 804 603 830 ex
636 804 704 841 eo,
739 789 856 846 quod
887 805 981 831 eam
1018 790 1278 846 voluptatem
1314 793 1459 847 (quam
1494 804 1645 834 omnes

203 854 354 900 gentes
374 845 456 887 hoc
490 846 659 887 nomine
688 846 918 903 appellant)
943 847 1106 888 videtur
1135 847 1365 902 amplexari
1383 861 1496 903 saepe
1517 848 1645 889 vehe-

203 902 401 954 mentius,
419 903 459 944 in
480 903 645 959 magnis
665 903 876 944 interdum
896 913 1082 945 versatur
1100 903 1323 959 angustiis,
1339 914 1402 956 ut,
1418 903 1642 946 hominum

202 959 461 1000 conscientia
480 970 656 1010 remota,
676 959 780 1001 nihil
800 969 887 1001 tam
908 972 1029 1016 turpe
1047 960 1115 1011 sit,
1132 960 1248 1016 quod
1267 960 1496 1016 voluptatis
1517 975 1645 1002 causa

203 1029 287 1056 non
309 1015 499 1057 videatur
520 1030 611 1057 esse
631 1017 832 1058 facturus.
864 1017 1031 1068 deinde,
1052 1017 1125 1058 ubi
1148 1016 1318 1059 erubuit
1341 1018 1416 1069 (vis
1436 1017 1548 1058 enim
1580 1027 1646 1059 est

201 1085 438 1129 permagna
472 1075 647 1126 naturae)
683 1073 880 1129 confugit
910 1074 1025 1126 illuc,
1051 1082 1099 1115 ut
1129 1082 1258 1129 neget
1288 1073 1490 1115 accedere
1519 1074 1644 1130 quid-

201 1143 329 1185 quam
348 1144 475 1185 posse
494 1129 548 1171 ad
564 1130 826 1185 voluptatem
843 1130 946 1171 nihil
963 1130 1159 1171 dolentis.
1194 1131 1257 1171 At
1270 1130 1350 1172 iste
1367 1146 1452 1172 non
1471 1130 1643 1172 dolendi

201 1194 335 1227 status
355 1201 440 1228 non
455 1196 628 1227 vocatur
647 1186 853 1242 voluptas.
899 1188 1002 1228 Non
1022 1187 1187 1239 laboro,
1208 1186 1360 1243 inquit,
1382 1186 1435 1228 de
1456 1187 1643 1228 nomine.

201 1242 333 1299 Quid,
355 1242 469 1298 quod
491 1257 556 1283 res
577 1242 659 1283 alia
677 1252 769 1284 tota
789 1244 881 1283 est?
916 1243 1139 1298 Reperiam
1165 1243 1341 1295 multos,
1365 1243 1428 1284 vel
1446 1243 1641 1285 innume-

200 1298 354 1339 rabiles
387 1299 546 1354 potius,
578 1313 662 1340 non
694 1309 781 1340 tam
814 1299 1018 1351 curiosos,
1050 1314 1126 1340 nec
1159 1310 1247 1341 tam
1274 1299 1494 1352 molestos,
1515 1315 1642 1356 quam

138 1363 190 1404 29
200 1368 272 1396 vos
291 1355 390 1396 estis
410 1372 419 1396 ι
453 1356 621 1411 quibus,
643 1355 849 1412 quidquid
875 1356 1013 1407 velim,
1035 1356 1158 1397 facile
1177 1356 1464 1412 persuadeam.
1524 1356 1644 1400 Quid

200 1425 306 1468 ergo
340 1411 599 1463 dubitamus,
632 1412 749 1468 quin,
783 1413 816 1453 si
847 1427 932 1454 non
964 1412 1124 1463 dolere,
1155 1412 1347 1468 voluptas
1377 1413 1433 1454 sit
1462 1428 1642 1464 summa,

203 1483 289 1509 non
319 1482 409 1510 esse
429 1469 471 1510 in
491 1468 721 1525 voluptate,
743 1469 866 1510 dolor
887 1469 941 1510 sit
961 1469 1196 1510 maximus?
1230 1483 1305 1510 cur
1322 1469 1365 1510 id
1387 1484 1471 1511 non
1491 1469 1550 1511 ita
1569 1470 1640 1512 fit?

202 1526 316 1582 Quia
334 1523 471 1566 dolori
505 1540 590 1566 non
618 1525 810 1581 voluptas
840 1526 1049 1567 contraria
1069 1534 1146 1576 est,
1168 1525 1241 1566 sed
1262 1525 1419 1567 doloris
1450 1526 1640 1582 privatio.

122 1583 229 1630 10*
252 1588 277 1612 ἡ*
313 1590 351 1614 5¹2
372 1583 470 1623 Hoc
500 1596 598 1622 vero
630 1597 714 1622 non
748 1581 902 1633 videre,
932 1582 1117 1623 maximo
1147 1591 1416 1638 argumento,
1446 1597 1537 1624 esse
1568 1598 1642 1624 vo-

94 1637 414 1693 p.71.luptatem
449 1637 581 1689 illam,
618 1653 702 1694 qua
736 1638 916 1690 sublata,
949 1650 1076 1694 neget
1109 1653 1152 1679 se
1183 1639 1419 1695 intelligere
1452 1639 1642 1691 omnino,

162 1704 190 1725 a.
203 1694 306 1750 quid
326 1695 380 1736 sit
400 1696 577 1747 bonum,
598 1710 691 1736 eam
712 1704 854 1737 autem
886 1696 944 1736 ita
972 1695 1250 1751 persequitur,
1271 1711 1367 1751 quae
1388 1696 1530 1751 palato
1548 1710 1646 1752 per-

201 1751 396 1806 cipiatur,
418 1767 513 1807 quae
543 1751 741 1793 auribus:
773 1761 914 1793 cetera
945 1752 1078 1803 addit,
1100 1767 1194 1808 quae
1221 1753 1255 1793 si
1282 1752 1484 1808 appelles,
1505 1753 1642 1794 honos

200 1807 441 1863 praefandus
476 1808 543 1849 sit.
576 1808 659 1850 hoc
693 1808 839 1864 igitur,
876 1809 992 1864 quod
1026 1808 1166 1849 solum
1206 1809 1367 1850 bonum
1400 1824 1566 1851 severus
1600 1819 1644 1851 et

200 1865 339 1920 gravis
375 1864 661 1921 philosophus
697 1865 826 1917 novit,
863 1865 975 1906 idem
1011 1879 1095 1906 non
1126 1864 1240 1906 videt
1275 1880 1328 1906 ne
1360 1865 1641 1921 expetendum

201 1921 374 1977 quidem
396 1936 503 1973 esse,
526 1922 641 1978 quod
661 1936 755 1962 eam
776 1921 1036 1977 voluptatem
1066 1920 1149 1962 hoc
1177 1921 1327 1963 eodem
1355 1931 1528 1964 auctore
1556 1937 1642 1964 non

200 1978 499 2030 desideremus,
519 1993 617 2019 cum
639 1978 786 2020 dolore
806 1992 1038 2020 careamus.
1071 1986 1109 2011 ⁵3
1126 1993 1252 2034 quam
1283 1978 1374 2020 haec
1403 1988 1504 2020 sunt
1534 1993 1640 2020 con-

136 2045 188 2077 30
200 2035 338 2076 traria.
398 2035 485 2076 Hic
516 2035 550 2076 si
582 2035 769 2086 definire,
802 2035 865 2075 vel
895 2035 1078 2076 dividere
1110 2034 1338 2085 didicisset,
1370 2035 1406 2076 si
1440 2035 1642 2092 loquendi

199 2092 298 2142 vim,
318 2092 353 2132 si
372 2091 553 2148 denique
580 2091 930 2133 consuetudinem
961 2092 1186 2133 verborum
1212 2099 1386 2142 teneret,
1408 2106 1641 2148 numquam

200 2148 244 2189 in
293 2157 430 2190 tantas
468 2148 652 2189 salebras
689 2148 915 2190 incidisset.
968 2157 1007 2181 ⁵4
1023 2162 1135 2190 nunc
1183 2147 1311 2200 vides,
1351 2147 1453 2204 quid
1500 2148 1642 2190 faciat.

203 2214 240 2238 ⁵⁵
260 2219 387 2261 quarn
420 2219 547 2246 nemo
583 2220 787 2261 umquam
821 2205 1079 2261 voluptatem
1115 2204 1354 2260 appellavit,
1385 2213 1428 2246 et
1459 2204 1568 2246 hanc
1599 2205 1642 2246 in

201 2272 324 2303 motu
357 2262 635 2318 voluptatem,
668 2277 762 2318 quae
800 2261 887 2303 duo
922 2271 1035 2312 sunt,
1069 2275 1202 2303 unum
1236 2260 1351 2302 facit.
1384 2266 1423 2293 ⁵⁶
1440 2261 1498 2302 sic
1529 2261 1642 2302 enim

202 2318 277 2360 has
298 2333 458 2370 suaves,
477 2328 518 2360 et
540 2319 661 2375 quasi
690 2318 842 2360 dul-ces·
855 2318 1094 2374 voluptates
1121 2316 1319 2373 appellat.
1350 2316 1563 2359 interdum
1584 2318 1643 2360 ita

244 2458 278 2482 51
306 2458 334 2480 et
357 2450 488 2489 adulter]
509 2451 559 2481 Sic
575 2451 656 2481 bene
680 2451 758 2481 Mss.
774 2458 804 2481 et
827 2451 897 2482 edd.
941 2461 1117 2493 quamquam
1133 2450 1161 2481 h.
1178 2462 1201 2481 s.
1217 2461 1243 2481 c.

199 2503 246 2534 pr.
263 2494 346 2524 male
361 2495 541 2534 posteriores
558 2505 584 2522 ει
596 2495 740 2525 omisere.
986 2501 1025 2525 54
1040 2504 1115 2523 nunc
1136 2493 1231 2531 vides,
1250 2492 1454 2535 quidfaciat]
1480 2493 1561 2525 Puto
1584 2505 1645 2526 scr.

246 2544 283 2568 52
304 2537 364 2567 Hec
385 2547 459 2566 vera
482 2548 534 2566 non
557 2537 674 2576 videre}
694 2537 841 2567 Asterisci
857 2535 902 2566 la·
945 2548 974 2566 n.
991 2536 1073 2574 vide,
1090 2537 1160 2578 q.f.

201 2588 295 2611 cunae
312 2581 430 2610 indices
445 2580 484 2609 ab
500 2580 567 2609 aliis
583 2582 791 2610 omittuntur.
807 2586 901 2615 recte,
991 2587 1027 2611 55
1046 2591 1133 2621 quam
1150 2590 1228 2608 nemo
1244 2590 1273 2609 u.
1286 2577 1544 2619 v.—appellavie]
1565 2580 1646 2610 Prae-

202 2624 326 2662 opinor.
372 2622 522 2653 Ceterum
552 2624 717 2661 sequentia
743 2630 818 2652 sunt
847 2623 903 2652 ob·
947 2621 1006 2652 tuli
1029 2624 1091 2652 hoc
1114 2622 1245 2661 wilgato
1264 2621 1408 2662 appellat,
1424 2624 1511 2661 quod
1532 2624 1646 2653 oratio-

201 2674 294 2696 scura
309 2673 340 2696 et
355 2666 441 2695 haud
464 2666 559 2695 dubie
581 2666 705 2703 vitiosa,
721 2674 782 2695 nec
803 2667 900 2704 reperi
946 2665 993 2695 nis
1008 2667 1101 2695 series
1118 2675 1183 2695 non
1200 2666 1268 2695 fert.
1307 2666 1355 2695 Ita
1371 2672 1402 2695 et
1418 2665 1496 2696 Mss.
1512 2666 1646 2705 quidam

201 2711 431 2739 correctionem
448 2708 655 2748 probabilem.
945 2717 995 2747 ap.
1013 2708 1105 2739 Grut.
1122 2715 1152 2738 et
1167 2708 1346 2738 Davisium.

248 2758 285 2782 53
303 2763 389 2793 quam
404 2751 466 2780 haec
481 2758 547 2781 sunt
567 2749 726 2790 contraria]
746 2751 797 2780 Sic
821 2751 901 2781 bene
991 2756 1030 2782 56
1042 2751 1083 2781 sic
1095 2752 1169 2780 enim
1185 2750 1422 2790 has—appellat]
1438 2751 1564 2791 Nempe
1579 2761 1646 2792 que

203 2804 219 2824 e
251 2795 329 2826 Mss.
357 2795 453 2825 edidit
483 2795 642 2824 Davisius.
687 2794 806 2833 Vulgg.
832 2795 902 2825 edd.
949 2794 979 2823 in
995 2801 1071 2824 motu
1087 2794 1136 2824 sit.
1153 2804 1178 2825 s.
1194 2801 1390 2825 moventem.
