1778 3095
537 137 719 176 LIBER
747 137 1028 176 TERTIUS.
1439 147 1514 180 503

84 245 223 288 nisse:
254 254 428 304 quartus
455 247 497 288 in
528 245 725 296 Arcadia,
745 258 871 300 quem
891 244 1078 286 Arcades
1100 253 1138 277 83
1155 244 1414 288 Nomionem
1435 263 1510 304 ap-

81 303 255 358 pellant,
275 304 389 360 quod
410 305 462 345 ab
488 318 539 344 eo
572 317 616 343 se
644 302 759 357 leges
787 302 927 341 ferunt
955 303 1178 357 accepisse.
1236 301 1388 342 Dianae
1409 313 1508 345 1tem
1522 312 1571 343 08

84 360 252 415 plures.
285 361 421 416 prima
447 360 560 402 Jovis
592 367 636 400 et
669 357 942 412 Proserpinae,
964 371 1059 412 quae
1088 359 1309 413 pinnatum
1332 359 1510 423 Cupidi-

82 431 178 457 nem
207 418 402 473 genuisse
433 417 612 457 dicitur:
645 414 830 456 secunda
862 414 1016 463 notior,
1036 427 1163 468 quam
1190 415 1295 455 Jove
1324 416 1449 456 teltio
1469 427 1511 457 et

81 473 246 514 Latona
267 483 404 515 natam
426 473 687 528 accepimus:
708 472 842 512 tertiae
859 479 990 526 pater,
1008 470 1117 525 Upis
1138 470 1331 521 traditur,
1350 472 1513 513 Glauce

80 538 230 570 mater.
260 545 353 571 eam
376 538 413 561 84
430 530 569 570 Graeci
594 543 705 584 saepe
736 527 867 592 Upim
893 536 1071 583 paterno
1092 527 1264 567 nomine
1284 528 1523 582 appellant.

79 585 297 643 Dionysos
324 586 481 627 multos
517 586 754 627 habemus:
798 584 981 640 primum
1014 598 1038 624 e
1066 584 1170 625 Jove
1198 591 1240 624 et
1268 584 1514 648 Proserpina

80 650 257 683 natum:
303 642 536 683 seeundum
574 642 694 693 Nilo,
726 641 799 697 qui
833 642 1000 697 Nysam
1034 640 1188 681 dicitur
1222 640 1510 682 interemisse:

81 705 119 730 8⁵
135 699 321 749 tertium,
345 699 501 754 Caprio
531 708 662 764 patre,
682 712 866 754 eumque
897 711 1042 752 regem
1067 697 1183 738 Asiae
1207 697 1425 752 praefuisse
1446 698 1511 738 di-

78 762 207 805 cunt3
228 755 297 796 eui
318 755 496 797 Sabazia
516 765 613 797 sunt
632 756 848 797 instituta:
880 763 1073 818 quartum
1097 754 1201 795 Jove
1220 764 1263 795 et
1283 755 1420 804 Luna,
1442 755 1512 795 cui

79 825 196 851 sacra
225 812 413 867 Orphica
450 821 653 867 putantur
685 811 868 853 confici.
909 810 1104 866 quintum
1140 811 1249 852 Niso
1287 819 1434 851 natum
1468 819 1512 851 et

77 867 271 923 Thyone,
291 882 316 908 a
336 884 421 925 quo
442 868 698 932 Trieterides.
713 867 954 909 constitutae
981 875 1197 922 putantur.
1256 869 1403 909 Venus
1423 868 1509 922 pri-
1523 878 1574 918 59

77 937 148 964 ma
170 924 304 975 Caelo,
323 935 366 967 et
385 926 468 966 Die
490 936 612 976 nata3
632 924 752 981 cujus
772 923 892 964 Elide
914 923 1140 964 delubrum
1162 923 1378 965 iidemus:
1406 924 1512 966 alte-

77 994 136 1031 ra,
156 995 306 1036 spuma
324 990 557 1046 procreata,
578 996 628 1023 ex
655 995 753 1037 qua,
773 989 816 1021 et
844 980 1062 1022 Mercurio
1084 980 1339 1035 Cupidinem
1361 995 1510 1021 secun—

76 1036 179 1077 dum
219 1046 364 1078 natum
398 1039 667 1093 accepimus:
698 1037 835 1088 tertia,
871 1038 976 1079 Jove
1007 1045 1105 1077 nata
1138 1046 1180 1077 et
1212 1037 1384 1077 Diona·
1374 1053 1384 1087 3
1417 1053 1512 1092 quae

77 1094 217 1148 nupsit
238 1094 446 1135 Vulcano.
506 1095 589 1136 Sed
609 1110 659 1136 ex
678 1103 729 1135 'ea
748 1103 791 1135 et
812 1094 953 1134 Marte
983 1102 1104 1134 natus
1124 1094 1309 1134 Anteros
1330 1093 1510 1135 dieitur:

75 1160 237 1205 quarta,
257 1151 315 1206 Sy
319 1151 377 1191 ria
395 1152 594 1207 Tyroque
614 1159 839 1207 concepta3
862 1165 958 1206 quae
975 1150 1146 1191 Astarte
1168 1158 1361 1201 vocatur3
1383 1165 1512 1205 quam

75 1206 266 1248 Adonidi
287 1208 475 1263 nupsisse
496 1208 710 1263 proditum
731 1217 808 1249 est.
839 1208 1032 1247 Minerva
1051 1206 1201 1262 prima,
1222 1221 1350 1262 quam
1372 1207 1553 1262 Apol-b

76 1263 171 1303 111115
203 1271 381 1304 matrem
415 1279 542 1320 supra
568 1265 776 1305 diximus:
806 1263 992 1304 secunda
1024 1271 1116 1303 orta
1142 1263 1261 1314 Nilo,
1283 1277 1411 1318 quam
1430 1264 1511 1303 AE-

76 1319 216 1374 gyptii
244 1320 369 1361 Saitae
396 1321 570 1363 colunt·
602 1321 724 1362 tertia
744 1320 827 1370 illa,
849 1335 975 1376 quam
997 1321 1101 1361 Jove
1120 1328 1367 1374 generatam
1388 1335 1514 1375 supra

76 1376 290 1417 diximus:
323 1388 470 1432 quarta
488 1379 591 1419 Jove
620 1387 717 1418 nata
749 1387 792 1418 et
821 1376 1037 1440 Coryphe,
1059 1376 1218 1417 Oceani
1240 1376 1351 1426 filia3
1384 1391 1513 1432 quam

73 1432 261 1473 Arcades
285 1440 323 1464 86
340 1434 510 1475 Coriam
533 1435 764 1485 nominant,
782 1442 824 1474 et
844 1433 1172 1496 quadrigarum
1163 1433 1432 1473 inventricem
1450 1434 1514 1474 fe-

74 1498 202 1530 runt:
233 1491 379 1544 quinta
401 1489 610 1542 Pallantis,
633 1506 726 1546 quae
758 1498 919 1546 patrem
949 1489 1102 1530 dicitur
1135 1489 1407 1540 interemisse,
1429 1490 1510 1530 vir-

71 1545 292 1600 ginitatem
325 1561 443 1587 suam
475 1548 628 1588 violare
657 1556 915 1588 conantem:
955 1546 1024 1587 0111
1054 1553 1090 1582 87
1110 1547 1332 1609 pinnarum
1362 1546 1510 1587 talaria

73 1601 265 1656 affigunt.
327 1602 496 1658 Cupido
526 1604 701 1658 primus,
729 1603 946 1644 Mercurio
976 1611 1018 1643 et
1044 1603 1185 1643 Diana
1214 1617 1350 1657 prlma
1385 1612 1507 1644 natus
1520 1601 1573 1638 60
1607 1611 1613 1621 ”

72 1658 225 1699 dicitur
244 1675 253 1698 ε
282 1660 504 1710 secundus,
526 1659 743 1701 Mercurio
763 1668 805 1700 et
826 1661 989 1701 Venere
1011 1659 1215 1699 secunda:
1247 1660 1396 1699 tertius
1417 1660 1510 1714 qui-

74 1714 169 1755 dem
200 1724 263 1755 est
293 1717 490 1766 Anteros,
512 1718 654 1757 Niarte
675 1725 717 1757 et
735 1717 900 1757 Venere
922 1716 1056 1756 tertia.
1116 1715 1262 1770 Atque
1290 1715 1381 1756 haee
1416 1716 1510 1771 qui-

74 1771 169 1811 dem
192 1771 401 1826 ejusmodi
422 1788 472 1812 ex
493 1783 628 1814 vetere
651 1772 828 1813 Graeciae
849 1773 962 1813 fama
987 1772 1168 1812 collecta
1198 1780 1323 1813 sunt:
1356 1772 1511 1827 quibus

73 1827 273 1882 intelligis
294 1829 536 1870 resistendu
529 1845 568 1869 11
587 1844 691 1879 0550,
708 1844 760 1869 ne
778 1829 1076 1883 perturbentur
1096 1828 1337 1883 religiones.
1368 1829 1511 1870 Vestri

74 1896 217 1924 autem
255 1899 337 1925 non
368 1885 498 1925 modo
534 1885 625 1926 haec
663 1900 747 1926 11011
783 1885 993 1935 refellunt,
1023 1898 1166 1925 verum
1172 1862 1324 1926 Detiam
1357 1886 1510 1926 confir-

73 1949 206 1990 mant,
238 1941 566 1996 interpretando,
605 1956 806 1998 quorsum
840 1942 1026 1996 quidque
1061 1941 1280 1996 pertineat.
1341 1942 1425 1983 Sed
1459 1956 1510 1983 eo

67 1996 174 2052 jam,
200 1997 307 2038 unde
330 1998 411 2039 hue
432 1999 608 2053 digressi
629 2013 788 2048 sumus,
810 2007 1079 2038 revertamui.

130 2055 247 2094 Num
275 2069 419 2095 censes
447 2056 575 2110 igitur
596 2055 814 2095 subtiliore
835 2055 996 2095 ratione
1018 2069 1124 2109 opus
1145 2069 1235 2095 esse
1255 2055 1310 2095 ad
1331 2053 1422 2095 haee
1444 2069 1510 2095 re-
1524 2055 1594 2103 24

73 2109 283 2151 fellenda?
317 2126 411 2152 nam
433 2121 635 2161 mentem,
658 2111 798 2161 fidem,
820 2125 953 2165 5Ρο111,
974 2111 1186 2162 xiitutem,
1209 2111 1429 2162 honorem,
1449 2112 1507 2152 vi-
1522 2123 1569 2160 61

73 2177 156 2206 0ῖο
158 2169 265 2216 1111,1
297 2168 443 2208 salutm
447 2184 490 2217 n,
525 2168 810 2218 concordiam,
841 2176 1063 2223 ceteraque
1102 2167 1328 2222 ejusmodi,
1367 2182 1510 2208 rerum

73 2223 156 2263 vim
179 2224 332 2264 habere
356 2225 559 2275 videmus,
592 2240 676 2265 non
708 2224 899 2265 deorum.
960 2225 1051 2264 Aut
1081 2224 1193 2263 enim
1224 2224 1266 2264 in
1297 2224 1512 2265 nobismet

73 2279 213 2320 insunt
236 2281 347 2336 ipsis,
370 2290 417 2321 ut
442 2297 575 2331 mens,
606 2292 653 2322 ut
684 2281 799 2331 fides,
827 2288 865 2311 88
881 2288 928 2321 ut
957 2295 1065 2335 spes,
1098 2288 1144 2320 ut
1174 2279 1317 2330 virtus,
1336 2290 1385 2321 ut
1405 2295 1509 2321 0011-

73 2337 243 2378 cordia:
289 2347 362 2378 aut
392 2338 589 2393 optandae
625 2338 746 2379 nobis
787 2347 898 2387 sunt,
937 2345 985 2377 ut
1026 2337 1177 2387 honos,
1215 2346 1263 2377 ut
1301 2337 1429 2389 salus,
1463 2346 1511 2379 ut

119 2485 156 2509 53
182 2480 360 2519 Nomionem]
381 2482 413 2511 Pl
418 2489 485 2512 acet
510 2483 617 2512 Huetii
643 2489 769 2512 senten-
858 2487 897 2512 86
926 2480 1055 2520 Cariam]
1072 2482 1134 2511 Ms.
1150 2481 1257 2511 Guelf.
1272 2481 1393 2519 Corian,
1410 2484 1511 2514 fornia

73 2523 115 2551 tia
142 2523 285 2570 Demons
289 2530 324 2553 tr.
349 2525 403 2554 Ev.
429 2526 518 2564 l’mp.
546 2526 598 2554 IV.
624 2535 651 2555 c.
681 2532 711 2560 6,
738 2532 768 2555 3.
813 2526 939 2562 Graeca,
957 2532 991 2554 ut
1008 2533 1037 2554 et
1054 2526 1122 2554 edd.
1141 2526 1301 2563 quaedam.

74 2565 205 2604 legentis
227 2570 263 2592 Na
253 2564 296 2602 ἑιμ
300 2578 334 2595 σν.
362 2577 438 2597 nam
462 2570 506 2598 510
534 2569 635 2598 Graeci
663 2568 764 2608 appel
858 2575 894 2603 87
916 2575 947 2607 p.
967 2567 1076 2596 talaria
1091 2566 1226 2607 affigunt]
1244 2568 1321 2598 Edd.
1338 2569 1420 2600 Vict.
1436 2570 1507 2600 Ald-

74 2608 154 2644 lant,
172 2617 236 2637 non
254 2612 290 2635 No
279 2620 324 2644 σιμ
327 2621 391 2638 aaa.
808 2612 882 2649 jun.
901 2610 1052 2652 affingunt.
1071 2611 1156 2649 quod
1173 2610 1285 2650 placet.

119 2657 157 2680 84
184 2650 285 2680 Graeci
314 2657 388 2689 sepe
422 2651 521 2691 Upim]
553 2663 581 2683 e.
611 2664 639 2684 c.
671 2654 767 2684 Calli-
855 2661 893 2684 58
918 2661 952 2684 ut
974 2652 1050 2693 spes]
1082 2653 1153 2683 1-100
1180 2655 1267 2684 abest
1293 2663 1311 2682 a
1335 2654 1414 2683 Mss.
1439 2654 1509 2692 qui-

75 2694 210 2723 machus
230 2694 294 2722 11.
289 2704 321 2722 111
336 2695 475 2723 Dianam
493 2703 564 2726 204.
810 2698 960 2733 busdam,
1000 2697 1096 2726 ctiam
1136 2696 1243 2726 Guelf.
1281 2697 1366 2725 unde
1402 2696 1509 2725 delent

119 2743 156 2766 85
182 2737 298 2764 tertium
326 2735 431 2776 (aprio
450 2737 547 2775 patre]
575 2739 637 2768 Ms.
661 2739 769 2769 Guelf.
812 2740 981 2769 Walkerus
1002 2746 1032 2768 et
1054 2739 1215 2776 Davisius,
1240 2739 1335 2769 etiam
1352 2739 1384 2769 in
1400 2739 1510 2778 primis

76 2778 172 2807 habet
191 2779 299 2818 Capro,
323 2788 358 2809 111
381 2780 461 2810 alius
484 2782 566 2819 apud
588 2782 769 2811 Davisium.
813 2784 888 2821 quia
904 2792 931 2811 0.
949 2787 999 2812 36.
1024 2792 1093 2820 spes
1117 2791 1182 2811 non
1205 2789 1392 2811 numeratur
1413 2782 1446 2810 in
1462 2790 1509 2811 re-

75 2821 178 2862 placet
190 2829 296 2851 autem
313 2824 392 2852 mihi
406 2825 473 2854 Jae.
487 2824 637 2854 Gronovii
650 2824 769 2864 opinio,
812 2826 885 2861 bus,
903 2834 976 2863 quae
993 2825 1082 2854 nobis
1104 2825 1213 2860 insint,
1237 2825 1290 2854 sed
1312 2833 1384 2863 quae
1398 2831 1508 2863 opten-²

75 2865 256 2903 corrigentis
277 2865 393 2896 Cabiro,
814 2873 866 2897 tur
882 2876 900 2896 a
917 2868 995 2897 Diis.
1013 2877 1078 2897 non
1095 2869 1166 2897 satis
1184 2877 1275 2905 grave
1291 2868 1351 2897 hoc
1368 2874 1422 2896 est.

209 2908 214 2926 ¹
813 2908 947 2959 Kk4
