<?xml version="1.0" encoding="UTF-8"?>
<!DOCTYPE html PUBLIC "-//W3C//DTD XHTML 1.0 Transitional//EN"
    "http://www.w3.org/TR/xhtml1/DTD/xhtml1-transitional.dtd">
<html xmlns="http://www.w3.org/1999/xhtml" xml:lang="en" lang="en">
 <head>
  <title>
</title>
<meta http-equiv="Content-Type" content="text/html;charset=utf-8" />
  <meta name='ocr-system' content='tesseract 3.04.00' />
  <meta name='ocr-capabilities' content='ocr_page ocr_carea ocr_par ocr_line ocrx_word'/>
</head>
<body>
  <div class='ocr_page' id='page_1' title='image "./p1operaomnia04ciceuoft_0627.png"; bbox 0 0 1778 3095; ppageno 0'>
   <div class='ocr_carea' id='block_1_1' title="bbox 479 110 1494 165">
    <p class='ocr_par' dir='ltr' id='par_1_1' title="bbox 479 110 1494 165">
     <span class='ocr_line' id='line_1_1' title="bbox 479 110 1494 165; baseline 0.007 -17"><span class='ocrx_word' id='word_1_1' title='bbox 479 110 662 149; x_wconf 90' lang='lat' dir='ltr'>LIBER</span> <span class='ocrx_word' id='word_1_2' title='bbox 697 110 1090 151; x_wconf 89' lang='lat' dir='ltr'>SINGULARIS.</span> <span class='ocrx_word' id='word_1_3' title='bbox 1417 118 1494 165; x_wconf 85' lang='lat'>619</span> 
     </span>
    </p>
   </div>
   <div class='ocr_carea' id='block_1_2' title="bbox 75 217 1563 1345">
    <p class='ocr_par' dir='ltr' id='par_1_2' title="bbox 75 217 1563 1345">
     <span class='ocr_line' id='line_1_2' title="bbox 77 217 1496 275; baseline 0.005 -15"><span class='ocrx_word' id='word_1_4' title='bbox 77 218 239 260; x_wconf 89' lang='lat' dir='ltr'>tiuntur</span> <span class='ocrx_word' id='word_1_5' title='bbox 257 218 367 260; x_wconf 89' lang='lat' dir='ltr'>inter</span> <span class='ocrx_word' id='word_1_6' title='bbox 385 232 444 269; x_wconf 87' lang='lat' dir='ltr'>se,</span> <span class='ocrx_word' id='word_1_7' title='bbox 462 232 557 275; x_wconf 91' lang='lat' dir='ltr'>quae</span> <span class='ocrx_word' id='word_1_8' title='bbox 577 217 773 268; x_wconf 87' lang='lat' dir='ltr'>declinet,</span> <span class='ocrx_word' id='word_1_9' title='bbox 790 233 884 274; x_wconf 84' lang='lat' dir='ltr'>quae</span> <span class='ocrx_word' id='word_1_10' title='bbox 906 220 1020 260; x_wconf 86' lang='lat' dir='ltr'>non?</span> <span class='ocrx_word' id='word_1_11' title='bbox 1043 228 1115 261; x_wconf 88' lang='lat' dir='ltr'>aut</span> <span class='ocrx_word' id='word_1_12' title='bbox 1131 234 1206 261; x_wconf 91' lang='lat' dir='ltr'>cur</span> <span class='ocrx_word' id='word_1_13' title='bbox 1227 222 1402 266; x_wconf 84' lang='lat' dir='ltr'>minimo</span> <span class='ocrx_word' id='word_1_14' title='bbox 1420 225 1496 267; x_wconf 90' lang='lat' dir='ltr'>de-</span> 
     </span>
     <span class='ocr_line' id='line_1_3' title="bbox 75 274 1495 330; baseline 0.004 -14"><span class='ocrx_word' id='word_1_15' title='bbox 75 274 232 317; x_wconf 89' lang='lat' dir='ltr'>clinent</span> <span class='ocrx_word' id='word_1_16' title='bbox 252 275 482 326; x_wconf 87' lang='lat' dir='ltr'>intervallo,</span> <span class='ocrx_word' id='word_1_17' title='bbox 501 274 661 330; x_wconf 87' lang='lat' dir='ltr'>majore</span> <span class='ocrx_word' id='word_1_18' title='bbox 686 276 799 315; x_wconf 88' lang='lat' dir='ltr'>non?</span> <span class='ocrx_word' id='word_1_19' title='bbox 832 282 905 315; x_wconf 86' lang='lat' dir='ltr'>aut</span> <span class='ocrx_word' id='word_1_20' title='bbox 933 290 1009 316; x_wconf 93' lang='lat' dir='ltr'>cur</span> <span class='ocrx_word' id='word_1_21' title='bbox 1037 275 1246 318; x_wconf 90' lang='lat' dir='ltr'>declinent</span> <span class='ocrx_word' id='word_1_22' title='bbox 1265 294 1349 320; x_wconf 90' lang='lat' dir='ltr'>uno</span> <span class='ocrx_word' id='word_1_23' title='bbox 1371 282 1495 322; x_wconf 90' lang='lat' dir='ltr'>mini-</span> 
     </span>
     <span class='ocr_line' id='line_1_4' title="bbox 76 330 1494 390; baseline 0.004 -18"><span class='ocrx_word' id='word_1_24' title='bbox 76 345 165 383; x_wconf 88' lang='lat' dir='ltr'>mo,</span> <span class='ocrx_word' id='word_1_25' title='bbox 186 346 270 373; x_wconf 89' lang='lat' dir='ltr'>non</span> <span class='ocrx_word' id='word_1_26' title='bbox 301 332 511 373; x_wconf 89' lang='lat' dir='ltr'>declinent</span> <span class='ocrx_word' id='word_1_27' title='bbox 535 330 714 381; x_wconf 85' lang='lat' dir='ltr'>duobus,</span> <span class='ocrx_word' id='word_1_28' title='bbox 740 338 813 371; x_wconf 87' lang='lat' dir='ltr'>aut</span> <span class='ocrx_word' id='word_1_29' title='bbox 841 330 1003 371; x_wconf 85' lang='lat' dir='ltr'>tribus?</span> <span class='ocrx_word' id='word_1_30' title='bbox 1037 342 1181 387; x_wconf 89' lang='lat' dir='ltr'>optare</span> <span class='ocrx_word' id='word_1_31' title='bbox 1212 333 1293 374; x_wconf 90' lang='lat' dir='ltr'>hoc</span> <span class='ocrx_word' id='word_1_32' title='bbox 1324 337 1494 390; x_wconf 91' lang='lat' dir='ltr'>quidem</span> 
     </span>
     <span class='ocr_line' id='line_1_5' title="bbox 76 387 1556 445; baseline 0.002 -17"><span class='ocrx_word' id='word_1_33' title='bbox 76 396 154 438; x_wconf 85' lang='lat' dir='ltr'>est,</span> <span class='ocrx_word' id='word_1_34' title='bbox 175 403 260 429; x_wconf 89' lang='lat' dir='ltr'>non</span> <span class='ocrx_word' id='word_1_35' title='bbox 280 387 502 444; x_wconf 86' lang='lat' dir='ltr'>disputare.</span> <span class='ocrx_word' id='word_1_36' title='bbox 561 388 674 428; x_wconf 91' lang='lat' dir='ltr'>Nam</span> <span class='ocrx_word' id='word_1_37' title='bbox 707 400 841 441; x_wconf 87' lang='lat' dir='ltr'>neque</span> <span class='ocrx_word' id='word_1_38' title='bbox 874 387 1128 428; x_wconf 87' lang='lat' dir='ltr'>extrinsecus</span> <span class='ocrx_word' id='word_1_39' title='bbox 1155 389 1377 445; x_wconf 81' lang='lat' dir='ltr'>impulsam</span> <span class='ocrx_word' id='word_1_40' title='bbox 1403 402 1494 434; x_wconf 85' lang='lat' dir='ltr'>ato·</span> <span class='ocrx_word' id='word_1_41' title='bbox 1505 399 1556 439; x_wconf 80' lang='lat'>47</span> 
     </span>
     <span class='ocr_line' id='line_1_6' title="bbox 78 442 1497 503; baseline 0.004 -18"><span class='ocrx_word' id='word_1_42' title='bbox 78 458 195 485; x_wconf 91' lang='lat' dir='ltr'>mum</span> <span class='ocrx_word' id='word_1_43' title='bbox 216 444 312 485; x_wconf 91' lang='lat' dir='ltr'>loco</span> <span class='ocrx_word' id='word_1_44' title='bbox 333 443 503 494; x_wconf 88' lang='lat' dir='ltr'>moveri,</span> <span class='ocrx_word' id='word_1_45' title='bbox 521 451 563 484; x_wconf 89' lang='lat' dir='ltr'>et</span> <span class='ocrx_word' id='word_1_46' title='bbox 582 443 790 484; x_wconf 87' lang='lat' dir='ltr'>declinare</span> <span class='ocrx_word' id='word_1_47' title='bbox 811 442 913 483; x_wconf 86' lang='lat' dir='ltr'>dicis</span> <span class='ocrx_word' id='word_1_48' title='bbox 932 459 941 483; x_wconf 91' lang='lat'>:</span> <span class='ocrx_word' id='word_1_49' title='bbox 973 457 1108 499; x_wconf 87' lang='lat' dir='ltr'>neque</span> <span class='ocrx_word' id='word_1_50' title='bbox 1127 444 1168 485; x_wconf 93' lang='lat' dir='ltr'>in</span> <span class='ocrx_word' id='word_1_51' title='bbox 1188 447 1260 486; x_wconf 89' lang='lat' dir='ltr'>illo</span> <span class='ocrx_word' id='word_1_52' title='bbox 1280 447 1404 498; x_wconf 85' lang='lat' dir='ltr'>inani,</span> <span class='ocrx_word' id='word_1_53' title='bbox 1424 463 1497 503; x_wconf 90' lang='lat' dir='ltr'>per</span> 
     </span>
     <span class='ocr_line' id='line_1_7' title="bbox 75 498 1497 556; baseline 0.003 -15"><span class='ocrx_word' id='word_1_54' title='bbox 75 500 192 556; x_wconf 90' lang='lat' dir='ltr'>quod</span> <span class='ocrx_word' id='word_1_55' title='bbox 221 501 376 542; x_wconf 85' lang='lat' dir='ltr'>feratur</span> <span class='ocrx_word' id='word_1_56' title='bbox 404 508 585 550; x_wconf 87' lang='lat' dir='ltr'>atomus,</span> <span class='ocrx_word' id='word_1_57' title='bbox 605 500 835 556; x_wconf 84' lang='lat' dir='ltr'>quidquam</span> <span class='ocrx_word' id='word_1_58' title='bbox 864 498 991 540; x_wconf 90' lang='lat' dir='ltr'>fuisse</span> <span class='ocrx_word' id='word_1_59' title='bbox 1021 513 1172 552; x_wconf 88' lang='lat' dir='ltr'>causae,</span> <span class='ocrx_word' id='word_1_60' title='bbox 1193 516 1269 542; x_wconf 89' lang='lat' dir='ltr'>cur</span> <span class='ocrx_word' id='word_1_61' title='bbox 1295 517 1344 543; x_wconf 84' lang='lat' dir='ltr'>ea</span> <span class='ocrx_word' id='word_1_62' title='bbox 1372 518 1453 545; x_wconf 91' lang='lat' dir='ltr'>non</span> <span class='ocrx_word' id='word_1_63' title='bbox 1474 520 1497 545; x_wconf 88' lang='lat' dir='ltr'>e</span> 
     </span>
     <span class='ocr_line' id='line_1_8' title="bbox 78 557 1500 613; baseline 0.003 -16"><span class='ocrx_word' id='word_1_64' title='bbox 78 557 251 612; x_wconf 84' lang='lat' dir='ltr'>regione</span> <span class='ocrx_word' id='word_1_65' title='bbox 269 558 466 598; x_wconf 85' lang='lat' dir='ltr'>ferretur:</span> <span class='ocrx_word' id='word_1_66' title='bbox 490 570 565 597; x_wconf 89' lang='lat' dir='ltr'>nec</span> <span class='ocrx_word' id='word_1_67' title='bbox 582 557 624 597; x_wconf 91' lang='lat' dir='ltr'>in</span> <span class='ocrx_word' id='word_1_68' title='bbox 641 557 732 612; x_wconf 87' lang='lat' dir='ltr'>ipsa</span> <span class='ocrx_word' id='word_1_69' title='bbox 748 564 891 597; x_wconf 89' lang='lat' dir='ltr'>atomo</span> <span class='ocrx_word' id='word_1_70' title='bbox 906 557 1150 597; x_wconf 83' lang='lat' dir='ltr'><strong>mutationis</strong></span> <span class='ocrx_word' id='word_1_71' title='bbox 1170 557 1326 613; x_wconf 88' lang='lat' dir='ltr'>aliquid</span> <span class='ocrx_word' id='word_1_72' title='bbox 1342 560 1500 601; x_wconf 83' lang='lat' dir='ltr'>factum</span> 
     </span>
     <span class='ocr_line' id='line_1_9' title="bbox 76 612 1499 668; baseline 0.004 -15"><span class='ocrx_word' id='word_1_73' title='bbox 76 622 155 662; x_wconf 88' lang='lat' dir='ltr'>est,</span> <span class='ocrx_word' id='word_1_74' title='bbox 176 613 450 668; x_wconf 86' lang='lat' dir='ltr'>quamobrem</span> <span class='ocrx_word' id='word_1_75' title='bbox 473 613 700 654; x_wconf 84' lang='lat' dir='ltr'>naturalem</span> <span class='ocrx_word' id='word_1_76' title='bbox 726 613 789 653; x_wconf 88' lang='lat' dir='ltr'>sui</span> <span class='ocrx_word' id='word_1_77' title='bbox 819 612 1015 668; x_wconf 89' lang='lat' dir='ltr'>ponderis</span> <span class='ocrx_word' id='word_1_78' title='bbox 1034 622 1199 654; x_wconf 89' lang='lat' dir='ltr'>motum</span> <span class='ocrx_word' id='word_1_79' title='bbox 1221 629 1304 655; x_wconf 90' lang='lat' dir='ltr'>non</span> <span class='ocrx_word' id='word_1_80' title='bbox 1326 624 1499 658; x_wconf 90' lang='lat' dir='ltr'>teneret.</span> 
     </span>
     <span class='ocr_line' id='line_1_10' title="bbox 78 668 1500 725; baseline 0.002 -15"><span class='ocrx_word' id='word_1_81' title='bbox 78 668 146 710; x_wconf 87' lang='lat' dir='ltr'>Ita</span> <span class='ocrx_word' id='word_1_82' title='bbox 163 683 261 710; x_wconf 87' lang='lat' dir='ltr'>cum</span> <span class='ocrx_word' id='word_1_83' title='bbox 282 669 491 710; x_wconf 84' lang='lat' dir='ltr'><strong>attulisset</strong></span> <span class='ocrx_word' id='word_1_84' title='bbox 512 669 669 710; x_wconf 86' lang='lat' dir='ltr'>nullam</span> <span class='ocrx_word' id='word_1_85' title='bbox 691 683 874 719; x_wconf 77' lang='lat' dir='ltr'>causam,</span> <span class='ocrx_word' id='word_1_86' title='bbox 895 683 989 725; x_wconf 86' lang='lat' dir='ltr'>quae</span> <span class='ocrx_word' id='word_1_87' title='bbox 1022 669 1145 711; x_wconf 85' lang='lat' dir='ltr'>istam</span> <span class='ocrx_word' id='word_1_88' title='bbox 1178 670 1500 713; x_wconf 81' lang='lat' dir='ltr'>declinationem</span> 
     </span>
     <span class='ocr_line' id='line_1_11' title="bbox 80 725 1501 780; baseline 0.004 -16"><span class='ocrx_word' id='word_1_89' title='bbox 80 725 285 767; x_wconf 89' lang='lat' dir='ltr'>efficeret:</span> <span class='ocrx_word' id='word_1_90' title='bbox 316 735 458 767; x_wconf 88' lang='lat' dir='ltr'>tamen</span> <span class='ocrx_word' id='word_1_91' title='bbox 489 726 647 780; x_wconf 87' lang='lat' dir='ltr'>aliquid</span> <span class='ocrx_word' id='word_1_92' title='bbox 679 726 758 766; x_wconf 88' lang='lat' dir='ltr'>sibi</span> <span class='ocrx_word' id='word_1_93' title='bbox 788 725 924 766; x_wconf 82' lang='lat' dir='ltr'>dicere</span> <span class='ocrx_word' id='word_1_94' title='bbox 952 725 1143 777; x_wconf 78' lang='lat' dir='ltr'>videtur3</span> <span class='ocrx_word' id='word_1_95' title='bbox 1175 741 1271 768; x_wconf 88' lang='lat' dir='ltr'>cum</span> <span class='ocrx_word' id='word_1_96' title='bbox 1301 727 1344 768; x_wconf 88' lang='lat' dir='ltr'>id</span> <span class='ocrx_word' id='word_1_97' title='bbox 1374 728 1501 780; x_wconf 80' lang='lat' dir='ltr'>dicat,</span> 
     </span>
     <span class='ocr_line' id='line_1_12' title="bbox 79 780 1563 838; baseline 0.003 -16"><span class='ocrx_word' id='word_1_98' title='bbox 79 780 194 836; x_wconf 92' lang='lat' dir='ltr'>quod</span> <span class='ocrx_word' id='word_1_99' title='bbox 224 782 412 823; x_wconf 91' lang='lat' dir='ltr'>omnium</span> <span class='ocrx_word' id='word_1_100' title='bbox 443 792 604 823; x_wconf 86' lang='lat' dir='ltr'>mentes</span> <span class='ocrx_word' id='word_1_101' title='bbox 635 790 919 838; x_wconf 83' lang='lat' dir='ltr'>aspernentur,</span> <span class='ocrx_word' id='word_1_102' title='bbox 945 796 994 823; x_wconf 84' lang='lat' dir='ltr'>ac</span> <span class='ocrx_word' id='word_1_103' title='bbox 1024 791 1232 838; x_wconf 89' lang='lat' dir='ltr'>respuant.</span> <span class='ocrx_word' id='word_1_104' title='bbox 1290 785 1383 825; x_wconf 90' lang='lat' dir='ltr'>Nec</span> <span class='ocrx_word' id='word_1_105' title='bbox 1404 800 1500 826; x_wconf 84' lang='lat' dir='ltr'>vero</span> <span class='ocrx_word' id='word_1_106' title='bbox 1511 799 1563 832; x_wconf 82' lang='lat'>48</span> 
     </span>
     <span class='ocr_line' id='line_1_13' title="bbox 80 837 1502 894; baseline 0.003 -16"><span class='ocrx_word' id='word_1_107' title='bbox 80 837 303 893; x_wconf 86' lang='lat' dir='ltr'>quisquam</span> <span class='ocrx_word' id='word_1_108' title='bbox 331 839 466 894; x_wconf 83' lang='lat' dir='ltr'>magis</span> <span class='ocrx_word' id='word_1_109' title='bbox 494 837 739 880; x_wconf 86' lang='lat' dir='ltr'>confirmare</span> <span class='ocrx_word' id='word_1_110' title='bbox 766 837 871 878; x_wconf 85' lang='lat' dir='ltr'>mihi</span> <span class='ocrx_word' id='word_1_111' title='bbox 901 837 1063 879; x_wconf 89' lang='lat' dir='ltr'>videtur</span> <span class='ocrx_word' id='word_1_112' title='bbox 1090 854 1173 880; x_wconf 91' lang='lat' dir='ltr'>non</span> <span class='ocrx_word' id='word_1_113' title='bbox 1201 840 1330 881; x_wconf 91' lang='lat' dir='ltr'>modo</span> <span class='ocrx_word' id='word_1_114' title='bbox 1352 841 1502 893; x_wconf 80' lang='lat' dir='ltr'>fatum,</span> 
     </span>
     <span class='ocr_line' id='line_1_14' title="bbox 81 894 1503 946; baseline 0.004 -12"><span class='ocrx_word' id='word_1_115' title='bbox 81 908 225 935; x_wconf 89' lang='lat' dir='ltr'>verum</span> <span class='ocrx_word' id='word_1_116' title='bbox 245 894 371 935; x_wconf 87' lang='lat' dir='ltr'>etiam</span> <span class='ocrx_word' id='word_1_117' title='bbox 392 895 697 946; x_wconf 84' lang='lat' dir='ltr'>necessitatem,</span> <span class='ocrx_word' id='word_1_118' title='bbox 718 904 760 935; x_wconf 91' lang='lat' dir='ltr'>et</span> <span class='ocrx_word' id='word_1_119' title='bbox 779 894 861 934; x_wconf 90' lang='lat' dir='ltr'>vim</span> <span class='ocrx_word' id='word_1_120' title='bbox 881 895 1071 936; x_wconf 90' lang='lat' dir='ltr'>omnium</span> <span class='ocrx_word' id='word_1_121' title='bbox 1091 910 1245 946; x_wconf 89' lang='lat' dir='ltr'>rerum,</span> <span class='ocrx_word' id='word_1_122' title='bbox 1265 898 1503 939; x_wconf 87' lang='lat' dir='ltr'>sustulisse-</span> 
     </span>
     <span class='ocr_line' id='line_1_15' title="bbox 82 951 1505 1006; baseline 0.003 -15"><span class='ocrx_word' id='word_1_123' title='bbox 82 963 165 1005; x_wconf 90' lang='lat' dir='ltr'>que</span> <span class='ocrx_word' id='word_1_124' title='bbox 191 959 331 992; x_wconf 88' lang='lat' dir='ltr'>motus</span> <span class='ocrx_word' id='word_1_125' title='bbox 361 951 487 992; x_wconf 87' lang='lat' dir='ltr'>animi</span> <span class='ocrx_word' id='word_1_126' title='bbox 516 951 784 1001; x_wconf 87' lang='lat' dir='ltr'>voluntarios,</span> <span class='ocrx_word' id='word_1_127' title='bbox 806 965 931 1005; x_wconf 88' lang='lat' dir='ltr'>quam</span> <span class='ocrx_word' id='word_1_128' title='bbox 957 951 1041 1002; x_wconf 86' lang='lat' dir='ltr'>hic,</span> <span class='ocrx_word' id='word_1_129' title='bbox 1060 952 1132 1006; x_wconf 90' lang='lat' dir='ltr'>qui</span> <span class='ocrx_word' id='word_1_130' title='bbox 1155 952 1276 993; x_wconf 87' lang='lat' dir='ltr'>aliter</span> <span class='ocrx_word' id='word_1_131' title='bbox 1303 954 1505 995; x_wconf 84' lang='lat' dir='ltr'>obsistere</span> 
     </span>
     <span class='ocr_line' id='line_1_16' title="bbox 83 1006 1506 1063; baseline 0.004 -17"><span class='ocrx_word' id='word_1_132' title='bbox 83 1006 174 1047; x_wconf 83' lang='lat' dir='ltr'>fato</span> <span class='ocrx_word' id='word_1_133' title='bbox 193 1006 347 1048; x_wconf 84' lang='lat' dir='ltr'>fatetur</span> <span class='ocrx_word' id='word_1_134' title='bbox 366 1022 410 1048; x_wconf 91' lang='lat' dir='ltr'>se</span> <span class='ocrx_word' id='word_1_135' title='bbox 431 1022 515 1048; x_wconf 90' lang='lat' dir='ltr'>non</span> <span class='ocrx_word' id='word_1_136' title='bbox 535 1007 736 1063; x_wconf 85' lang='lat' dir='ltr'>potuisse,</span> <span class='ocrx_word' id='word_1_137' title='bbox 755 1007 833 1048; x_wconf 90' lang='lat' dir='ltr'>nisi</span> <span class='ocrx_word' id='word_1_138' title='bbox 861 1006 913 1047; x_wconf 89' lang='lat' dir='ltr'>ad</span> <span class='ocrx_word' id='word_1_139' title='bbox 940 1006 1015 1048; x_wconf 87' lang='lat' dir='ltr'>has</span> <span class='ocrx_word' id='word_1_140' title='bbox 1041 1009 1355 1050; x_wconf 86' lang='lat' dir='ltr'>commenticias</span> <span class='ocrx_word' id='word_1_141' title='bbox 1377 1010 1506 1051; x_wconf 89' lang='lat' dir='ltr'>decli-</span> 
     </span>
     <span class='ocr_line' id='line_1_17' title="bbox 83 1062 1506 1122; baseline 0.004 -19"><span class='ocrx_word' id='word_1_142' title='bbox 83 1062 274 1104; x_wconf 86' lang='lat' dir='ltr'>nationes</span> <span class='ocrx_word' id='word_1_143' title='bbox 310 1064 585 1120; x_wconf 85' lang='lat' dir='ltr'>confugisset.</span> <span class='ocrx_word' id='word_1_144' title='bbox 631 1078 742 1115; x_wconf 87' lang='lat' dir='ltr'>nam,</span> <span class='ocrx_word' id='word_1_145' title='bbox 777 1072 824 1104; x_wconf 91' lang='lat' dir='ltr'>ut</span> <span class='ocrx_word' id='word_1_146' title='bbox 857 1072 994 1104; x_wconf 86' lang='lat' dir='ltr'>essent</span> <span class='ocrx_word' id='word_1_147' title='bbox 1024 1066 1169 1116; x_wconf 84' lang='lat' dir='ltr'>atomi,</span> <span class='ocrx_word' id='word_1_148' title='bbox 1199 1080 1301 1121; x_wconf 89' lang='lat' dir='ltr'>quas</span> <span class='ocrx_word' id='word_1_149' title='bbox 1334 1066 1506 1122; x_wconf 87' lang='lat' dir='ltr'>quidem</span> 
     </span>
     <span class='ocr_line' id='line_1_18' title="bbox 86 1119 1506 1176; baseline 0.003 -16"><span class='ocrx_word' id='word_1_150' title='bbox 86 1132 192 1170; x_wconf 88' lang='lat' dir='ltr'>esse,</span> <span class='ocrx_word' id='word_1_151' title='bbox 212 1119 317 1161; x_wconf 90' lang='lat' dir='ltr'>mihi</span> <span class='ocrx_word' id='word_1_152' title='bbox 347 1121 515 1176; x_wconf 84' lang='lat' dir='ltr'>probari</span> <span class='ocrx_word' id='word_1_153' title='bbox 542 1119 659 1161; x_wconf 90' lang='lat' dir='ltr'>nullo</span> <span class='ocrx_word' id='word_1_154' title='bbox 686 1119 816 1161; x_wconf 90' lang='lat' dir='ltr'>modo</span> <span class='ocrx_word' id='word_1_155' title='bbox 840 1128 1007 1175; x_wconf 84' lang='lat' dir='ltr'>potest:</span> <span class='ocrx_word' id='word_1_156' title='bbox 1039 1129 1179 1162; x_wconf 89' lang='lat' dir='ltr'>tamen</span> <span class='ocrx_word' id='word_1_157' title='bbox 1207 1122 1506 1164; x_wconf 87' lang='lat' dir='ltr'>declinationes</span> 
     </span>
     <span class='ocr_line' id='line_1_19' title="bbox 85 1173 1508 1234; baseline 0.004 -19"><span class='ocrx_word' id='word_1_158' title='bbox 85 1173 177 1216; x_wconf 89' lang='lat' dir='ltr'>istae</span> <span class='ocrx_word' id='word_1_159' title='bbox 200 1190 429 1231; x_wconf 85' lang='lat' dir='ltr'>numquam</span> <span class='ocrx_word' id='word_1_160' title='bbox 449 1176 766 1233; x_wconf 83' lang='lat' dir='ltr'>explicarentur.</span> <span class='ocrx_word' id='word_1_161' title='bbox 797 1191 893 1217; x_wconf 85' lang='lat' dir='ltr'>nam</span> <span class='ocrx_word' id='word_1_162' title='bbox 916 1177 950 1216; x_wconf 86' lang='lat' dir='ltr'>si</span> <span class='ocrx_word' id='word_1_163' title='bbox 969 1178 1134 1228; x_wconf 85' lang='lat' dir='ltr'>atomis,</span> <span class='ocrx_word' id='word_1_164' title='bbox 1156 1187 1204 1219; x_wconf 92' lang='lat' dir='ltr'>ut</span> <span class='ocrx_word' id='word_1_165' title='bbox 1223 1179 1425 1234; x_wconf 85' lang='lat' dir='ltr'>gravitate</span> <span class='ocrx_word' id='word_1_166' title='bbox 1446 1179 1508 1220; x_wconf 90' lang='lat' dir='ltr'>fe-</span> 
     </span>
     <span class='ocr_line' id='line_1_20' title="bbox 86 1233 1509 1291; baseline 0.003 -19"><span class='ocrx_word' id='word_1_167' title='bbox 86 1240 244 1284; x_wconf 87' lang='lat' dir='ltr'>rantur,</span> <span class='ocrx_word' id='word_1_168' title='bbox 264 1233 469 1274; x_wconf 89' lang='lat' dir='ltr'>tributum</span> <span class='ocrx_word' id='word_1_169' title='bbox 499 1242 563 1274; x_wconf 87' lang='lat' dir='ltr'>est</span> <span class='ocrx_word' id='word_1_170' title='bbox 592 1233 835 1274; x_wconf 87' lang='lat' dir='ltr'>necessitate</span> <span class='ocrx_word' id='word_1_171' title='bbox 865 1243 1038 1283; x_wconf 68' lang='lat' dir='ltr'>naturae,</span> <span class='ocrx_word' id='word_1_172' title='bbox 1059 1234 1172 1290; x_wconf 92' lang='lat' dir='ltr'>quod</span> <span class='ocrx_word' id='word_1_173' title='bbox 1198 1249 1322 1275; x_wconf 89' lang='lat' dir='ltr'>omne</span> <span class='ocrx_word' id='word_1_174' title='bbox 1344 1235 1509 1291; x_wconf 90' lang='lat' dir='ltr'>pondus</span> 
     </span>
     <span class='ocr_line' id='line_1_21' title="bbox 87 1288 1509 1345; baseline 0.004 -18"><span class='ocrx_word' id='word_1_175' title='bbox 87 1288 203 1328; x_wconf 86' lang='lat' dir='ltr'>nulla</span> <span class='ocrx_word' id='word_1_176' title='bbox 222 1303 265 1330; x_wconf 90' lang='lat' dir='ltr'>re</span> <span class='ocrx_word' id='word_1_177' title='bbox 284 1289 537 1345; x_wconf 88' lang='lat' dir='ltr'>impediente</span> <span class='ocrx_word' id='word_1_178' title='bbox 566 1299 796 1340; x_wconf 78' lang='lat' dir='ltr'>moveatur,</span> <span class='ocrx_word' id='word_1_179' title='bbox 827 1299 870 1330; x_wconf 91' lang='lat' dir='ltr'>et</span> <span class='ocrx_word' id='word_1_180' title='bbox 898 1290 1054 1332; x_wconf 86' lang='lat' dir='ltr'>feratur</span> <span class='ocrx_word' id='word_1_181' title='bbox 1086 1305 1254 1332; x_wconf 85' lang='lat' dir='ltr'>necesse</span> <span class='ocrx_word' id='word_1_182' title='bbox 1282 1301 1372 1332; x_wconf 90' lang='lat' dir='ltr'>est:</span> <span class='ocrx_word' id='word_1_183' title='bbox 1404 1291 1509 1333; x_wconf 90' lang='lat' dir='ltr'>illud</span> 
     </span>
    </p>
   </div>
   <div class='ocr_carea' id='block_1_3' title="bbox 88 1346 1511 1451">
    <p class='ocr_par' dir='ltr' id='par_1_3' title="bbox 88 1346 1511 1451">
     <span class='ocr_line' id='line_1_22' title="bbox 88 1346 1511 1402; baseline 0.004 -18"><span class='ocrx_word' id='word_1_184' title='bbox 88 1358 258 1400; x_wconf 92' lang='lat' dir='ltr'>quoque</span> <span class='ocrx_word' id='word_1_185' title='bbox 285 1360 452 1388; x_wconf 90' lang='lat' dir='ltr'>necesse</span> <span class='ocrx_word' id='word_1_186' title='bbox 481 1355 559 1397; x_wconf 88' lang='lat' dir='ltr'>est,</span> <span class='ocrx_word' id='word_1_187' title='bbox 581 1346 788 1387; x_wconf 87' lang='lat' dir='ltr'>declinare</span> <span class='ocrx_word' id='word_1_188' title='bbox 815 1346 1066 1402; x_wconf 86' lang='lat' dir='ltr'>quibusdam</span> <span class='ocrx_word' id='word_1_189' title='bbox 1099 1348 1266 1399; x_wconf 85' lang='lat' dir='ltr'>atomis,</span> <span class='ocrx_word' id='word_1_190' title='bbox 1285 1347 1364 1398; x_wconf 74' lang='lat' dir='ltr'>vel,</span> <span class='ocrx_word' id='word_1_191' title='bbox 1384 1347 1418 1389; x_wconf 86' lang='lat' dir='ltr'>si</span> <span class='ocrx_word' id='word_1_192' title='bbox 1435 1362 1511 1390; x_wconf 85' lang='lat' dir='ltr'>vo-</span> 
     </span>
     <span class='ocr_line' id='line_1_23' title="bbox 90 1398 694 1451; baseline 0.007 -11"><span class='ocrx_word' id='word_1_193' title='bbox 90 1398 198 1451; x_wconf 87' lang='lat' dir='ltr'>lunt,</span> <span class='ocrx_word' id='word_1_194' title='bbox 220 1402 416 1445; x_wconf 86' lang='lat' dir='ltr'>omnibus</span> <span class='ocrx_word' id='word_1_195' title='bbox 437 1403 694 1445; x_wconf 86' lang='lat' dir='ltr'>naturaliter.</span> 
     </span>
    </p>
   </div>
   <div class='ocr_carea' id='block_1_4' title="bbox 636 1514 961 1557">
    <p class='ocr_par' dir='ltr' id='par_1_4' title="bbox 636 1514 961 1557">
     <span class='ocr_line' id='line_1_24' title="bbox 636 1514 961 1557; baseline -0.006 0"><span class='ocrx_word' id='word_1_196' title='bbox 636 1515 781 1557; x_wconf 74' lang='lat' dir='ltr'>Multa</span> <span class='ocrx_word' id='word_1_197' title='bbox 805 1514 961 1556; x_wconf 70' lang='lat' dir='ltr'>desunt.</span> 
     </span>
    </p>
   </div>
  </div>
 </body>
</html>
