<?xml version="1.0" encoding="UTF-8"?>
<!DOCTYPE html PUBLIC "-//W3C//DTD XHTML 1.0 Transitional//EN"
    "http://www.w3.org/TR/xhtml1/DTD/xhtml1-transitional.dtd">
<html xmlns="http://www.w3.org/1999/xhtml" xml:lang="en" lang="en">
 <head>
  <title>
</title>
<meta http-equiv="Content-Type" content="text/html;charset=utf-8" />
  <meta name='ocr-system' content='tesseract 3.04.00' />
  <meta name='ocr-capabilities' content='ocr_page ocr_carea ocr_par ocr_line ocrx_word'/>
</head>
<body>
  <div class='ocr_page' id='page_1' title='image "./p1operaomnia04ciceuoft_0106.png"; bbox 0 0 1768 3095; ppageno 0'>
   <div class='ocr_carea' id='block_1_1' title="bbox 243 80 1377 133">
    <p class='ocr_par' dir='ltr' id='par_1_1' title="bbox 243 80 1377 133">
     <span class='ocr_line' id='line_1_1' title="bbox 243 80 1377 133; baseline 0.003 -16"><span class='ocrx_word' id='word_1_1' title='bbox 243 90 305 133; x_wconf 71' lang='lat'><strong>-98</strong></span> <span class='ocrx_word' id='word_1_2' title='bbox 559 81 632 120; x_wconf 65' lang='lat' dir='ltr'><strong>mc</strong></span> <span class='ocrx_word' id='word_1_3' title='bbox 658 80 816 121; x_wconf 79' lang='lat' dir='ltr'><strong>FINIB.</strong></span> <span class='ocrx_word' id='word_1_4' title='bbox 844 80 1044 123; x_wconf 64' lang='lat' dir='ltr'><strong>nomon.</strong></span> <span class='ocrx_word' id='word_1_5' title='bbox 1073 83 1141 121; x_wconf 80' lang='lat' dir='ltr'><strong>ET</strong></span> <span class='ocrx_word' id='word_1_6' title='bbox 1166 82 1377 122; x_wconf 67' lang='lat' dir='ltr'><strong>MALon.</strong></span> 
     </span>
    </p>
   </div>
   <div class='ocr_carea' id='block_1_2' title="bbox 153 190 1702 2513">
    <p class='ocr_par' dir='ltr' id='par_1_2' title="bbox 196 190 1693 758">
     <span class='ocr_line' id='line_1_2' title="bbox 196 190 1687 248; baseline -0.001 -13"><span class='ocrx_word' id='word_1_7' title='bbox 196 190 343 238; x_wconf 76' lang='lat' dir='ltr'><strong>sotale</strong></span> <span class='ocrx_word' id='word_1_8' title='bbox 371 198 626 234; x_wconf 81' lang='lat' dir='ltr'><strong>metuamus.</strong></span> <span class='ocrx_word' id='word_1_9' title='bbox 683 191 780 233; x_wconf 87' lang='lat' dir='ltr'><strong>Jam</strong></span> <span class='ocrx_word' id='word_1_10' title='bbox 810 190 916 233; x_wconf 87' lang='lat' dir='ltr'><strong>illud</strong></span> <span class='ocrx_word' id='word_1_11' title='bbox 938 190 1118 248; x_wconf 69' lang='lat' dir='ltr'><strong>⁴quidem</strong></span> <span class='ocrx_word' id='word_1_12' title='bbox 1146 190 1416 247; x_wconf 82' lang='lat' dir='ltr'><strong>perspicuum</strong></span> <span class='ocrx_word' id='word_1_13' title='bbox 1444 197 1525 243; x_wconf 64' lang='lat' dir='ltr'><strong>cst,</strong></span> <span class='ocrx_word' id='word_1_14' title='bbox 1552 190 1687 234; x_wconf 75' lang='lat' dir='ltr'><strong>maxi-</strong></span> 
     </span>
     <span class='ocr_line' id='line_1_3' title="bbox 256 247 1690 304; baseline -0.001 -14"><span class='ocrx_word' id='word_1_15' title='bbox 256 251 371 290; x_wconf 68' lang='lat' dir='ltr'><strong>mam</strong></span> <span class='ocrx_word' id='word_1_16' title='bbox 389 247 522 290; x_wconf 67' lang='lat' dir='ltr'><strong>aniini-</strong></span> <span class='ocrx_word' id='word_1_17' title='bbox 548 254 622 290; x_wconf 79' lang='lat' dir='ltr'><strong>aut</strong></span> <span class='ocrx_word' id='word_1_18' title='bbox 651 248 928 304; x_wconf 79' lang='lat' dir='ltr'><strong>voluptatem,</strong></span> <span class='ocrx_word' id='word_1_19' title='bbox 947 258 1021 290; x_wconf 82' lang='lat' dir='ltr'><strong>aut</strong></span> <span class='ocrx_word' id='word_1_20' title='bbox 1048 247 1284 290; x_wconf 66' lang='lat' dir='ltr'><strong>molestiam</strong></span> <span class='ocrx_word' id='word_1_21' title='bbox 1306 247 1408 304; x_wconf 64' lang='lat' dir='ltr'><strong>plus⁴</strong></span> <span class='ocrx_word' id='word_1_22' title='bbox 1421 255 1495 289; x_wconf 74' lang='lat' dir='ltr'><strong>aut</strong></span> <span class='ocrx_word' id='word_1_23' title='bbox 1512 247 1573 289; x_wconf 74' lang='lat' dir='ltr'><strong>ad,</strong></span> <span class='ocrx_word' id='word_1_24' title='bbox 1586 248 1690 290; x_wconf 69' lang='lat' dir='ltr'><strong>bea.-</strong></span> 
     </span>
     <span class='ocr_line' id='line_1_4' title="bbox 256 305 1693 360; baseline 0 -14"><span class='ocrx_word' id='word_1_25' title='bbox 256 308 364 356; x_wconf 69' lang='lat' dir='ltr'><strong>{am,</strong></span> <span class='ocrx_word' id='word_1_26' title='bbox 381 309 478 346; x_wconf 79' lang='lat' dir='ltr'><strong>&#39;aut&#39;</strong></span> <span class='ocrx_word' id='word_1_27' title='bbox 502 305 559 346; x_wconf 63' lang='lat' dir='ltr'><strong>ad&gt;</strong></span> <span class='ocrx_word' id='word_1_28' title='bbox 587 305 782 347; x_wconf 75' lang='lat' dir='ltr'>miseram</span> <span class='ocrx_word' id='word_1_29' title='bbox 814 305 947 346; x_wconf 70' lang='lat' dir='ltr'><strong>vitam:</strong></span> <span class='ocrx_word' id='word_1_30' title='bbox 960 305 1123 346; x_wconf 51' lang='lat' dir='ltr'><strong>afferre</strong></span> <span class='ocrx_word' id='word_1_31' title='bbox 1150 305 1372 355; x_wconf 75' lang='lat' dir='ltr'><strong>momenti,</strong></span> <span class='ocrx_word' id='word_1_32' title='bbox 1392 318 1693 360; x_wconf 23' lang='lat' dir='ltr'><strong>quamreorum</strong></span> 
     </span>
     <span class='ocr_line' id='line_1_5' title="bbox 243 360 1692 417; baseline -0.001 -14"><span class='ocrx_word' id='word_1_33' title='bbox 243 362 476 412; x_wconf 56' lang='lat' dir='ltr'><strong>utrumVis&#39;g</strong></span> <span class='ocrx_word' id='word_1_34' title='bbox 503 362 539 402; x_wconf 84' lang='lat' dir='ltr'><strong>si</strong></span> <span class='ocrx_word' id='word_1_35' title='bbox 570 368 689 417; x_wconf 78' lang='lat' dir='ltr'><strong>aeque</strong></span> <span class='ocrx_word' id='word_1_36' title='bbox 718 361 791 402; x_wconf 88' lang='lat' dir='ltr'><strong>diu</strong></span> <span class='ocrx_word' id='word_1_37' title='bbox 805 362 886 402; x_wconf 35' lang='lat' dir='ltr'><strong>*sits</strong></span> <span class='ocrx_word' id='word_1_38' title='bbox 904 360 946 402; x_wconf 86' lang='lat' dir='ltr'><strong>in</strong></span> <span class='ocrx_word' id='word_1_39' title='bbox 966 372 1266 416; x_wconf 47' lang='lat' dir='ltr'><strong>corporesnon</strong></span> <span class='ocrx_word' id='word_1_40' title='bbox 1282 360 1420 417; x_wconf 87' lang='lat' dir='ltr'><strong>placet</strong></span> <span class='ocrx_word' id='word_1_41' title='bbox 1435 369 1595 412; x_wconf 81' lang='lat' dir='ltr'><strong>autem,</strong></span> <span class='ocrx_word' id='word_1_42' title='bbox 1613 360 1692 403; x_wconf 61' lang='lat' dir='ltr'><strong>de-</strong></span> 
     </span>
     <span class='ocr_line' id='line_1_6' title="bbox 256 417 1689 474; baseline -0.001 -14"><span class='ocrx_word' id='word_1_43' title='bbox 256 420 390 460; x_wconf 77' lang='lat' dir='ltr'><strong>tracta</strong></span> <span class='ocrx_word' id='word_1_44' title='bbox 418 419 659 474; x_wconf 64' lang='lat' dir='ltr'><strong>voluptate,</strong></span> <span class='ocrx_word' id='word_1_45' title='bbox 681 417 974 473; x_wconf 80' lang='lat' dir='ltr'><strong>aegritudinem</strong></span> <span class='ocrx_word' id='word_1_46' title='bbox 1005 417 1485 473; x_wconf 57' lang='lat' dir='ltr'><strong>statimzconsequi5nisi</strong></span> <span class='ocrx_word' id='word_1_47' title='bbox 1505 417 1549 459; x_wconf 91' lang='lat' dir='ltr'><strong>in</strong></span> <span class='ocrx_word' id='word_1_48' title='bbox 1566 417 1689 459; x_wconf 76' lang='lat' dir='ltr'><strong>volu-</strong></span> 
     </span>
     <span class='ocr_line' id='line_1_7' title="bbox 256 473 1689 532; baseline 0 -16"><span class='ocrx_word' id='word_1_49' title='bbox 256 475 386 532; x_wconf 73' lang='lat' dir='ltr'><strong>ptatis</strong></span> <span class='ocrx_word' id='word_1_50' title='bbox 407 475 551 516; x_wconf 84' lang='lat' dir='ltr'><strong>locum</strong></span> <span class='ocrx_word' id='word_1_51' title='bbox 572 474 823 516; x_wconf 65' lang='lat' dir='ltr'><strong>dolor-forte</strong></span> <span class='ocrx_word' id='word_1_52' title='bbox 844 474 1187 521; x_wconf 70' lang='lat' dir='ltr'><strong>successerit-:at</strong></span> <span class='ocrx_word' id='word_1_53' title='bbox 1199 482 1377 526; x_wconf 73' lang='lat' dir='ltr'><strong>contra,</strong></span> <span class='ocrx_word' id='word_1_54' title='bbox 1384 473 1571 530; x_wconf 86' lang='lat' dir='ltr'><strong>gaudere</strong></span> <span class='ocrx_word' id='word_1_55' title='bbox 1588 488 1689 526; x_wconf 69' lang='lat' dir='ltr'><strong>nos-</strong></span> 
     </span>
     <span class='ocr_line' id='line_1_8' title="bbox 256 529 1690 589; baseline 0 -16"><span class='ocrx_word' id='word_1_56' title='bbox 256 540 346 574; x_wconf 87' lang='lat' dir='ltr'><strong>met</strong></span> <span class='ocrx_word' id='word_1_57' title='bbox 375 531 677 574; x_wconf 72' lang='lat' dir='ltr'><strong>⁶⁸-o1nittendis</strong></span> <span class='ocrx_word' id='word_1_58' title='bbox 699 529 933 580; x_wconf 76' lang='lat' dir='ltr'><strong>doloribus,</strong></span> <span class='ocrx_word' id='word_1_59' title='bbox 953 530 1081 572; x_wconf 73' lang='lat' dir='ltr'><strong>etiam</strong></span> <span class='ocrx_word' id='word_1_60' title='bbox 1114 530 1149 571; x_wconf 91' lang='lat' dir='ltr'><strong>si</strong></span> <span class='ocrx_word' id='word_1_61' title='bbox 1180 530 1374 586; x_wconf 71' lang='lat' dir='ltr'><strong>voluptas</strong></span> <span class='ocrx_word' id='word_1_62' title='bbox 1394 546 1458 582; x_wconf 83' lang='lat' dir='ltr'><strong>ea,</strong></span> <span class='ocrx_word' id='word_1_63' title='bbox 1474 545 1575 589; x_wconf 84' lang='lat' dir='ltr'><strong>quae</strong></span> <span class='ocrx_word' id='word_1_64' title='bbox 1594 545 1690 573; x_wconf 81' lang='lat' dir='ltr'><strong>sen-</strong></span> 
     </span>
     <span class='ocr_line' id='line_1_9' title="bbox 258 586 1693 644; baseline -0.001 -14"><span class='ocrx_word' id='word_1_65' title='bbox 258 590 355 630; x_wconf 82' lang='lat' dir='ltr'><strong>sum</strong></span> <span class='ocrx_word' id='word_1_66' title='bbox 377 592 561 639; x_wconf 81' lang='lat' dir='ltr'><strong>moveat,</strong></span> <span class='ocrx_word' id='word_1_67' title='bbox 583 587 698 629; x_wconf 76' lang='lat' dir='ltr'><strong>nulla</strong></span> <span class='ocrx_word' id='word_1_68' title='bbox 717 586 981 630; x_wconf 71' lang='lat' dir='ltr'><strong>successerit.</strong></span> <span class='ocrx_word' id='word_1_69' title='bbox 994 595 1141 642; x_wconf 75' lang='lat' dir='ltr'><strong>eoque</strong></span> <span class='ocrx_word' id='word_1_70' title='bbox 1160 586 1349 643; x_wconf 77' lang='lat' dir='ltr'><strong>intelligi</strong></span> <span class='ocrx_word' id='word_1_71' title='bbox 1359 596 1514 643; x_wconf 86' lang='lat' dir='ltr'><strong>potest,</strong></span> <span class='ocrx_word' id='word_1_72' title='bbox 1535 595 1693 644; x_wconf 80' lang='lat' dir='ltr'><strong>quanta</strong></span> 
     </span>
     <span class='ocr_line' id='line_1_10' title="bbox 197 641 1693 709; baseline -0.001 -21"><span class='ocrx_word' id='word_1_73' title='bbox 197 644 450 702; x_wconf 34' lang='lat' dir='ltr'><strong>57v-voluptas</strong></span> <span class='ocrx_word' id='word_1_74' title='bbox 482 646 536 686; x_wconf 87' lang='lat' dir='ltr'><strong>sit</strong></span> <span class='ocrx_word' id='word_1_75' title='bbox 561 652 646 685; x_wconf 81' lang='lat' dir='ltr'><strong>non</strong></span> <span class='ocrx_word' id='word_1_76' title='bbox 664 643 825 685; x_wconf 80' lang='lat' dir='ltr'><strong>dolere.</strong></span> <span class='ocrx_word' id='word_1_77' title='bbox 838 665 842 669; x_wconf 83' lang='lat'><em>-</em></span> <span class='ocrx_word' id='word_1_78' title='bbox 856 670 857 673; x_wconf 58' lang='lat'><em>=</em></span> <span class='ocrx_word' id='word_1_79' title='bbox 870 651 873 653; x_wconf 86' lang='grc'><strong>’</strong></span> <span class='ocrx_word' id='word_1_80' title='bbox 885 641 969 684; x_wconf 87' lang='lat' dir='ltr'><strong>Sed</strong></span> <span class='ocrx_word' id='word_1_81' title='bbox 986 651 1038 684; x_wconf 84' lang='lat' dir='ltr'><strong>ut</strong></span> <span class='ocrx_word' id='word_1_82' title='bbox 1054 642 1248 695; x_wconf 76' lang='lat' dir='ltr'><strong>iisbonis</strong></span> <span class='ocrx_word' id='word_1_83' title='bbox 1268 643 1484 699; x_wconf 81' lang='lat' dir='ltr'>erigimur,</span> <span class='ocrx_word' id='word_1_84' title='bbox 1505 658 1602 709; x_wconf 81' lang='lat' dir='ltr'><strong>quae</strong></span> <span class='ocrx_word' id='word_1_85' title='bbox 1621 657 1693 687; x_wconf 79' lang='lat' dir='ltr'><strong>ex-</strong></span> 
     </span>
     <span class='ocr_line' id='line_1_11' title="bbox 254 698 1691 758; baseline -0.002 -14"><span class='ocrx_word' id='word_1_86' title='bbox 254 706 528 758; x_wconf 80' lang='lat' dir='ltr'>spectamus:</span> <span class='ocrx_word' id='word_1_87' title='bbox 560 700 834 741; x_wconf 53' lang='lat' dir='ltr'><strong>sic-’laetamur</strong></span> <span class='ocrx_word' id='word_1_88' title='bbox 848 698 916 751; x_wconf 77' lang='lat' dir='ltr'><strong>iis,</strong></span> <span class='ocrx_word' id='word_1_89' title='bbox 932 699 1342 756; x_wconf 68' lang='lat' dir='ltr'><strong>quae-recordamur.</strong></span> <span class='ocrx_word' id='word_1_90' title='bbox 1395 700 1528 742; x_wconf 73' lang='lat' dir='ltr'><strong>Stulti</strong></span> <span class='ocrx_word' id='word_1_91' title='bbox 1543 709 1691 742; x_wconf 80' lang='lat' dir='ltr'><strong>autem</strong></span> 
     </span>
    </p>

    <p class='ocr_par' dir='ltr' id='par_1_3' title="bbox 153 756 1702 2513">
     <span class='ocr_line' id='line_1_12' title="bbox 208 756 1692 814; baseline -0.001 -14"><span class='ocrx_word' id='word_1_92' title='bbox 208 775 212 778; x_wconf 91' lang='lat'>·</span> <span class='ocrx_word' id='word_1_93' title='bbox 257 759 469 800; x_wconf 80' lang='lat' dir='ltr'><strong>malorum</strong></span> <span class='ocrx_word' id='word_1_94' title='bbox 507 757 715 798; x_wconf 79' lang='lat' dir='ltr'><strong>memoria</strong></span> <span class='ocrx_word' id='word_1_95' title='bbox 754 764 1032 812; x_wconf 81' lang='lat' dir='ltr'><strong>torquent-ur:</strong></span> <span class='ocrx_word' id='word_1_96' title='bbox 1070 756 1278 812; x_wconf 88' lang='lat' dir='ltr'><strong>sapientes</strong></span> <span class='ocrx_word' id='word_1_97' title='bbox 1313 756 1427 799; x_wconf 86' lang='lat' dir='ltr'><strong>bona</strong></span> <span class='ocrx_word' id='word_1_98' title='bbox 1464 756 1692 814; x_wconf 82' lang='lat' dir='ltr'><strong>praeterita,</strong></span> 
     </span>
     <span class='ocr_line' id='line_1_13' title="bbox 254 812 1693 871; baseline 0 -15"><span class='ocrx_word' id='word_1_99' title='bbox 254 824 380 871; x_wconf 82' lang='lat' dir='ltr'><strong>grata</strong></span> <span class='ocrx_word' id='word_1_100' title='bbox 408 813 700 856; x_wconf 77' lang='lat' dir='ltr'>recordatione</span> <span class='ocrx_word' id='word_1_101' title='bbox 728 820 947 864; x_wconf 75' lang='lat' dir='ltr'><strong>renovata,</strong></span> <span class='ocrx_word' id='word_1_102' title='bbox 969 812 1197 855; x_wconf 82' lang='lat' dir='ltr'><strong>delectant.</strong></span> <span class='ocrx_word' id='word_1_103' title='bbox 1226 820 1290 854; x_wconf 84' lang='lat' dir='ltr'><strong>est</strong></span> <span class='ocrx_word' id='word_1_104' title='bbox 1317 821 1464 856; x_wconf 69' lang='lat' dir='ltr'><strong>‘autem</strong></span> <span class='ocrx_word' id='word_1_105' title='bbox 1493 812 1631 854; x_wconf 84' lang='lat' dir='ltr'><strong>situm</strong></span> <span class='ocrx_word' id='word_1_106' title='bbox 1649 813 1693 864; x_wconf 75' lang='lat' dir='ltr'><strong>&#39;fn</strong></span> 
     </span>
     <span class='ocr_line' id='line_1_14' title="bbox 254 868 1694 926; baseline -0.001 -13"><span class='ocrx_word' id='word_1_107' title='bbox 254 872 395 922; x_wconf 73' lang='lat' dir='ltr'><strong>nobis,</strong></span> <span class='ocrx_word' id='word_1_108' title='bbox 424 880 474 912; x_wconf 88' lang='lat' dir='ltr'><strong>ut</strong></span> <span class='ocrx_word' id='word_1_109' title='bbox 502 880 545 912; x_wconf 87' lang='lat' dir='ltr'><strong>et</strong></span> <span class='ocrx_word' id='word_1_110' title='bbox 575 870 746 913; x_wconf 77' lang='lat' dir='ltr'><strong>adversa</strong></span> <span class='ocrx_word' id='word_1_111' title='bbox 775 869 895 926; x_wconf 89' lang='lat' dir='ltr'><strong>quasi</strong></span> <span class='ocrx_word' id='word_1_112' title='bbox 924 879 1126 926; x_wconf 84' lang='lat' dir='ltr'><strong>perpetua</strong></span> <span class='ocrx_word' id='word_1_113' title='bbox 1155 868 1367 912; x_wconf 84' lang='lat' dir='ltr'><strong>oblivione</strong></span> <span class='ocrx_word' id='word_1_114' title='bbox 1385 869 1631 921; x_wconf 55' lang='lat' dir='ltr'><strong>obruamus,</strong></span> <span class='ocrx_word' id='word_1_115' title='bbox 1649 877 1694 911; x_wconf 82' lang='lat' dir='ltr'><strong>et</strong></span> 
     </span>
     <span class='ocr_line' id='line_1_15' title="bbox 259 925 1693 984; baseline -0.001 -14"><span class='ocrx_word' id='word_1_116' title='bbox 259 928 447 970; x_wconf 82' lang='lat' dir='ltr'><strong>secunda</strong></span> <span class='ocrx_word' id='word_1_117' title='bbox 473 927 677 984; x_wconf 74' lang='lat' dir='ltr'><strong>jucunde</strong></span> <span class='ocrx_word' id='word_1_118' title='bbox 695 942 743 968; x_wconf 89' lang='lat' dir='ltr'><strong>ac</strong></span> <span class='ocrx_word' id='word_1_119' title='bbox 774 926 956 968; x_wconf 77' lang='lat' dir='ltr'><strong>suaviter</strong></span> <span class='ocrx_word' id='word_1_120' title='bbox 988 925 1320 968; x_wconf 86' lang='lat' dir='ltr'><strong>meminerimus.</strong></span> <span class='ocrx_word' id='word_1_121' title='bbox 1381 925 1466 968; x_wconf 87' lang='lat' dir='ltr'><strong>Sed</strong></span> <span class='ocrx_word' id='word_1_122' title='bbox 1494 939 1595 968; x_wconf 85' lang='lat' dir='ltr'><strong>cum</strong></span> <span class='ocrx_word' id='word_1_123' title='bbox 1628 939 1693 978; x_wconf 80' lang='lat' dir='ltr'><strong>ea,</strong></span> 
     </span>
     <span class='ocr_line' id='line_1_16' title="bbox 260 982 1695 1042; baseline -0.002 -15"><span class='ocrx_word' id='word_1_124' title='bbox 260 1001 354 1042; x_wconf 87' lang='lat' dir='ltr'><strong>quae</strong></span> <span class='ocrx_word' id='word_1_125' title='bbox 385 984 691 1041; x_wconf 78' lang='lat' dir='ltr'><strong>praeterierunt,</strong></span> <span class='ocrx_word' id='word_1_126' title='bbox 704 984 796 1024; x_wconf 80' lang='lat' dir='ltr'><strong>acri</strong></span> <span class='ocrx_word' id='word_1_127' title='bbox 828 983 984 1035; x_wconf 90' lang='lat' dir='ltr'><strong>animo,</strong></span> <span class='ocrx_word' id='word_1_128' title='bbox 1006 991 1050 1024; x_wconf 88' lang='lat' dir='ltr'><strong>et</strong></span> <span class='ocrx_word' id='word_1_129' title='bbox 1069 991 1233 1024; x_wconf 84' lang='lat' dir='ltr'><strong>attento</strong></span> <span class='ocrx_word' id='word_1_130' title='bbox 1261 983 1490 1034; x_wconf 86' lang='lat' dir='ltr'><strong>intuemur,</strong></span> <span class='ocrx_word' id='word_1_131' title='bbox 1510 982 1695 1035; x_wconf 74' lang='lat' dir='ltr'><strong>tunc-fit,</strong></span> 
     </span>
     <span class='ocr_line' id='line_1_17' title="bbox 182 1038 1694 1098; baseline -0.001 -14"><span class='ocrx_word' id='word_1_132' title='bbox 182 1041 246 1090; x_wconf 87' lang='grc'><strong>18</strong></span> <span class='ocrx_word' id='word_1_133' title='bbox 260 1050 308 1085; x_wconf 84' lang='lat' dir='ltr'><strong>ut</strong></span> <span class='ocrx_word' id='word_1_134' title='bbox 329 1041 539 1098; x_wconf 82' lang='lat' dir='ltr'><strong>aegritudo</strong></span> <span class='ocrx_word' id='word_1_135' title='bbox 571 1050 785 1097; x_wconf 85' lang='lat' dir='ltr'><strong>sequatur,</strong></span> <span class='ocrx_word' id='word_1_136' title='bbox 808 1040 843 1081; x_wconf 77' lang='lat' dir='ltr'><strong>si</strong></span> <span class='ocrx_word' id='word_1_137' title='bbox 871 1039 944 1081; x_wconf 89' lang='lat' dir='ltr'><strong>illa</strong></span> <span class='ocrx_word' id='word_1_138' title='bbox 962 1040 1075 1081; x_wconf 88' lang='lat' dir='ltr'><strong>mala</strong></span> <span class='ocrx_word' id='word_1_139' title='bbox 1094 1039 1176 1081; x_wconf 90' lang='lat' dir='ltr'><strong>sint</strong></span> <span class='ocrx_word' id='word_1_140' title='bbox 1191 1055 1204 1091; x_wconf 80' lang='lat'>3</span> <span class='ocrx_word' id='word_1_141' title='bbox 1234 1039 1395 1090; x_wconf 82' lang='lat' dir='ltr'><strong>laetitia,</strong></span> <span class='ocrx_word' id='word_1_142' title='bbox 1413 1039 1448 1081; x_wconf 90' lang='lat' dir='ltr'><strong>si</strong></span> <span class='ocrx_word' id='word_1_143' title='bbox 1467 1040 1594 1081; x_wconf 88' lang='lat' dir='ltr'><strong>bona.</strong></span> <span class='ocrx_word' id='word_1_144' title='bbox 1654 1038 1694 1082; x_wconf 92' lang='grc' dir='ltr'>Ο</span> 
     </span>
     <span class='ocr_line' id='line_1_18' title="bbox 257 1095 1697 1156; baseline -0.002 -16"><span class='ocrx_word' id='word_1_145' title='bbox 257 1099 504 1156; x_wconf 84' lang='lat' dir='ltr'><strong>praeclaram</strong></span> <span class='ocrx_word' id='word_1_146' title='bbox 536 1098 660 1139; x_wconf 87' lang='lat' dir='ltr'><strong>beate</strong></span> <span class='ocrx_word' id='word_1_147' title='bbox 690 1097 866 1148; x_wconf 86' lang='lat' dir='ltr'><strong>vivendi,</strong></span> <span class='ocrx_word' id='word_1_148' title='bbox 885 1105 929 1138; x_wconf 87' lang='lat' dir='ltr'><strong>et</strong></span> <span class='ocrx_word' id='word_1_149' title='bbox 955 1105 1158 1152; x_wconf 83' lang='lat' dir='ltr'><strong>apertam,</strong></span> <span class='ocrx_word' id='word_1_150' title='bbox 1179 1105 1223 1138; x_wconf 90' lang='lat' dir='ltr'><strong>et</strong></span> <span class='ocrx_word' id='word_1_151' title='bbox 1252 1096 1503 1153; x_wconf 85' lang='lat' dir='ltr'><strong>simplicem,</strong></span> <span class='ocrx_word' id='word_1_152' title='bbox 1522 1104 1566 1138; x_wconf 91' lang='lat' dir='ltr'><strong>et</strong></span> <span class='ocrx_word' id='word_1_153' title='bbox 1585 1095 1697 1138; x_wconf 82' lang='lat' dir='ltr'><strong>dire-</strong></span> 
     </span>
     <span class='ocr_line' id='line_1_19' title="bbox 258 1152 1695 1209; baseline -0.002 -12"><span class='ocrx_word' id='word_1_154' title='bbox 258 1164 372 1197; x_wconf 86' lang='lat' dir='ltr'><strong>ctam</strong></span> <span class='ocrx_word' id='word_1_155' title='bbox 403 1156 510 1196; x_wconf 86' lang='lat' dir='ltr'><strong>viam</strong></span> <span class='ocrx_word' id='word_1_156' title='bbox 531 1155 553 1194; x_wconf 32' lang='grc' dir='ltr'><strong>ἓν</strong></span> <span class='ocrx_word' id='word_1_157' title='bbox 572 1169 670 1196; x_wconf 88' lang='lat' dir='ltr'><strong>cum</strong></span> <span class='ocrx_word' id='word_1_158' title='bbox 696 1154 808 1195; x_wconf 87' lang='lat' dir='ltr'><strong>enim</strong></span> <span class='ocrx_word' id='word_1_159' title='bbox 829 1162 941 1194; x_wconf 88' lang='lat' dir='ltr'><strong>certe</strong></span> <span class='ocrx_word' id='word_1_160' title='bbox 960 1153 1066 1195; x_wconf 88' lang='lat' dir='ltr'>nihil</span> <span class='ocrx_word' id='word_1_161' title='bbox 1083 1153 1246 1194; x_wconf 89' lang='lat' dir='ltr'><strong>homini</strong></span> <span class='ocrx_word' id='word_1_162' title='bbox 1265 1152 1400 1209; x_wconf 84' lang='lat' dir='ltr'><strong>possit</strong></span> <span class='ocrx_word' id='word_1_163' title='bbox 1419 1152 1570 1194; x_wconf 85' lang='lat' dir='ltr'><strong>melius</strong></span> <span class='ocrx_word' id='word_1_164' title='bbox 1589 1166 1695 1204; x_wconf 87' lang='lat' dir='ltr'><strong>esse,</strong></span> 
     </span>
     <span class='ocr_line' id='line_1_20' title="bbox 258 1209 1697 1269; baseline -0.002 -16"><span class='ocrx_word' id='word_1_165' title='bbox 258 1227 388 1269; x_wconf 86' lang='lat' dir='ltr'><strong>quam</strong></span> <span class='ocrx_word' id='word_1_166' title='bbox 407 1225 554 1253; x_wconf 78' lang='lat' dir='ltr'><strong>vacare</strong></span> <span class='ocrx_word' id='word_1_167' title='bbox 575 1211 690 1252; x_wconf 89' lang='lat' dir='ltr'><strong>omni</strong></span> <span class='ocrx_word' id='word_1_168' title='bbox 717 1209 866 1251; x_wconf 78' lang='lat' dir='ltr'><strong>dolore</strong></span> <span class='ocrx_word' id='word_1_169' title='bbox 885 1218 930 1251; x_wconf 86' lang='lat' dir='ltr'><strong>et</strong></span> <span class='ocrx_word' id='word_1_170' title='bbox 948 1209 1158 1260; x_wconf 85' lang='lat' dir='ltr'><strong>molestia,</strong></span> <span class='ocrx_word' id='word_1_171' title='bbox 1178 1210 1419 1265; x_wconf 84' lang='lat' dir='ltr'><strong>perfruique</strong></span> <span class='ocrx_word' id='word_1_172' title='bbox 1438 1209 1634 1250; x_wconf 83' lang='lat' dir='ltr'><strong>maximis</strong></span> <span class='ocrx_word' id='word_1_173' title='bbox 1653 1219 1697 1251; x_wconf 84' lang='lat' dir='ltr'><strong>et</strong></span> 
     </span>
     <span class='ocr_line' id='line_1_21' title="bbox 260 1264 1696 1322; baseline -0.003 -12"><span class='ocrx_word' id='word_1_174' title='bbox 260 1269 390 1310; x_wconf 87' lang='lat' dir='ltr'><strong>animi</strong></span> <span class='ocrx_word' id='word_1_175' title='bbox 410 1278 452 1309; x_wconf 91' lang='lat' dir='ltr'><strong>et</strong></span> <span class='ocrx_word' id='word_1_176' title='bbox 472 1268 659 1322; x_wconf 84' lang='lat' dir='ltr'><strong>corporis</strong></span> <span class='ocrx_word' id='word_1_177' title='bbox 676 1266 990 1322; x_wconf 73' lang='lat' dir='ltr'><strong>voluptatibus:</strong></span> <span class='ocrx_word' id='word_1_178' title='bbox 1015 1266 1232 1316; x_wconf 86' lang='lat' dir='ltr'><strong>videtisne,</strong></span> <span class='ocrx_word' id='word_1_179' title='bbox 1252 1281 1382 1322; x_wconf 88' lang='lat' dir='ltr'><strong>quam</strong></span> <span class='ocrx_word' id='word_1_180' title='bbox 1400 1264 1504 1307; x_wconf 88' lang='lat' dir='ltr'><strong>nihil</strong></span> <span class='ocrx_word' id='word_1_181' title='bbox 1524 1274 1696 1321; x_wconf 73' lang='lat' dir='ltr'><strong>praeter-</strong></span> 
     </span>
     <span class='ocr_line' id='line_1_22' title="bbox 261 1320 1698 1380; baseline -0.002 -13"><span class='ocrx_word' id='word_1_182' title='bbox 261 1326 469 1376; x_wconf 79' lang='lat' dir='ltr'><strong>mittatur,</strong></span> <span class='ocrx_word' id='word_1_183' title='bbox 504 1324 619 1380; x_wconf 84' lang='lat' dir='ltr'><strong>quod</strong></span> <span class='ocrx_word' id='word_1_184' title='bbox 660 1323 785 1364; x_wconf 89' lang='lat' dir='ltr'><strong>vitam</strong></span> <span class='ocrx_word' id='word_1_185' title='bbox 823 1321 1004 1378; x_wconf 88' lang='lat' dir='ltr'><strong>adjuvet,</strong></span> <span class='ocrx_word' id='word_1_186' title='bbox 1039 1337 1126 1379; x_wconf 90' lang='lat' dir='ltr'><strong>quo</strong></span> <span class='ocrx_word' id='word_1_187' title='bbox 1159 1322 1322 1364; x_wconf 85' lang='lat' dir='ltr'><strong>facilius</strong></span> <span class='ocrx_word' id='word_1_188' title='bbox 1354 1322 1413 1373; x_wconf 88' lang='lat' dir='ltr'><strong>id,</strong></span> <span class='ocrx_word' id='word_1_189' title='bbox 1448 1320 1564 1379; x_wconf 90' lang='lat' dir='ltr'><strong>quod</strong></span> <span class='ocrx_word' id='word_1_190' title='bbox 1596 1335 1698 1378; x_wconf 86' lang='lat' dir='ltr'><strong>pro-</strong></span> 
     </span>
     <span class='ocr_line' id='line_1_23' title="bbox 153 1378 1698 1440; baseline -0.001 -19"><span class='ocrx_word' id='word_1_191' title='bbox 153 1401 184 1432; x_wconf 88' lang='lat' dir='ltr'><strong>p.</strong></span> <span class='ocrx_word' id='word_1_192' title='bbox 199 1381 450 1440; x_wconf 79' lang='lat' dir='ltr'><strong>61.positum</strong></span> <span class='ocrx_word' id='word_1_193' title='bbox 472 1389 552 1431; x_wconf 88' lang='lat' dir='ltr'><strong>est,</strong></span> <span class='ocrx_word' id='word_1_194' title='bbox 568 1394 784 1421; x_wconf 83' lang='lat' dir='ltr'><strong>summum</strong></span> <span class='ocrx_word' id='word_1_195' title='bbox 804 1379 967 1420; x_wconf 89' lang='lat' dir='ltr'><strong>bonum</strong></span> <span class='ocrx_word' id='word_1_196' title='bbox 987 1380 1326 1435; x_wconf 82' lang='lat' dir='ltr'><strong>consequamur?</strong></span> <span class='ocrx_word' id='word_1_197' title='bbox 1350 1378 1523 1420; x_wconf 85' lang='lat' dir='ltr'><strong>Clamat</strong></span> <span class='ocrx_word' id='word_1_198' title='bbox 1541 1379 1698 1434; x_wconf 84' lang='lat' dir='ltr'><strong>Epicu-</strong></span> 
     </span>
     <span class='ocr_line' id='line_1_24' title="bbox 221 1434 1699 1494; baseline -0.003 -14"><span class='ocrx_word' id='word_1_199' title='bbox 221 1442 349 1490; x_wconf 45' lang='lat' dir='ltr'><strong>aerS,</strong></span> <span class='ocrx_word' id='word_1_200' title='bbox 376 1438 426 1489; x_wconf 86' lang='lat' dir='ltr'><strong>is,</strong></span> <span class='ocrx_word' id='word_1_201' title='bbox 460 1451 587 1494; x_wconf 86' lang='lat' dir='ltr'><strong>quem</strong></span> <span class='ocrx_word' id='word_1_202' title='bbox 620 1452 692 1477; x_wconf 91' lang='lat' dir='ltr'><strong>vos</strong></span> <span class='ocrx_word' id='word_1_203' title='bbox 725 1436 849 1477; x_wconf 89' lang='lat' dir='ltr'><strong>nimis</strong></span> <span class='ocrx_word' id='word_1_204' title='bbox 879 1436 1164 1492; x_wconf 88' lang='lat' dir='ltr'><strong>voluptatibus</strong></span> <span class='ocrx_word' id='word_1_205' title='bbox 1197 1450 1289 1477; x_wconf 88' lang='lat' dir='ltr'><strong>esse</strong></span> <span class='ocrx_word' id='word_1_206' title='bbox 1318 1435 1511 1477; x_wconf 87' lang='lat' dir='ltr'><strong>deditum</strong></span> <span class='ocrx_word' id='word_1_207' title='bbox 1543 1434 1699 1486; x_wconf 80' lang='lat' dir='ltr'><strong>dicitis,</strong></span> 
     </span>
     <span class='ocr_line' id='line_1_25' title="bbox 263 1492 1700 1551; baseline -0.002 -14"><span class='ocrx_word' id='word_1_208' title='bbox 263 1510 349 1537; x_wconf 91' lang='lat' dir='ltr'><strong>non</strong></span> <span class='ocrx_word' id='word_1_209' title='bbox 379 1509 504 1551; x_wconf 83' lang='lat' dir='ltr'><strong>posse</strong></span> <span class='ocrx_word' id='word_1_210' title='bbox 531 1492 723 1550; x_wconf 87' lang='lat' dir='ltr'><strong>jucunde</strong></span> <span class='ocrx_word' id='word_1_211' title='bbox 749 1492 842 1544; x_wconf 81' lang='lat' dir='ltr'><strong>vivi,</strong></span> <span class='ocrx_word' id='word_1_212' title='bbox 863 1492 941 1533; x_wconf 85' lang='lat' dir='ltr'><strong>nisi</strong></span> <span class='ocrx_word' id='word_1_213' title='bbox 969 1493 1189 1548; x_wconf 78' lang='lat' dir='ltr'><strong>sapienter,</strong></span> <span class='ocrx_word' id='word_1_214' title='bbox 1210 1492 1403 1543; x_wconf 87' lang='lat' dir='ltr'><strong>honeste,</strong></span> <span class='ocrx_word' id='word_1_215' title='bbox 1419 1492 1618 1547; x_wconf 87' lang='lat' dir='ltr'><strong>justeque</strong></span> <span class='ocrx_word' id='word_1_216' title='bbox 1636 1492 1700 1534; x_wconf 83' lang='lat' dir='ltr'><strong>vi-</strong></span> 
     </span>
     <span class='ocr_line' id='line_1_26' title="bbox 195 1548 1698 1605; baseline -0.003 -11"><span class='ocrx_word' id='word_1_217' title='bbox 195 1560 405 1599; x_wconf 77' lang='lat' dir='ltr'><strong>58vatur:</strong></span> <span class='ocrx_word' id='word_1_218' title='bbox 435 1565 512 1592; x_wconf 86' lang='lat' dir='ltr'><strong>nee</strong></span> <span class='ocrx_word' id='word_1_219' title='bbox 543 1550 764 1605; x_wconf 85' lang='lat' dir='ltr'><strong>sapienter,</strong></span> <span class='ocrx_word' id='word_1_220' title='bbox 795 1549 986 1600; x_wconf 87' lang='lat' dir='ltr'><strong>honeste,</strong></span> <span class='ocrx_word' id='word_1_221' title='bbox 1009 1549 1139 1605; x_wconf 90' lang='lat' dir='ltr'><strong>juste,</strong></span> <span class='ocrx_word' id='word_1_222' title='bbox 1169 1548 1248 1590; x_wconf 91' lang='lat' dir='ltr'><strong>nisi</strong></span> <span class='ocrx_word' id='word_1_223' title='bbox 1278 1548 1484 1605; x_wconf 89' lang='lat' dir='ltr'><strong>jucunde.</strong></span> <span class='ocrx_word' id='word_1_224' title='bbox 1542 1549 1698 1605; x_wconf 83' lang='lat' dir='ltr'><strong>Neque</strong></span> 
     </span>
     <span class='ocr_line' id='line_1_27' title="bbox 259 1603 1702 1662; baseline -0.002 -12"><span class='ocrx_word' id='word_1_225' title='bbox 259 1609 372 1650; x_wconf 87' lang='lat' dir='ltr'><strong>enim</strong></span> <span class='ocrx_word' id='word_1_226' title='bbox 403 1607 546 1649; x_wconf 86' lang='lat' dir='ltr'><strong>civitas</strong></span> <span class='ocrx_word' id='word_1_227' title='bbox 576 1606 618 1647; x_wconf 89' lang='lat' dir='ltr'><strong>in</strong></span> <span class='ocrx_word' id='word_1_228' title='bbox 649 1606 869 1657; x_wconf 87' lang='lat' dir='ltr'><strong>seditione,</strong></span> <span class='ocrx_word' id='word_1_229' title='bbox 889 1605 1015 1647; x_wconf 87' lang='lat' dir='ltr'><strong>beata</strong></span> <span class='ocrx_word' id='word_1_230' title='bbox 1042 1620 1131 1647; x_wconf 88' lang='lat' dir='ltr'><strong>esse</strong></span> <span class='ocrx_word' id='word_1_231' title='bbox 1151 1613 1306 1662; x_wconf 89' lang='lat' dir='ltr'><strong>potest,</strong></span> <span class='ocrx_word' id='word_1_232' title='bbox 1327 1605 1466 1646; x_wconf 87' lang='lat' dir='ltr'><strong>necin</strong></span> <span class='ocrx_word' id='word_1_233' title='bbox 1487 1603 1702 1647; x_wconf 82' lang='lat' dir='ltr'><strong>discordia</strong></span> 
     </span>
     <span class='ocr_line' id='line_1_28' title="bbox 256 1660 1700 1719; baseline -0.003 -12"><span class='ocrx_word' id='word_1_234' title='bbox 256 1665 530 1707; x_wconf 84' lang='lat' dir='ltr'><strong>dominorum</strong></span> <span class='ocrx_word' id='word_1_235' title='bbox 560 1663 741 1704; x_wconf 85' lang='lat' dir='ltr'><strong>domus:</strong></span> <span class='ocrx_word' id='word_1_236' title='bbox 773 1676 859 1719; x_wconf 90' lang='lat' dir='ltr'><strong>quo</strong></span> <span class='ocrx_word' id='word_1_237' title='bbox 888 1662 1027 1703; x_wconf 88' lang='lat' dir='ltr'><strong>minus</strong></span> <span class='ocrx_word' id='word_1_238' title='bbox 1057 1662 1221 1704; x_wconf 86' lang='lat' dir='ltr'><strong>animus</strong></span> <span class='ocrx_word' id='word_1_239' title='bbox 1252 1677 1277 1703; x_wconf 87' lang='lat' dir='ltr'><strong>a</strong></span> <span class='ocrx_word' id='word_1_240' title='bbox 1305 1661 1460 1717; x_wconf 89' lang='lat' dir='ltr'><strong>seipse</strong></span> <span class='ocrx_word' id='word_1_241' title='bbox 1479 1660 1700 1713; x_wconf 87' lang='lat' dir='ltr'><strong>dissidens,</strong></span> 
     </span>
     <span class='ocr_line' id='line_1_29' title="bbox 257 1716 1700 1777; baseline -0.003 -14"><span class='ocrx_word' id='word_1_242' title='bbox 257 1736 491 1777; x_wconf 81' lang='lat' dir='ltr'><strong>secumque</strong></span> <span class='ocrx_word' id='word_1_243' title='bbox 510 1719 768 1770; x_wconf 82' lang='lat' dir='ltr'><strong>discordans,</strong></span> <span class='ocrx_word' id='word_1_244' title='bbox 783 1727 957 1774; x_wconf 82' lang='lat' dir='ltr'><strong>gustare</strong></span> <span class='ocrx_word' id='word_1_245' title='bbox 974 1727 1138 1774; x_wconf 89' lang='lat' dir='ltr'><strong>partem</strong></span> <span class='ocrx_word' id='word_1_246' title='bbox 1159 1718 1291 1761; x_wconf 90' lang='lat' dir='ltr'><strong>ullam</strong></span> <span class='ocrx_word' id='word_1_247' title='bbox 1311 1716 1484 1775; x_wconf 83' lang='lat' dir='ltr'><strong>liquidae</strong></span> <span class='ocrx_word' id='word_1_248' title='bbox 1502 1717 1700 1773; x_wconf 83' lang='lat' dir='ltr'><strong>volupta-</strong></span> 
     </span>
     <span class='ocr_line' id='line_1_30' title="bbox 259 1774 1701 1832; baseline -0.003 -12"><span class='ocrx_word' id='word_1_249' title='bbox 259 1779 314 1820; x_wconf 86' lang='lat' dir='ltr'><strong>tis</strong></span> <span class='ocrx_word' id='word_1_250' title='bbox 334 1787 389 1819; x_wconf 83' lang='lat' dir='ltr'><strong>et</strong></span> <span class='ocrx_word' id='word_1_251' title='bbox 417 1777 562 1819; x_wconf 88' lang='lat' dir='ltr'><strong>liberae</strong></span> <span class='ocrx_word' id='word_1_252' title='bbox 592 1784 746 1832; x_wconf 85' lang='lat' dir='ltr'><strong>potest.</strong></span> <span class='ocrx_word' id='word_1_253' title='bbox 777 1775 895 1831; x_wconf 84' lang='lat' dir='ltr'><strong>atqui</strong></span> <span class='ocrx_word' id='word_1_254' title='bbox 924 1776 1213 1831; x_wconf 85' lang='lat' dir='ltr'><strong>pugnantibus</strong></span> <span class='ocrx_word' id='word_1_255' title='bbox 1241 1783 1285 1816; x_wconf 88' lang='lat' dir='ltr'><strong>et</strong></span> <span class='ocrx_word' id='word_1_256' title='bbox 1308 1774 1530 1817; x_wconf 76' lang='lat' dir='ltr'><strong>contrariis</strong></span> <span class='ocrx_word' id='word_1_257' title='bbox 1551 1774 1701 1817; x_wconf 84' lang='lat' dir='ltr'><strong>studiis</strong></span> 
     </span>
     <span class='ocr_line' id='line_1_31' title="bbox 261 1830 1701 1891; baseline -0.003 -15"><span class='ocrx_word' id='word_1_258' title='bbox 261 1834 531 1891; x_wconf 78' lang='lat' dir='ltr'><strong>consiliisque</strong></span> <span class='ocrx_word' id='word_1_259' title='bbox 560 1847 727 1889; x_wconf 87' lang='lat' dir='ltr'><strong>semper</strong></span> <span class='ocrx_word' id='word_1_260' title='bbox 753 1841 890 1883; x_wconf 87' lang='lat' dir='ltr'><strong>utens,</strong></span> <span class='ocrx_word' id='word_1_261' title='bbox 912 1832 1017 1873; x_wconf 88' lang='lat' dir='ltr'><strong>nihil</strong></span> <span class='ocrx_word' id='word_1_262' title='bbox 1038 1832 1170 1888; x_wconf 86' lang='lat' dir='ltr'><strong>quieti</strong></span> <span class='ocrx_word' id='word_1_263' title='bbox 1188 1831 1339 1883; x_wconf 87' lang='lat' dir='ltr'><strong>videre,</strong></span> <span class='ocrx_word' id='word_1_264' title='bbox 1358 1831 1465 1872; x_wconf 88' lang='lat' dir='ltr'><strong>nihil</strong></span> <span class='ocrx_word' id='word_1_265' title='bbox 1484 1830 1701 1887; x_wconf 83' lang='lat' dir='ltr'><strong>tranquilli</strong></span> 
     </span>
     <span class='ocr_line' id='line_1_32' title="bbox 200 1887 1701 1948; baseline -0.003 -15"><span class='ocrx_word' id='word_1_266' title='bbox 200 1908 251 1948; x_wconf 84' lang='lat'><strong>59</strong></span> <span class='ocrx_word' id='word_1_267' title='bbox 262 1899 420 1948; x_wconf 83' lang='lat' dir='ltr'><strong>potest.</strong></span> <span class='ocrx_word' id='word_1_268' title='bbox 470 1890 601 1948; x_wconf 70' lang='lat' dir='ltr'><strong>Quod</strong></span> <span class='ocrx_word' id='word_1_269' title='bbox 622 1891 657 1930; x_wconf 89' lang='lat' dir='ltr'><strong>si</strong></span> <span class='ocrx_word' id='word_1_270' title='bbox 672 1889 861 1945; x_wconf 89' lang='lat' dir='ltr'><strong>corporis</strong></span> <span class='ocrx_word' id='word_1_271' title='bbox 882 1889 1144 1944; x_wconf 85' lang='lat' dir='ltr'><strong>gravioribus</strong></span> <span class='ocrx_word' id='word_1_272' title='bbox 1164 1889 1325 1930; x_wconf 91' lang='lat' dir='ltr'><strong>morbis</strong></span> <span class='ocrx_word' id='word_1_273' title='bbox 1344 1888 1440 1929; x_wconf 85' lang='lat' dir='ltr'><strong>vitae</strong></span> <span class='ocrx_word' id='word_1_274' title='bbox 1454 1887 1701 1945; x_wconf 82' lang='lat' dir='ltr'><strong>jucunditas</strong></span> 
     </span>
     <span class='ocr_line' id='line_1_33' title="bbox 262 1944 1699 2004; baseline -0.003 -14"><span class='ocrx_word' id='word_1_275' title='bbox 262 1948 514 2004; x_wconf 55' lang='lat' dir='ltr'><strong>impedituri</strong></span> <span class='ocrx_word' id='word_1_276' title='bbox 540 1955 700 2003; x_wconf 85' lang='lat' dir='ltr'><strong>quanto</strong></span> <span class='ocrx_word' id='word_1_277' title='bbox 720 1945 857 2001; x_wconf 81' lang='lat' dir='ltr'><strong>magis</strong></span> <span class='ocrx_word' id='word_1_278' title='bbox 877 1946 1006 1987; x_wconf 87' lang='lat' dir='ltr'><strong>animi</strong></span> <span class='ocrx_word' id='word_1_279' title='bbox 1027 1945 1186 1986; x_wconf 89' lang='lat' dir='ltr'><strong>morbis</strong></span> <span class='ocrx_word' id='word_1_280' title='bbox 1205 1944 1403 2001; x_wconf 89' lang='lat' dir='ltr'><strong>impediri</strong></span> <span class='ocrx_word' id='word_1_281' title='bbox 1421 1958 1591 1987; x_wconf 83' lang='lat' dir='ltr'><strong>necesse</strong></span> <span class='ocrx_word' id='word_1_282' title='bbox 1607 1944 1699 1986; x_wconf 82' lang='lat' dir='ltr'><strong>est?</strong></span> 
     </span>
     <span class='ocr_line' id='line_1_34' title="bbox 261 1999 1702 2058; baseline -0.004 -11"><span class='ocrx_word' id='word_1_283' title='bbox 261 2005 392 2047; x_wconf 85' lang='lat' dir='ltr'><strong>animi</strong></span> <span class='ocrx_word' id='word_1_284' title='bbox 421 2012 567 2046; x_wconf 86' lang='lat' dir='ltr'><strong>autem</strong></span> <span class='ocrx_word' id='word_1_285' title='bbox 595 2003 734 2044; x_wconf 91' lang='lat' dir='ltr'><strong>morbi</strong></span> <span class='ocrx_word' id='word_1_286' title='bbox 763 2011 861 2044; x_wconf 85' lang='lat' dir='ltr'><strong>sunt</strong></span> <span class='ocrx_word' id='word_1_287' title='bbox 890 2009 930 2037; x_wconf 79' lang='grc'><strong>69</strong></span> <span class='ocrx_word' id='word_1_288' title='bbox 944 2003 1196 2058; x_wconf 88' lang='lat' dir='ltr'><strong>cupiditates</strong></span> <span class='ocrx_word' id='word_1_289' title='bbox 1226 2002 1441 2043; x_wconf 82' lang='lat' dir='ltr'><strong>immensae</strong></span> <span class='ocrx_word' id='word_1_290' title='bbox 1470 2009 1515 2043; x_wconf 71' lang='lat' dir='ltr'><strong>et</strong></span> <span class='ocrx_word' id='word_1_291' title='bbox 1541 1999 1702 2052; x_wconf 83' lang='lat' dir='ltr'><strong>inanes,</strong></span> 
     </span>
     <span class='ocr_line' id='line_1_35' title="bbox 262 2057 1701 2116; baseline -0.003 -13"><span class='ocrx_word' id='word_1_292' title='bbox 262 2062 516 2112; x_wconf 88' lang='lat' dir='ltr'><strong>divitiarum,</strong></span> <span class='ocrx_word' id='word_1_293' title='bbox 546 2060 710 2116; x_wconf 86' lang='lat' dir='ltr'><strong>gloriae,</strong></span> <span class='ocrx_word' id='word_1_294' title='bbox 740 2059 1054 2110; x_wconf 81' lang='lat' dir='ltr'><strong>dominationis,</strong></span> <span class='ocrx_word' id='word_1_295' title='bbox 1084 2058 1404 2100; x_wconf 82' lang='lat' dir='ltr'><strong>libidinosarum</strong></span> <span class='ocrx_word' id='word_1_296' title='bbox 1429 2057 1559 2098; x_wconf 84' lang='lat' dir='ltr'><strong>etiam</strong></span> <span class='ocrx_word' id='word_1_297' title='bbox 1579 2057 1701 2099; x_wconf 86' lang='lat' dir='ltr'><strong>volu-</strong></span> 
     </span>
     <span class='ocr_line' id='line_1_36' title="bbox 261 2113 1701 2175; baseline -0.003 -15"><span class='ocrx_word' id='word_1_298' title='bbox 261 2121 444 2175; x_wconf 84' lang='lat' dir='ltr'><strong>ptatum.</strong></span> <span class='ocrx_word' id='word_1_299' title='bbox 474 2117 682 2159; x_wconf 86' lang='lat' dir='ltr'><strong>accedunt</strong></span> <span class='ocrx_word' id='word_1_300' title='bbox 708 2115 997 2171; x_wconf 79' lang='lat' dir='ltr'><strong>aegritudineS,</strong></span> <span class='ocrx_word' id='word_1_301' title='bbox 1028 2115 1249 2166; x_wconf 87' lang='lat' dir='ltr'><strong>molestiae,</strong></span> <span class='ocrx_word' id='word_1_302' title='bbox 1275 2128 1489 2165; x_wconf 80' lang='lat' dir='ltr'><strong>maeroreS,</strong></span> <span class='ocrx_word' id='word_1_303' title='bbox 1518 2113 1701 2169; x_wconf 86' lang='lat' dir='ltr'><strong>qui-ani-</strong></span> 
     </span>
     <span class='ocr_line' id='line_1_37' title="bbox 260 2169 1699 2229; baseline -0.004 -12"><span class='ocrx_word' id='word_1_304' title='bbox 260 2190 356 2217; x_wconf 87' lang='lat' dir='ltr'><strong>mos</strong></span> <span class='ocrx_word' id='word_1_305' title='bbox 387 2175 583 2216; x_wconf 74' lang='lat' dir='ltr'><strong>exedunt</strong></span> <span class='ocrx_word' id='word_1_306' title='bbox 598 2173 914 2229; x_wconf 84' lang='lat' dir='ltr'><strong>conficiuntque</strong></span> <span class='ocrx_word' id='word_1_307' title='bbox 943 2173 1054 2214; x_wconf 88' lang='lat' dir='ltr'><strong>curis</strong></span> <span class='ocrx_word' id='word_1_308' title='bbox 1083 2172 1305 2214; x_wconf 88' lang='lat' dir='ltr'><strong>hominum</strong></span> <span class='ocrx_word' id='word_1_309' title='bbox 1335 2185 1420 2212; x_wconf 89' lang='lat' dir='ltr'><strong>non</strong></span> <span class='ocrx_word' id='word_1_310' title='bbox 1457 2169 1699 2227; x_wconf 80' lang='lat' dir='ltr'><strong>intelligen-</strong></span> 
     </span>
     <span class='ocr_line' id='line_1_38' title="bbox 261 2226 1700 2285; baseline -0.004 -11"><span class='ocrx_word' id='word_1_311' title='bbox 261 2232 386 2284; x_wconf 76' lang='lat' dir='ltr'><strong>tium,</strong></span> <span class='ocrx_word' id='word_1_312' title='bbox 408 2231 513 2272; x_wconf 87' lang='lat' dir='ltr'><strong>nihil</strong></span> <span class='ocrx_word' id='word_1_313' title='bbox 544 2230 773 2271; x_wconf 87' lang='lat' dir='ltr'><strong>dolendum</strong></span> <span class='ocrx_word' id='word_1_314' title='bbox 801 2244 891 2271; x_wconf 88' lang='lat' dir='ltr'><strong>esse</strong></span> <span class='ocrx_word' id='word_1_315' title='bbox 912 2230 1070 2279; x_wconf 86' lang='lat' dir='ltr'><strong>animo,</strong></span> <span class='ocrx_word' id='word_1_316' title='bbox 1092 2227 1208 2285; x_wconf 91' lang='lat' dir='ltr'><strong>quod</strong></span> <span class='ocrx_word' id='word_1_317' title='bbox 1227 2228 1281 2269; x_wconf 90' lang='lat' dir='ltr'><strong>sit</strong></span> <span class='ocrx_word' id='word_1_318' title='bbox 1301 2242 1326 2269; x_wconf 87' lang='lat' dir='ltr'><strong>a</strong></span> <span class='ocrx_word' id='word_1_319' title='bbox 1344 2226 1700 2283; x_wconf 70' lang='lat' dir='ltr'><strong>dolorecorporis</strong></span> 
     </span>
     <span class='ocr_line' id='line_1_39' title="bbox 260 2283 1701 2344; baseline -0.004 -14"><span class='ocrx_word' id='word_1_320' title='bbox 260 2288 699 2344; x_wconf 64' lang='lat' dir='ltr'><strong>praesenti,-futu1·ove</strong></span> <span class='ocrx_word' id='word_1_321' title='bbox 729 2286 982 2343; x_wconf 84' lang='lat' dir='ltr'><strong>sejunctum.</strong></span> <span class='ocrx_word' id='word_1_322' title='bbox 1040 2286 1135 2326; x_wconf 90' lang='lat' dir='ltr'><strong>Nec</strong></span> <span class='ocrx_word' id='word_1_323' title='bbox 1163 2298 1260 2325; x_wconf 89' lang='lat' dir='ltr'><strong>vero</strong></span> <span class='ocrx_word' id='word_1_324' title='bbox 1290 2284 1514 2340; x_wconf 85' lang='lat' dir='ltr'><strong>quisquam</strong></span> <span class='ocrx_word' id='word_1_325' title='bbox 1544 2283 1701 2325; x_wconf 84' lang='lat' dir='ltr'><strong>stultus</strong></span> 
     </span>
     <span class='ocr_line' id='line_1_40' title="bbox 262 2341 1700 2398; baseline -0.003 -12"><span class='ocrx_word' id='word_1_326' title='bbox 262 2360 348 2386; x_wconf 87' lang='lat' dir='ltr'><strong>non</strong></span> <span class='ocrx_word' id='word_1_327' title='bbox 370 2346 524 2386; x_wconf 85' lang='lat' dir='ltr'><strong>horum</strong></span> <span class='ocrx_word' id='word_1_328' title='bbox 546 2344 794 2385; x_wconf 89' lang='lat' dir='ltr'><strong>morborum</strong></span> <span class='ocrx_word' id='word_1_329' title='bbox 816 2343 957 2398; x_wconf 87' lang='lat' dir='ltr'><strong>aliquo</strong></span> <span class='ocrx_word' id='word_1_330' title='bbox 986 2341 1165 2383; x_wconf 85' lang='lat' dir='ltr'><strong>laborat.</strong></span> <span class='ocrx_word' id='word_1_331' title='bbox 1187 2348 1228 2378; x_wconf 87' lang='lat'><strong>70</strong></span> <span class='ocrx_word' id='word_1_332' title='bbox 1244 2356 1371 2382; x_wconf 89' lang='lat' dir='ltr'><strong>nemo</strong></span> <span class='ocrx_word' id='word_1_333' title='bbox 1391 2341 1523 2396; x_wconf 87' lang='lat' dir='ltr'><strong>igitur</strong></span> <span class='ocrx_word' id='word_1_334' title='bbox 1542 2348 1611 2381; x_wconf 76' lang='lat' dir='ltr'><strong>est</strong></span> <span class='ocrx_word' id='word_1_335' title='bbox 1624 2354 1700 2381; x_wconf 83' lang='lat' dir='ltr'><strong>eo·</strong></span> 
     </span>
     <span class='ocr_line' id='line_1_41' title="bbox 201 2398 1701 2453; baseline -0.005 -9"><span class='ocrx_word' id='word_1_336' title='bbox 201 2407 357 2444; x_wconf 72' lang='lat' dir='ltr'><strong>&amp;orum</strong></span> <span class='ocrx_word' id='word_1_337' title='bbox 393 2417 477 2443; x_wconf 91' lang='lat' dir='ltr'><strong>non</strong></span> <span class='ocrx_word' id='word_1_338' title='bbox 514 2401 654 2441; x_wconf 87' lang='lat' dir='ltr'><strong>miser.</strong></span> <span class='ocrx_word' id='word_1_339' title='bbox 713 2399 896 2440; x_wconf 85' lang='lat' dir='ltr'><strong>Accedit</strong></span> <span class='ocrx_word' id='word_1_340' title='bbox 929 2398 1055 2439; x_wconf 87' lang='lat' dir='ltr'><strong>etiam</strong></span> <span class='ocrx_word' id='word_1_341' title='bbox 1091 2411 1220 2448; x_wconf 90' lang='lat' dir='ltr'><strong>mors,</strong></span> <span class='ocrx_word' id='word_1_342' title='bbox 1254 2412 1365 2453; x_wconf 88' lang='lat' dir='ltr'><strong>quae,</strong></span> <span class='ocrx_word' id='word_1_343' title='bbox 1399 2398 1519 2453; x_wconf 85' lang='lat' dir='ltr'><strong>quasi</strong></span> <span class='ocrx_word' id='word_1_344' title='bbox 1553 2410 1701 2438; x_wconf 83' lang='lat' dir='ltr'><strong>saxum</strong></span> 
     </span>
     <span class='ocr_line' id='line_1_42' title="bbox 261 2452 1699 2513; baseline -0.004 -14"><span class='ocrx_word' id='word_1_345' title='bbox 261 2459 457 2509; x_wconf 83' lang='lat' dir='ltr'><strong>Tantalo,</strong></span> <span class='ocrx_word' id='word_1_346' title='bbox 478 2454 645 2513; x_wconf 84' lang='lat' dir='ltr'><strong>semper</strong></span> <span class='ocrx_word' id='word_1_347' title='bbox 672 2455 887 2512; x_wconf 86' lang='lat' dir='ltr'><strong>impendet</strong></span> <span class='ocrx_word' id='word_1_348' title='bbox 906 2472 917 2495; x_wconf 75' lang='lat' dir='ltr'><strong>t</strong></span> <span class='ocrx_word' id='word_1_349' title='bbox 949 2463 1040 2496; x_wconf 90' lang='lat' dir='ltr'><strong>tum</strong></span> <span class='ocrx_word' id='word_1_350' title='bbox 1061 2454 1321 2510; x_wconf 88' lang='lat' dir='ltr'><strong>superstitio,</strong></span> <span class='ocrx_word' id='word_1_351' title='bbox 1341 2469 1426 2510; x_wconf 86' lang='lat' dir='ltr'><strong>qua</strong></span> <span class='ocrx_word' id='word_1_352' title='bbox 1444 2453 1517 2510; x_wconf 87' lang='lat' dir='ltr'><strong>qui</strong></span> <span class='ocrx_word' id='word_1_353' title='bbox 1536 2460 1602 2494; x_wconf 90' lang='lat' dir='ltr'><strong>est</strong></span> <span class='ocrx_word' id='word_1_354' title='bbox 1619 2452 1699 2494; x_wconf 91' lang='lat' dir='ltr'><strong>im-</strong></span> 
     </span>
    </p>
   </div>
   <div class='ocr_carea' id='block_1_3' title="bbox 259 2599 1704 2860">
    <p class='ocr_par' dir='ltr' id='par_1_4' title="bbox 259 2599 1704 2860">
     <span class='ocr_line' id='line_1_43' title="bbox 305 2599 1704 2644; baseline -0.005 -7"><span class='ocrx_word' id='word_1_355' title='bbox 305 2611 345 2637; x_wconf 77' lang='lat'><strong>68</strong></span> <span class='ocrx_word' id='word_1_356' title='bbox 373 2605 535 2635; x_wconf 57' lang='lat' dir='ltr'><strong>omittendis</strong></span> <span class='ocrx_word' id='word_1_357' title='bbox 561 2603 718 2644; x_wconf 75' lang='lat' dir='ltr'><strong>doloribus]</strong></span> <span class='ocrx_word' id='word_1_358' title='bbox 740 2605 800 2634; x_wconf 64' lang='lat' dir='ltr'><strong>‘An</strong></span> <span class='ocrx_word' id='word_1_359' title='bbox 823 2603 960 2633; x_wconf 76' lang='lat' dir='ltr'><strong>amitten·</strong></span> <span class='ocrx_word' id='word_1_360' title='bbox 1001 2601 1102 2631; x_wconf 68' lang='lat' dir='ltr'><strong>inanes</strong></span> <span class='ocrx_word' id='word_1_361' title='bbox 1116 2600 1197 2632; x_wconf 89' lang='lat' dir='ltr'><strong>bene</strong></span> <span class='ocrx_word' id='word_1_362' title='bbox 1219 2601 1328 2639; x_wconf 82' lang='lat' dir='ltr'><strong>habet,</strong></span> <span class='ocrx_word' id='word_1_363' title='bbox 1344 2610 1404 2631; x_wconf 87' lang='lat' dir='ltr'><strong>nec</strong></span> <span class='ocrx_word' id='word_1_364' title='bbox 1425 2601 1457 2631; x_wconf 87' lang='lat' dir='ltr'><strong>id</strong></span> <span class='ocrx_word' id='word_1_365' title='bbox 1479 2599 1551 2630; x_wconf 82' lang='lat' dir='ltr'><strong>loco</strong></span> <span class='ocrx_word' id='word_1_366' title='bbox 1574 2609 1704 2630; x_wconf 86' lang='lat' dir='ltr'><strong>movere</strong></span> 
     </span>
     <span class='ocr_line' id='line_1_44' title="bbox 260 2645 1153 2685; baseline -0.006 -6"><span class='ocrx_word' id='word_1_367' title='bbox 260 2649 304 2678; x_wconf 81' lang='lat' dir='ltr'><strong>dis</strong></span> <span class='ocrx_word' id='word_1_368' title='bbox 319 2650 335 2679; x_wconf 58' lang='grc' dir='ltr'><strong>ἓ)</strong></span> <span class='ocrx_word' id='word_1_369' title='bbox 358 2650 491 2685; x_wconf 63' lang='lat' dir='ltr'><strong>amittere</strong></span> <span class='ocrx_word' id='word_1_370' title='bbox 515 2654 542 2677; x_wconf 86' lang='lat' dir='ltr'><strong>et</strong></span> <span class='ocrx_word' id='word_1_371' title='bbox 565 2648 694 2676; x_wconf 79' lang='lat' dir='ltr'><strong>omittere</strong></span> <span class='ocrx_word' id='word_1_372' title='bbox 718 2648 750 2677; x_wconf 87' lang='lat' dir='ltr'><strong>in</strong></span> <span class='ocrx_word' id='word_1_373' title='bbox 772 2647 857 2677; x_wconf 90' lang='lat' dir='ltr'><strong>libris</strong></span> <span class='ocrx_word' id='word_1_374' title='bbox 877 2655 960 2685; x_wconf 78' lang='lat' dir='ltr'><strong>saepe</strong></span> <span class='ocrx_word' id='word_1_375' title='bbox 1002 2645 1153 2675; x_wconf 84' lang='lat' dir='ltr'><strong>sustinui.</strong></span> 
     </span>
     <span class='ocr_line' id='line_1_45' title="bbox 261 2681 1699 2726; baseline -0.007 -4"><span class='ocrx_word' id='word_1_376' title='bbox 261 2693 397 2723; x_wconf 81' lang='lat' dir='ltr'><strong>confusa</strong></span> <span class='ocrx_word' id='word_1_377' title='bbox 413 2692 511 2722; x_wconf 51' lang='lat' dir='ltr'><strong>sunt(</strong></span> <span class='ocrx_word' id='word_1_378' title='bbox 1048 2693 1087 2722; x_wconf 23' lang='lat'><strong>7⁷0</strong></span> <span class='ocrx_word' id='word_1_379' title='bbox 1114 2697 1191 2717; x_wconf 79' lang='lat' dir='ltr'><strong>nemo</strong></span> <span class='ocrx_word' id='word_1_380' title='bbox 1214 2685 1308 2726; x_wconf 79' lang='lat' dir='ltr'><strong>igitur</strong></span> <span class='ocrx_word' id='word_1_381' title='bbox 1329 2693 1370 2716; x_wconf 82' lang='lat' dir='ltr'><strong>est</strong></span> <span class='ocrx_word' id='word_1_382' title='bbox 1393 2696 1488 2715; x_wconf 81' lang='lat' dir='ltr'><strong>eorum</strong></span> <span class='ocrx_word' id='word_1_383' title='bbox 1513 2695 1569 2713; x_wconf 73' lang='lat' dir='ltr'><strong>uon</strong></span> <span class='ocrx_word' id='word_1_384' title='bbox 1594 2681 1699 2724; x_wconf 68' lang='lat' dir='ltr'><strong>mint]</strong></span> 
     </span>
     <span class='ocr_line' id='line_1_46' title="bbox 303 2726 1701 2773; baseline -0.005 -10"><span class='ocrx_word' id='word_1_385' title='bbox 303 2740 343 2768; x_wconf 77' lang='lat'><strong>69</strong></span> <span class='ocrx_word' id='word_1_386' title='bbox 360 2733 532 2773; x_wconf 44' lang='lat' dir='ltr'><strong>cupiditales</strong></span> <span class='ocrx_word' id='word_1_387' title='bbox 549 2734 693 2767; x_wconf 69' lang='lat' dir='ltr'><strong>inimemae</strong></span> <span class='ocrx_word' id='word_1_388' title='bbox 709 2737 736 2760; x_wconf 77' lang='lat' dir='ltr'><strong>et</strong></span> <span class='ocrx_word' id='word_1_389' title='bbox 752 2729 864 2770; x_wconf 70' lang='lat' dir='ltr'><strong>inanes]</strong></span> <span class='ocrx_word' id='word_1_390' title='bbox 880 2731 958 2762; x_wconf 87' lang='lat' dir='ltr'><strong>Mss.</strong></span> <span class='ocrx_word' id='word_1_391' title='bbox 1005 2730 1117 2760; x_wconf 83' lang='lat' dir='ltr'><strong>Addidi</strong></span> <span class='ocrx_word' id='word_1_392' title='bbox 1144 2739 1221 2760; x_wconf 90' lang='lat' dir='ltr'><strong>cum</strong></span> <span class='ocrx_word' id='word_1_393' title='bbox 1248 2729 1378 2759; x_wconf 87' lang='lat' dir='ltr'><strong>Davisio</strong></span> <span class='ocrx_word' id='word_1_394' title='bbox 1403 2738 1422 2758; x_wconf 86' lang='lat' dir='ltr'><strong>e</strong></span> <span class='ocrx_word' id='word_1_395' title='bbox 1444 2728 1509 2758; x_wconf 86' lang='lat' dir='ltr'><strong>Ms.</strong></span> <span class='ocrx_word' id='word_1_396' title='bbox 1526 2726 1636 2757; x_wconf 82' lang='lat' dir='ltr'><strong>Ursini</strong></span> <span class='ocrx_word' id='word_1_397' title='bbox 1656 2738 1701 2756; x_wconf 76' lang='lat' dir='ltr'><strong>eo-</strong></span> 
     </span>
     <span class='ocr_line' id='line_1_47' title="bbox 259 2771 1699 2817; baseline -0.006 -8"><span class='ocrx_word' id='word_1_398' title='bbox 259 2777 507 2817; x_wconf 65' lang='lat' dir='ltr'><strong>ap.&#39;Davisiu‘m‚</strong></span> <span class='ocrx_word' id='word_1_399' title='bbox 522 2775 784 2806; x_wconf 50' lang='lat' dir='ltr'><strong>*et&#39;edsVictorii</strong></span> <span class='ocrx_word' id='word_1_400' title='bbox 809 2774 958 2810; x_wconf 79' lang='lat' dir='ltr'><strong>immanes,</strong></span> <span class='ocrx_word' id='word_1_401' title='bbox 1004 2784 1079 2809; x_wconf 84' lang='lat' dir='ltr'><strong>rum,</strong></span> <span class='ocrx_word' id='word_1_402' title='bbox 1106 2782 1150 2804; x_wconf 84' lang='lat' dir='ltr'><strong>sc.</strong></span> <span class='ocrx_word' id='word_1_403' title='bbox 1174 2773 1368 2803; x_wconf 88' lang='lat' dir='ltr'><strong>stultorum:</strong></span> <span class='ocrx_word' id='word_1_404' title='bbox 1392 2771 1479 2811; x_wconf 89' lang='lat' dir='ltr'><strong>quod</strong></span> <span class='ocrx_word' id='word_1_405' title='bbox 1502 2771 1614 2803; x_wconf 75' lang='lat' dir='ltr'><strong>abesse</strong></span> <span class='ocrx_word' id='word_1_406' title='bbox 1633 2778 1699 2800; x_wconf 75' lang='lat' dir='ltr'><strong>non</strong></span> 
     </span>
     <span class='ocr_line' id='line_1_48' title="bbox 259 2818 1625 2860; baseline -0.005 -9"><span class='ocrx_word' id='word_1_407' title='bbox 259 2822 345 2860; x_wconf 85' lang='lat' dir='ltr'><strong>quod</strong></span> <span class='ocrx_word' id='word_1_408' title='bbox 363 2831 427 2851; x_wconf 90' lang='lat' dir='ltr'><strong>non</strong></span> <span class='ocrx_word' id='word_1_409' title='bbox 444 2827 490 2850; x_wconf 78' lang='lat' dir='ltr'><strong>est</strong></span> <span class='ocrx_word' id='word_1_410' title='bbox 504 2819 687 2850; x_wconf 84' lang='lat' dir='ltr'><strong>abhorrens.</strong></span> <span class='ocrx_word' id='word_1_411' title='bbox 725 2818 787 2847; x_wconf 87' lang='lat' dir='ltr'><strong>Sed</strong></span> <span class='ocrx_word' id='word_1_412' title='bbox 803 2824 911 2848; x_wconf 84' lang='lat' dir='ltr'><strong>tamen</strong></span> <span class='ocrx_word' id='word_1_413' title='bbox 928 2824 960 2847; x_wconf 83' lang='lat' dir='ltr'><strong>et</strong></span> <span class='ocrx_word' id='word_1_414' title='bbox 986 2826 989 2829; x_wconf 82' lang='grc'><em>·</em></span> <span class='ocrx_word' id='word_1_415' title='bbox 1003 2823 1114 2856; x_wconf 77' lang='lat' dir='ltr'><strong>potest.</strong></span> <span class='ocrx_word' id='word_1_416' title='bbox 1622 2830 1625 2834; x_wconf 82' lang='lat'><em>-</em></span> 
     </span>
    </p>
   </div>
  </div>
 </body>
</html>
