1768 3095
542 84 1039 122 LIBERVTERTIUS.
1084 123 1087 126 ,
1411 87 1502 124 -161

65 203 114 236 ut
135 193 209 251 qui
227 194 348 251 plura
373 192 541 243 habeat,
571 207 668 248 quae
697 192 739 233 in
769 205 946 247 corpore
976 191 1133 246 magni:
1152 191 1426 246 aestimantur,
1450 198 1504 240 sit

64 251 242 293 beatior.
263 251 324 292 illi
344 249 454 291 enim
476 249 665 304 corporis
691 248 930 289 commodis
958 247 1163 303 compleri
1183 249 1309 289 vitam
1332 250 1499 295 beatam
1511 268 1542 298 b.

61 316 214 363 putant
233 325 242 350 :
274 305 404 348 nostri
424 305 528 346 nihil
549 306 703 346 minus.
735 317 962 346 nam-cum
991 305 1063 345 ita·
1078 305 1256 359 placeat,
1279 319 1331 346 ne
1352 321 1499 351 eorum

62 365 235 419 quidem
255 365 478 412 bonorum,
503 371 646 419 91quae
676 377 751 403 nos
770 362 894 402 ,bona
924 371 1099 402 naturaer
1114 361 1392 417 appellemus,
1418 365 1500 406 fre-

61 421 232 476 quentia
262 419 493 461 beatiorem
523 419 648 460 vitam
686 419 789 469 fieri,
805 427 896 459 ¹xaut
928 418 1065 473 mag-is
1084 419 1390 473 expetendam,
1424 432 1498 463 aut

59 477 189 531 pluris
215 476 503 516 aestimandam
519 492 530 527 ;
563 486 674 517 certe
705 476 843 516 minus
874 475 927 516 ad
959 475 1139 529 beatam·
1159 476 1284 516 vitam
1314 478 1496 532 pertinet

59 533 289 575 multitudo
319 533 507 587 corporis
538 532 879 574 commodorum.
940 532 1107 572 Etenim
1139 531 1172 572 si
1207 540 1244 566 92
1257 540 1298 573 et
1333 548 1556 589 sapere,-44

57 589 335 643 expetendum
357 590 424 639 sit,
441 599 490 631 et
507 590 668 630 valere:
699 590 975 645 conjunctum
1007 597 1236 644 utrumque
1259 590 1396 645 magis
1417 606 1491 632 ex-

52 646 283 699 petendum
304 646 372 696 sit,
394 661 521 702 quam
544 660 689 701 sapere
711 646 865 697 solum,
883 660 1019 701 neque
1040 654 1197 696 tamen,
1221 653 1259 680 93
1272 646 1306 686 si
1326 656 1493 689 utrum-

53 715 137 756 que
166 702 220 744 sit
250 702 531 744 aestimatione
566 704 762 759 dignum,
802 702 998 758 plurissssi
1027 702 1320 758 conjunctum,
1362 719 1490 760 quam

49 772 196 813 sapere
217 759 356 814 ipsum
387 768 641 815 separatum.
672 774 770 800 narn
801 759 875 815 qui
904 759 1178 800 valitudinem
1211 760 1489 804 aestimatione

49 814 190 870 aliqua
209 815 382 871 dignam
400 816 660 873 judicamus,
682 831 820 873 neque
849 825 991 857 tamen
1021 830 1115 856 eam
1146 816 1189 856 in
1219 816 1341 858 bon-is
1362 819 1487 874 poni-

48 885 158 922 moe,
175 872 307 914 iidem
329 887 551 915 censemus
581 873 741 915 nullam
771 887 862 914 esse
892 881 1053 914 tantam
1076 873 1419 925 aestimationem,
1438 885 1486 918 ut

46 941 97 968 ea
117 929 257 971 virtuti
288 939 581 986 anteponatur.
613 930 730 987 quod
760 930 873 971 idem
906 929 1171 985 Peripatetici
1202 945 1286 971 non
1311 940 1484 974 tenent:

48 985 200 1039 quibus
218 986 451 1028 dicendum
473 996 551 1039 est,
573 1002 671 1044 quae
683 996 726 1028 et
739 987 917 1028 honesta
933 987 1044 1027 actio
1063 987 1131 1037 sit,
1149 995 1193 1027 et
1208 987 1297 1028 sine
1320 988 1483 1042 dolore,

44 1055 139 1083 eam
178 1044 312 1099 magis
346 1059 437 1086 esse
465 1045 759 1100 expetendam,
797 1051 924 1100 quam
963 1043 996 1084 si
1037 1051 1148 1084 esset
1185 1044 1334 1085 eadem
1370 1046 1482 1087 actio

44 1112 143 1139 cum
163 1099 326 1142 dolore.
347 1102 470 1143 nobis
491 1102 611 1143 aliter
630 1102 795 1143 videtur
814 1118 823 1141 :
854 1108 969 1142 recte
998 1115 1187 1151 secusne,
1218 1110 1380 1156 postea.
1406 1104 1481 1144 sed

42 1163 239 1209 potestne
258 1172 400 1199 rerum
424 1160 562 1215 major
589 1173 681 1200 esse
711 1158 945 1199 dissensio?
983 1158 1044 1198 Ut
1073 1157 1184 1197 enim
1216 1158 1480 1211 obscuratur,
1500 1158 1565 1205 14

42 1219 86 1251 et
106 1213 338 1256 offunditur
353 1215 448 1256 luce
470 1215 570 1256 solis
595 1215 741 1257 lumen
771 1214 954 1255 lucernae
973 1230 984 1264 3
1016 1224 1060 1254 et
1081 1223 1127 1255 ut
1150 1215 1292 1264 interit
1312 1217 1479 1271 magni-
1491 1229 1539 1262 45

41 1268 189 1310 tudine
218 1271 344 1311 maris
373 1272 531 1327 AEgaei,
564 1271 676 1313 stilla
708 1271 884 1321 muriae3
916 1280 957 1311 et
988 1280 1035 1311 ut
1065 1271 1107 1310 in
1138 1270 1290 1318 divitiis
1310 1271 1478 1326 Croesi,

41 1327 219 1367 teruncii
239 1328 449 1379 accessi03
480 1338 523 1369 et
543 1328 701 1384 gradus
723 1343 832 1369 unus
864 1327 905 1368 in
931 1341 982 1368 ea
1006 1328 1083 1377 via,
1114 1342 1210 1382 quae
1233 1337 1297 1368 est
1316 1328 1415 1379 hinc
1436 1330 1478 1378 in

41 1379 235 1425 Indiam:
267 1384 341 1434 sic,
362 1399 467 1427 cum.
482 1386 535 1426 sit
555 1387 589 1426 is
611 1386 821 1426 bonorum
855 1384 961 1434 finis,
993 1398 1121 1440 quem
1152 1384 1290 1427 Stoici
1315 1385 1476 1438 dicunt,

39 1440 178 1480 omnis
199 1439 279 1480 ista
299 1450 485 1482 94rerum
507 1442 548 1482 in
575 1456 751 1496 corpore
787 1442 962 1481 sitarum
992 1441 1233 1491 aestimatio,
1253 1441 1477 1496 splendore

38 1494 215 1546 virtutis,
247 1505 290 1537 et
319 1498 614 1553 magnitudine
644 1499 910 1546 obscuretur,
941 1506 983 1537 et
1013 1497 1232 1547 obruatur,
1261 1507 1388 1553 atque
1413 1500 1478 1540 in-
1533 1521 1536 1524 >

35 1558 170 1593 tereat
189 1566 359 1596 necesse
379 1562 456 1596 est.
487 1556 543 1595 Et
562 1553 927 1611 quemadmodum
948 1555 1240 1608 opportunitas
1267 1555 1342 1606 (sic
1362 1557 1473 1603 enim

33 1608 296 1663 appellemus
337 1610 536 1667 εὐκαιρίαν)
576 1626 660 1652 non
699 1611 745 1651 fit
783 1611 920 1667 major
958 1610 1237 1665 productione
1272 1614 1473 1667 temporis

38 1663 212 1717 (habent
238 1668 349 1709 enim
380 1683 501 1709 suum
534 1669 712 1710 modum
743 1680 1024 1723 quaecumque
1055 1676 1294 1723 opportuna
1323 1668 1470 1710 dicun-

33 1722 118 1774 tur)
155 1722 225 1764 sic*
250 1734 364 1766 recte
396 1725 563 1766 effectio
601 1725 837 1780 (κατόρθωσιν
871 1724 981 1765 enim
1012 1725 1070 1764 ita
1106 1725 1290 1779 appello,
1313 1734 1350 1759 9⁵
1363 1741 1470 1782 quo-

32 1777 145 1819 niam
185 1790 300 1822 recte
338 1782 498 1823 factum
540 1783 772 1838 κατόρθωμα)
815 1790 929 1822 recta
969 1781 1101 1836 igitur
1145 1781 1325 1832 effectio,
1367 1783 1469 1824 item
1515 1828 1517 1830 ,

31 1836 335 1888 convenientia,
371 1839 552 1895 denique
584 1840 722 1894 ipsum
758 1839 932 1887 bonum,
967 1837 1082 1893 quod
1122 1837 1164 1878 in
1197 1852 1248 1879 eo
1282 1840 1468 1893 positum

32 1898 111 1942 est,
146 1902 195 1934 ut
231 1902 391 1935 naturae
430 1896 680 1945 consentiat,
727 1895 941 1936 crescendi
981 1895 1264 1935 accessionem
1308 1896 1468 1948 nullam

29 1946 174 1989 habet.
234 1951 298 1991 Ut
317 1952 427 1992 enim
449 1953 744 2007 opportunitas
774 1952 858 2003 illa,
890 1953 949 1993 sic
979 1952 1086 2003 haec,
1118 1951 1171 1992 de
1192 1952 1346 2007 quibus
1363 1953 1532 2008 ‚dixi246

29 2017 115 2045 non
134 2005 242 2047 fiunt
263 2008 465 2063 temporis
485 2009 764 2064 productione
792 2010 956 2064 majora
979 2026 986 2050 :
1020 2010 1076 2049 ob
1096 2022 1274 2064 eamque
1295 2010 1465 2052 causam
1478 2025 1508 2054 p-
1531 2024 1599 2049 100.

28 2060 181 2104 Stoicis
215 2079 299 2105 non
332 2065 494 2106 videtur
529 2066 769 2121 optabilior,
801 2081 876 2106 nee
908 2065 1043 2121 magis
1075 2065 1311 2120 expetenda
1341 2067 1504 2117 beataa'

26 2117 123 2170 vita,
154 2120 189 2161 si
219 2121 272 2162 sit
302 2121 446 2177 longa,
478 2137 602 2178 quan]
636 2123 670 2162 si
700 2123 860 2163 brevis:
893 2131 1152 2178 utunturque
1185 2123 1324 2163 simili.
1360 2124 1464 2173 utsi

25 2320 86 2349 que
94 2311 133 2341 ad
143 2311 250 2341 beatior
260 2313 350 2344 uncis
362 2313 501 2350 inclusit,
513 2322 548 2344 ut
558 2315 717 2354 spurium,
764 2314 903 2343 turbant.
1419 2341 1423 2344 ,

22 2354 57 2383 in
80 2354 195 2393 quibus
218 2356 256 2385 sit
283 2366 370 2386 mera
393 2364 425 2387 et
451 2358 553 2388 inanis
578 2359 719 2398 repetitio
807 2363 843 2388 953
871 2358 894 2385 si
908 2353 1077 2397 utrumque]
1097 2355 1186 2386 Forte
1202 2355 1334 2401 sen-etsi
1349 2360 1460 2401 upra-m-

23 2398 186 2435 sententiae
200 2400 376 2438 superioriS.
762 2410 826 2440 que.
962 2435 964 2437 ι

67 2442 103 2472 91
121 2442 194 2482 ’ᾁιιιε
205 2452 252 2471 nos
268 2442 338 2471 bona
350 2450 464 2472 naturae
475 2443 558 2483 app]
577 2443 653 2473 Edd.
671 2453 717 2482 pr.
806 2450 844 2474 94
869 2453 963 2471 rerum
976 2442 1008 2470 'in
1029 2447 1141 2481 corpore
1163 2438 1299 2478 sitarum]
1325 2441 1363 2469 In
1388 2439 1458 2470 edd.

20 2488 53 2511 et
68 2482 146 2513 Mss}
163 2485 294 2522 quidam
309 2496 365 2525 pro
378 2493 491 2515 naturae
503 2486 622 2516 habent
635 2497 714 2515 vere.
761 2495 806 2524 pr.
823 2492 868 2515 est
884 2485 914 2513 in
929 2491 1040 2524 corpore
1050 2484 1164 2519 harum,
1177 2484 1263 2522 quod
1279 2491 1457 2514 correctum
1501 2510 1504 2511 γ

21 2534 77 2564 pro
96 2525 167 2555 bona
187 2528 328 2558 vicissim
352 2529 526 2559 Lambinus
549 2539 626 2559 cum
650 2529 714 2558 Da·
757 2535 803 2558 est
819 2529 950 2558 sitarum.
996 2528 1075 2557 Mss.
1102 2533 1209 2570 autem
1231 2526 1352 2566 aliquot
1372 2525 1457 2565 apud

22 2567 99 2598 visio
114 2578 131 2598 e
153 2569 231 2601 Mss.
254 2571 321 2601 aliis
346 2572 436 2602 malit
456 2573 553 2612 prima
577 2579 713 2602 naturae:
757 2571 927 2601 Davisium
963 2572 1085 2607 liabent
1121 2581 1215 2598 rerum
1245 2576 1454 2609 corporearum,

22 2619 94 2653 quae
112 2612 175 2642 sint
197 2623 245 2649 ea,
268 2624 341 2654 quae
364 2625 435 2645 vere
461 2617 541 2645 bona
564 2615 712 2655 appellari
757 2615 843 2653 quod
859 2613 961 2654 placet
972 2614 1124 2644 Davisio:
1150 2613 1242 2642 bene.

23 2652 117 2684 Stoici
127 2655 288 2687 dicebant.
332 2658 443 2697 Itaque
455 2659 520 2689 aut
541 2659 711 2689 lectIOnem
798 2663 839 2689 ⁷95
865 2657 997 2698 quoniam
1012 2662 1119 2686 rectum
1121 2655 1243 2695 fizctum
1260 2653 1452 2696 κατίξρωμιι]

22 2700 158 2727 veterem
173 2706 228 2728 aut
244 2701 328 2730 hanc
343 2702 549 2740 praetulerim.
758 2700 844 2730 Infra
860 2709 887 2729 c.
909 2707 958 2730 is.
975 2706 1016 2729 est
1031 2706 1105 2728 recte
1113 2699 1247 2740 sactum.
1266 2698 1356 2728 bene.
1403 2698 1455 2727 Sic

65 2745 103 2770 92
127 2747 154 2768 el
176 2748 345 2780 sapere—et
365 2743 479 2782 valere]
506 2744 619 2774 Addidi
636 2749 662 2772 et
679 2744 711 2773 ln
757 2752 787 2773 et
813 2743 866 2772 hic
890 2743 1022 2773 correxi.
1045 2743 1120 2781 quia
1147 2742 1293 2780 praecedit
1318 2747 1395 2769 recta
1413 2741 1455 2781 {f-

15 2779 118 2810 altero
131 2786 225 2813 —cum‘
252 2785 380 2816 Davisio
409 2794 439 2817 et
472 2788 573 2818 deleri
602 2793 711 2816 contra
743 2786 851 2824 scatio,
870 2794 943 2816 recle
960 2793 1122 2816 mutatum
1139 2791 1184 2814 est
1200 2784 1233 2814 in
1252 2790 1369 2814 rectum.

20 2829 92 2853 ante
116 2825 302 2864 conjunctum.
347 2830 424 2859 Edd.
447 2837 522 2861 vett.
546 2831 599 2861 hic
621 2829 711 2858 valde

77 2879 192 2908 VOL.
215 2881 282 2910 IV.
306 2883 345 2911 P.
369 2884 401 2911 Ι.
775 2883 809 2909 M
