1778 3095
529 112 707 150 LIBER
745 111 1081 152 SECUNDUS.
1441 119 1519 158 383.

92 221 208 277 quod
228 221 352 264 fldem
373 227 555 270 secutus,
572 219 885 273 amicitiamque
904 218 1049 274 populi
1069 216 1263 269 Romani,
1281 218 1448 262 functus
1467 221 1520 263 sit

91 279 259 320 officio:
303 277 581 334 antiquiorem
620 276 733 316 enim
767 275 846 315 sibi
879 275 1008 316 fuisse
1045 275 1211 317 laudem
1247 283 1289 315 et
1324 276 1519 330 gloriam,

92 350 219 390 quam
241 349 434 390 regnum,
456 342 498 374 et
516 332 798 387 possessiones
818 346 928 377 suas.
990 331 1129 373 Credo
1150 332 1191 373 id
1212 331 1380 387 quidem
1404 349 1413 373 ε
1446 333 1520 376 sed

92 391 174 432 hoc
206 392 310 433 nihil
338 391 391 432 ad
418 388 615 444 auspicia.
646 395 684 420 65
700 402 777 428 nec
807 388 918 428 enim
950 387 987 428 ei
1018 388 1163 429 cornix
1192 402 1338 429 cauere
1363 390 1519 444 potuit,

90 457 203 489 recte
223 463 320 489 eum
341 448 475 488 facere
494 462 503 487 :
535 444 649 500 quod
670 444 815 500 populi
842 444 1021 485 Romani
1040 443 1274 485 libertatem
1297 444 1519 486 defendere

88 515 268 559 pararet.
298 504 386 559 ipse
406 503 487 543 hoc
509 502 727 552 sentiebat,
744 501 865 542 sicuti
886 500 1028 541 sensit.
1067 501 1178 541 Aves
1198 509 1368 542 eventus
1388 502 1518 556 signi·
1530 507 1582 551 79

90 560 216 602 ficant
249 569 321 601 aut
351 558 558 609 adversos,
590 566 663 599 aut
694 557 927 600 secundos:
973 556 1135 598 virtutis
1170 557 1365 612 auspiciis
1400 558 1519 599 video

89 631 180 658 esse
214 631 335 657 usum
368 616 647 671 Dejotarum:
678 629 773 670 quae
804 622 916 655 vetat
943 623 1131 669 spectare
1160 614 1388 664 fortunam,
1417 614 1520 656 dum

87 681 310 728 praestetur
337 672 450 713 fides.
482 686 573 713 aves
602 686 699 712 vero
727 671 760 712 si
789 684 1012 726 prosperos
1039 674 1210 711 eventus
1232 671 1520 723 ostenderunt,

88 738 201 770 certe
221 728 472 770 fefellerunt.
533 728 659 783 Fugit
679 742 701 768 e
721 727 871 783 proelio
893 742 990 768 cum
1013 727 1239 782 Pompeio:
1269 742 1394 782 grave
1412 737 1521 769 tem-

88 800 182 841 puS.
214 784 404 827 discessit
433 785 486 826 ab
516 800 596 827 eo:
627 785 822 826 luctuosa
851 798 930 825 res.
991 783 1203 825 Caesarem
1235 783 1385 824 eodem
1410 793 1519 826 tem·
1533 802 1650 834 pam».

87 856 189 897 pore
210 841 393 892 hostem,
414 850 457 882 et
486 841 696 897 hospitem
725 841 854 882 vidit:
885 840 987 896 quid
1014 840 1096 881 hoc
1126 840 1314 882 tristius?
1350 841 1391 882 Is
1421 855 1517 882 cum
1531 848 1560 869 a.

82 899 126 939 ei
150 905 189 930 66
202 899 486 954 Troginorum
519 897 785 939 tetrarchiam
816 897 1048 952 eripuisset,
1071 905 1112 938 et
1133 897 1301 938 asseclae
1324 912 1400 938 suo
1424 898 1522 939 Per-

86 969 283 1010 gameno,
300 955 441 995 nescio
458 955 541 1006 cui,
559 953 754 1004 dedisset,
771 953 992 1009 eidemque
1013 953 1259 994 detraxisset
1274 954 1523 995 Armeniam

86 1026 112 1052 a
135 1020 282 1053 senatu
311 1011 478 1052 datam:
511 1025 695 1067 cumque
725 1011 778 1052 ab
808 1024 859 1051 eo
888 1010 1305 1066 magnificentissimo
1337 1010 1523 1066 hospitio

86 1078 285 1123 acceptus
314 1076 454 1118 esset3
492 1067 721 1124 spoliatum
759 1066 928 1122 reliquit
959 1076 1001 1108 et
1032 1066 1260 1122 hospitem,
1291 1075 1334 1108 et
1364 1082 1522 1123 regem.

87 1124 171 1165 Sed
198 1124 317 1166 labor
342 1124 527 1180 longius.
559 1124 612 1166 ad
633 1123 898 1181 propositum
921 1132 1114 1165 revertar.
1174 1123 1218 1164 Si
1237 1131 1385 1165 eventa
1406 1139 1523 1179 quae·

85 1180 230 1231 rimus,
254 1196 348 1237 quae
369 1182 643 1238 exquiruntur
674 1180 818 1222 avibus
839 1199 848 1223 :
879 1180 994 1222 nullo
1015 1179 1145 1221 modo
1165 1194 1367 1235 prospera
1386 1181 1523 1235 Dejo-

85 1246 192 1278 taro.
213 1238 275 1278 sin
298 1237 458 1279 officia:
480 1253 506 1279 a
524 1238 674 1280 virtute
694 1238 839 1293 ipsius,
861 1252 944 1279 non
966 1238 1018 1278 ab
1040 1236 1234 1291 auspiciis
1258 1236 1388 1292 petita
1410 1245 1521 1278 sunt.

87 1294 252 1335 Omitte
272 1294 402 1350 igitur
420 1295 575 1336 lituum
607 1294 791 1345 Romuli,
814 1309 940 1350 quem
962 1294 1005 1334 in
1028 1295 1212 1335 maximo
1233 1293 1426 1334 incendio
1448 1308 1521 1334 ne·
1534 1296 1604 1344 38

85 1364 163 1405 gas
198 1351 386 1406 potuisse
418 1351 642 1393 comburi:
682 1360 907 1392 contemne
937 1360 1078 1392 cotem
1109 1350 1218 1391 Attii
1248 1350 1387 1391 Navii.
1418 1350 1587 1403 nihilgo

86 1407 214 1449 debet
244 1422 334 1449 esse
362 1408 404 1448 in
430 1407 699 1464 philosophia
728 1407 1034 1449 commenticiis
1064 1406 1230 1448 fabellis
1251 1406 1348 1447 loci.
1410 1406 1524 1448 Illud

86 1474 176 1505 erat
197 1464 456 1520 philosophi,
478 1465 609 1506 totius
630 1464 797 1520 augurii
824 1465 1008 1519 primum
1037 1472 1229 1505 naturam
1249 1463 1384 1518 ipsam
1405 1463 1523 1505 vide-

85 1534 144 1571 re,
165 1520 317 1562 deinde
336 1522 634 1573 inventionem,
655 1521 804 1562 deinde
824 1520 1119 1562 constantiam.
1180 1521 1289 1577 Quae
1310 1528 1372 1560 est
1392 1519 1525 1575 igitur

86 1585 249 1628 natura,
270 1591 367 1633 quae
388 1577 576 1619 volucres
597 1578 681 1619 huc
709 1587 752 1619 et
780 1577 879 1619 illuc
899 1578 1052 1633 passim
1073 1585 1272 1632 vagantes
1292 1576 1458 1628 efficiat,
1478 1586 1527 1618 ut

86 1633 325 1689 significent
358 1633 532 1690 aliquid,
565 1644 610 1676 et
639 1644 731 1676 tum
767 1643 907 1675 vetent
937 1648 1078 1690 agere,
1108 1643 1200 1674 tum
1224 1633 1420 1689 jubeant,
1451 1643 1527 1674 aut

85 1700 228 1741 cantu,
248 1699 322 1732 aut
339 1690 510 1732 volatu?
542 1706 619 1733 cur
639 1699 780 1732 autem
808 1691 900 1732 aliis
933 1705 957 1731 a
987 1691 1105 1741 laeva,
1128 1690 1219 1731 aliis
1239 1705 1265 1731 a
1283 1689 1430 1730 dextra
1450 1689 1523 1730 da-

85 1754 176 1788 tum
211 1756 277 1788 est
310 1747 468 1798 avibus,
501 1757 550 1789 ut
581 1758 721 1790 ratum
759 1747 995 1803 auspicium
1028 1747 1164 1788 facere
1200 1746 1394 1802 possint?
1437 1760 1524 1802 quo

85 1802 218 1844 modo
248 1812 391 1844 autem
423 1803 528 1854 haec,
554 1813 627 1846 aut
656 1804 841 1860 quando,
871 1812 945 1845 aut
974 1819 999 1845 a
1028 1804 1183 1859 quibus
1213 1804 1379 1845 inventa
1409 1802 1523 1843 dice-

85 1861 210 1901 mus?
258 1859 427 1901 Etrusci
465 1870 607 1902 tamen
643 1861 801 1901 habent
835 1871 1051 1902 exaratum
1086 1874 1266 1915 puerum
1303 1867 1522 1900 auctorem

85 1915 317 1971 disciplinae
346 1931 447 1958 suae.
478 1933 555 1959 nos
584 1919 738 1973 quem?
773 1917 998 1958 Attiumne
1027 1917 1245 1958 Navium?
1278 1916 1340 1957 At
1360 1915 1525 1971 aliquot

40 2018 43 2023 ι
85 1973 204 2013 annis
224 1979 261 2010 67
279 1974 490 2029 antiquior
517 1974 724 2015 Romulus
755 1983 797 2015 et
825 1975 997 2024 Remus,
1018 1973 1145 2014 ambo
1166 1987 1362 2028 augures,
1385 1981 1433 2013 ut
1451 1986 1523 2013 ac-

83 2029 290 2085 ecpimus·
347 2030 418 2071 An
441 2031 686 2081 Pisidarum,
709 2039 781 2072 aut
803 2029 1002 2082 Cilicum,
1023 2039 1096 2071 aut
1119 2029 1337 2086 Phrygum
1358 2030 1437 2069 ista
1458 2029 1522 2069 in-

84 2094 206 2127 venta
233 2087 453 2142 dicemus?
496 2088 636 2129 Placet
668 2088 814 2143 igitur,
844 2086 1118 2128 humanitatis
1148 2094 1338 2140 expertes
1365 2085 1520 2126 habere
1536 2096 1582 2127 81

84 2147 124 2174 68
138 2141 362 2185 divinitatis
396 2147 617 2186 auctores?
668 2146 731 2186 At
769 2158 916 2185 omnes
954 2158 1091 2199 reges,
1130 2142 1292 2198 populi,
1328 2142 1518 2183 nationes
1532 2149 1605 2206 39

84 2208 263 2240 utuntur
283 2200 492 2256 auspiciis.
529 2201 663 2258 Quasi
684 2215 780 2242 vero
800 2200 1031 2256 quidquam
1053 2200 1109 2241 sit
1127 2207 1215 2240 tam
1235 2198 1368 2250 valde,
1391 2212 1519 2254 quam

86 2255 191 2297 nihil
212 2271 371 2312 sapere,
392 2258 588 2313 vulgare3
619 2267 693 2299 aut
712 2257 831 2314 quasi
853 2257 930 2299 tibi
951 2257 1028 2312 ipsi
1048 2257 1090 2297 in
1103 2255 1337 2313 judicando
1357 2255 1523 2311 placeat

85 2311 331 2355 multitudo.
391 2316 561 2371 Quotus
595 2315 773 2371 quisque
802 2322 880 2365 est,
902 2314 974 2370 qui
1000 2313 1262 2369 voluptatem
1284 2322 1410 2368 neget
1429 2326 1522 2353 esse

85 2368 277 2411 bonum?
309 2371 500 2427 plerique
521 2371 648 2412 etiam
669 2386 883 2412 summum
905 2371 1068 2412 bonum
1090 2370 1251 2411 dicunt.
1299 2371 1419 2411 Num
1439 2368 1520 2424 igi-
1533 2373 1566 2404 b-

87 2433 157 2466 tur
188 2440 334 2468 eorum
371 2428 606 2484 frequentia
637 2427 770 2470 Stoici
799 2427 852 2469 de
882 2427 1087 2469 sententia
1115 2426 1406 2468 deterrentur?
1447 2434 1524 2467 aut

87 2495 189 2522 num
220 2483 429 2540 plerisque
457 2485 499 2525 in
528 2486 653 2526 rebus
680 2484 871 2540 sequitur
889 2498 1036 2526 eorum
1056 2483 1351 2525 auctoritatem
1374 2482 1522 2523 multi-

87 2537 219 2580 tudo?
242 2540 359 2596 Quid
379 2541 535 2583 mirum
553 2541 697 2598 igitur,
718 2542 752 2582 si
768 2542 809 2583 in
826 2542 1023 2583 omnibus
1040 2540 1252 2597 auspiciis,
1267 2547 1310 2581 et
1326 2539 1442 2581 omni
1458 2537 1521 2580 di-

131 2681 170 2707 65
187 2686 237 2706 nec
253 2675 327 2706 enirn
343 2675 369 2706 ei
384 2675 499 2718 cornix]
516 2677 630 2708 Addidi
645 2678 671 2708 ei
686 2688 702 2708 e
718 2678 784 2709 Ms.
825 2677 901 2717 quia
916 2683 986 2717 post
1000 2683 1046 2707 est
1061 2676 1142 2706 ambo
1158 2687 1290 2715 augures.

91 2718 198 2750 Guelf.
215 2726 246 2750 et
261 2720 330 2750 edd·
347 2726 422 2750 vett.
439 2727 475 2750 ut
488 2727 519 2750 et
536 2722 682 2751 Davisius
699 2722 784 2751 fecit.
870 2725 910 2751 68
934 2720 1105 2750 divinitatis
1120 2718 1261 2756 auctores]
1289 2718 1345 2747 Pro
1366 2714 1526 2745 divinatio-

133 2766 173 2792 66
198 2761 396 2803 Troginorum]
422 2763 530 2793 Immo
554 2764 731 2794 Trocmorum
754 2773 786 2795 v.
829 2762 872 2792 nis
902 2763 1013 2794 Cicero
1042 2764 1121 2793 dixit
1150 2760 1333 2795 divinitatis,
1363 2758 1526 2797 elegantiae

91 2803 181 2835 clav.
830 2815 936 2841 causa,
951 2813 987 2836 ut
1003 2806 1104 2846 magis
1120 2803 1304 2835 conveniret
1318 2802 1414 2833 verbo
1427 2801 1525 2830 huma-

135 2852 173 2883 67
198 2846 343 2889 antiquior
360 2848 399 2879 R.
415 2854 442 2878 et
460 2847 510 2889 R.]
532 2849 582 2879 An
597 2848 785 2891 antiqm‘ores,
830 2847 943 2878 nitatis.

823 2902 940 2944 Pp4
