1768 3095
237 96 289 138 72
575 93 845 132 ACADEM.
882 94 1326 133 QUAESTIONUM

234 208 356 258 puto.
377 209 442 244 est
460 202 572 244 enim
593 202 846 254 animorum,
872 202 1224 259 ingeniorumque
1243 202 1431 244 naturale
1452 202 1669 258 quoddam

236 259 356 314 quasi
375 259 578 315 pabulum
599 259 896 311 consideratio,
916 260 1304 316 contemplatioque
1326 268 1484 300 naturae
1501 277 1511 301 :
1541 260 1669 315 erigi-

235 330 359 367 mur3
392 322 431 348 66
448 316 640 357 elatiores
671 316 758 357 fieri
786 316 998 366 videmur3
1030 317 1216 358 humana
1235 315 1517 372 despicimus:
1547 316 1669 371 cogi-

235 381 457 429 tantesque
487 388 651 428 supera,
681 382 807 428 atque
837 373 1033 424 caelestia,
1063 373 1154 414 haee
1186 382 1341 425 nostra,
1363 383 1412 414 ut
1437 373 1604 428 exigua,
1626 381 1669 415 et

236 430 424 480 minima,
454 430 780 471 contemnimus.
812 429 1027 485 indagatio
1058 431 1148 484 ipsa
1177 445 1315 472 rerum
1346 439 1438 471 tum
1465 429 1668 470 maxima-

235 501 345 537 rum,
382 497 473 528 tum
507 488 634 528 etiam
669 486 1065 536 occultissimarum,
1101 486 1229 527 habet
1259 486 1601 528 oblectationem.
1635 486 1669 528 si

235 557 333 583 vero
364 544 524 600 aliquid
554 552 761 593 occurret,
783 543 898 598 quod
925 542 1144 583 verisimile
1165 542 1382 593 videatur;
1414 542 1669 584 humanissi-

152 612 308 643 1281na
325 600 563 655 completur
590 602 754 640 animus
783 600 1010 652 voluptate.
1069 600 1244 655 Quaeret
1271 599 1399 654 igitur
1427 599 1518 640 haec
1538 609 1581 640 et
1601 613 1669 640 ve-

237 664 321 696 ster
349 659 511 712 sapiens
533 666 575 697 et
596 657 662 698 hic
684 666 824 697 noster
843 673 851 696 :
884 655 957 696 sed
986 665 1132 706 vester,
1153 664 1201 696 ut
1225 656 1488 706 assentiatur,
1509 655 1668 706 credat,

235 712 425 754 affirmet.
450 724 606 763 noster,
628 724 674 754 ut
692 722 882 754 vereatur
906 723 1060 753 temere
1083 712 1270 768 opinar13
1295 712 1577 768 praeclareque
1597 713 1669 768 agi

236 784 381 810 secum
414 781 548 825 putet,
569 772 603 811 si
630 771 672 810 in
692 769 904 826 ejusmodi
924 769 1063 819 rebus,
1087 769 1305 810 verisimile
1327 768 1444 824 quod
1464 769 1531 817 sit,
1552 767 1666 809 inve-

235 827 356 867 nerit.
406 827 638 868 Veniamus
661 842 770 867 nuno
791 827 846 867 ad
874 826 1101 876 bonorum,
1121 826 1416 881 malorumque
1436 825 1667 866 notionem.

191 900 223 930 b.
236 883 310 923 sed
338 883 573 937 paullulum
605 892 702 925 ante
731 883 956 924 dicendum
986 892 1064 923 est.
1086 897 1171 923 non
1193 881 1296 923 mihi
1318 882 1510 923 videntur
1525 881 1665 923 consi-

234 939 393 991 derare,
416 946 452 976 67
471 955 570 981 cum
600 940 776 996 physica
802 941 881 981 ista
898 939 1017 982 valde
1038 939 1258 989 affirmant,
1279 953 1424 979 earum
1453 938 1581 979 etiam
1602 952 1668 979 re-

232 1009 327 1037 rum
362 997 672 1048 auctoritatem,
709 997 742 1038 si
775 1012 868 1053 quae
903 996 1154 1037 illustriores
1188 995 1421 1046 videantur,
1455 995 1664 1044 amittere.

231 1068 317 1093 non
356 1054 467 1094 enim
505 1054 643 1109 magis
682 1060 721 1085 68
739 1055 1022 1095 assentiuntur
1061 1067 1197 1109 neque
1236 1052 1486 1107 approbant,
1525 1051 1668 1092 lucere

232 1124 359 1161 nunc,
393 1125 536 1165 quam,
567 1125 664 1151 cum
696 1111 841 1152 cornix
861 1110 1072 1160 cecinerit,
1100 1119 1193 1151 tum
1213 1108 1371 1164 aliquid
1393 1123 1485 1149 eam
1507 1116 1580 1149 aut
1593 1109 1667 1164 ju-

231 1166 345 1217 bere,
365 1176 439 1208 aut
459 1175 596 1208 vetare
615 1184 624 1208 z
656 1182 732 1208 nec
753 1168 889 1222 magis
910 1167 1192 1216 affirmabunt,
1223 1172 1262 1199 69
1280 1167 1449 1220 signum
1479 1164 1600 1216 illud,
1632 1165 1667 1206 si

231 1232 355 1264 erunt
382 1224 531 1274 mensi,
560 1238 631 1264 sex
655 1223 812 1279 pedum
833 1238 939 1273 esse,
960 1237 1087 1278 quam
1107 1222 1255 1273 solem,
1276 1236 1403 1277 quem
1423 1221 1562 1262 metiri
1582 1235 1668 1262 non

229 1289 423 1333 possunt,
462 1280 556 1335 plus
597 1295 725 1334 quam
765 1279 1056 1334 duodeviginti
1093 1278 1281 1333 partibus
1318 1278 1524 1333 majorem
1559 1291 1666 1329 esse,

230 1350 359 1390 quam
380 1345 548 1377 terram.
607 1338 672 1376 Ex
691 1350 776 1392 quo
809 1335 880 1377 illa
898 1335 1116 1377 conclusio
1137 1334 1321 1376 nascitur
1339 1351 1349 1375 ε
1381 1335 1429 1384 si,
1447 1333 1512 1375 sol
1532 1348 1667 1389 quan-

228 1400 297 1432 tus
320 1392 387 1443 sit,
408 1393 566 1448 percipi
592 1407 677 1433 non
698 1402 853 1449 potest,
876 1392 950 1448 qui
976 1400 1134 1433 ceteras
1156 1407 1219 1433 res
1240 1390 1392 1432 eodem
1411 1389 1556 1442 modo,
1578 1405 1666 1447 quo

229 1449 570 1504 magnitudinem
605 1449 719 1500 solis,
740 1450 960 1505 approbat,
980 1449 1013 1490 is
1049 1463 1118 1489 eas
1140 1462 1204 1489 res
1224 1462 1305 1489 non
1327 1447 1520 1503 percipit.
1540 1461 1664 1502 mag-

229 1505 380 1547 nitudo
402 1515 544 1546 autem
567 1506 666 1547 solis
685 1505 843 1561 percipi
864 1521 950 1546 non
971 1514 1126 1561 potest.
1150 1513 1190 1542 70
1203 1504 1275 1560 qui
1295 1504 1424 1559 igitur
1442 1503 1664 1559 approbat,

228 1563 348 1617 quasi
379 1563 595 1618 percipiat,
626 1563 786 1603 nullam
818 1577 905 1603 rem
936 1561 1126 1617 percipit.
1186 1559 1509 1616 Responderint,
1539 1574 1665 1615 posse

224 1619 399 1674 percipi,
431 1629 614 1675 quantus
645 1619 709 1660 sol
739 1619 805 1660 sit.
840 1634 924 1659 non
955 1619 1217 1674 repugnabo,
1249 1616 1486 1658 dummodo
1511 1616 1663 1658 eodem

224 1684 351 1731 pacto
377 1684 517 1716 cetera
544 1676 715 1731 percipi,
736 1675 1125 1731 comprehendique
1146 1675 1300 1715 dicant.
1323 1689 1399 1715 nec
1427 1674 1540 1714 enim
1561 1688 1663 1729 pos-

225 1741 325 1773 sunt
343 1731 494 1782 dicere,
515 1733 629 1773 aliud
651 1733 733 1773 alio
754 1733 904 1787 magis,
923 1732 1113 1773 minusve
1141 1730 1467 1786 comprehendi:
1501 1738 1537 1767 71
1554 1745 1662 1786 quo-

226 1788 338 1829 niam
359 1790 550 1830 omnium
572 1803 711 1830 rerum
729 1804 813 1830 una
831 1799 894 1830 est
914 1789 1100 1830 definitio
1121 1786 1520 1843 comprehendendi.

142 1847 210 1893 42
283 1845 381 1897 Sed,
421 1846 538 1902 quod
567 1861 804 1901 coeperam:
844 1846 964 1887 Quid
994 1845 1197 1886 habemus
1229 1845 1271 1885 in
1299 1844 1424 1885 rebus
1453 1843 1590 1895 bonis,
1619 1851 1663 1885 et

141 1921 214 1961 129
226 1902 346 1943 malis
367 1903 603 1958 explorati?
638 1917 788 1958 nempe
818 1904 917 1944 fines
950 1901 1235 1943 constituendi
1265 1910 1378 1951 sunt,
1404 1899 1457 1941 ad
1485 1914 1593 1957 quos
1619 1908 1663 1941 et

226 1959 435 2000 bonorum
465 1969 507 2000 et
535 1959 745 2000 malorum
779 1974 946 2001 summa
966 1959 1184 2000 referatur.
1241 1959 1340 2014 Qua
1360 1957 1412 1998 de
1431 1971 1475 1998 re
1495 1966 1559 1998 est
1580 1957 1662 2013 igi-

223 2023 293 2057 tur
313 2015 420 2057 inter
440 2031 630 2057 summos
651 2016 759 2057 viros
780 2017 916 2071 major
936 2015 1139 2056 dissensio
1157 2016 1171 2056 ?
1204 2023 1247 2055 et
1273 2014 1426 2055 omitto
1447 2013 1534 2063 illa,
1563 2028 1660 2068 quae

222 2072 367 2113 relicta
381 2072 472 2128 jam
494 2073 701 2124 videntur,
722 2081 764 2113 et
786 2072 1014 2123 Herillum,
1037 2073 1110 2128 qui
1134 2071 1175 2112 in
1195 2071 1441 2126 cognitione
1460 2077 1503 2111 et
1524 2070 1662 2122 scien-

960 2185 1027 2203 num
1050 2173 1151 2204 ullum.
1175 2184 1240 2204 non
1256 2174 1348 2203 bene.
1372 2173 1495 2203 videtur
1518 2179 1657 2203 statuam

265 2180 305 2206 66
330 2175 459 2205 elatiores
479 2175 555 2215 fieri
584 2172 735 2215 videmur]
764 2175 815 2205 Sic
844 2175 914 2205 edd.

960 2217 1101 2257 aliquam
1125 2217 1267 2247 vicinam
1290 2223 1321 2246 et
1344 2223 1417 2246 ante
1441 2216 1551 2246 oculos
1575 2217 1659 2256 posi-

220 2224 295 2248 vett.
313 2219 404 2249 bene.
423 2228 481 2248 nec
497 2225 605 2248 tamen
621 2227 767 2257 spernam
787 2217 914 2253 altiores,

221 2263 307 2300 quod
323 2262 471 2292 Davisius
486 2262 589 2291 edidit.
607 2262 692 2301 quod
708 2261 780 2291 alibi
799 2262 829 2291 in
846 2271 917 2291 sen-

221 2305 319 2334 tentia
341 2306 402 2335 hac
418 2312 464 2335 est
479 2305 563 2345 apud
580 2304 779 2341 Ciceronem,
796 2311 833 2334 ut
848 2305 916 2350 Ein.

222 2348 391 2424 ΙΙ,6176.εωη
400 2390 519 2430 physica
536 2389 605 2428 ista]
618 2390 737 2430 physica
754 2395 836 2419 reete
846 2389 916 2418 edd.

220 2434 368 2470 quaedam
391 2443 445 2472 pro
460 2433 589 2471 vulgato
608 2433 730 2473 plgysici.
754 2431 866 2462 malim
885 2441 918 2461 e-

220 2476 298 2505 tiam
315 2476 365 2517 qui
378 2475 497 2515 plysica
512 2486 574 2504 cum
585 2476 639 2514 pli.
650 2485 727 2505 mox
743 2485 797 2514 pro
813 2475 837 2503 si
852 2475 916 2504 Da-

219 2519 316 2548 visius
333 2518 424 2548 malit
440 2529 477 2548 se.
493 2518 585 2547 bene.

263 2567 302 2592 68
326 2561 520 2590 assentiuntur
550 2571 638 2601 neque
664 2559 915 2599 approbant—qs·-

207 2602 391 2643 firmabunt]
419 2603 587 2633 Diversitas
612 2611 793 2642 temporum
815 2603 846 2632 in
863 2612 914 2632 ea-

217 2648 291 2677 dem
322 2657 352 2677 re
384 2657 448 2676 non
476 2647 587 2685 placet.
634 2646 714 2676 Puto
742 2646 913 2685 legendum

217 2690 419 2724 assentientur,
449 2689 666 2728 approbabunt.-
698 2690 854 2728 pertinent
883 2698 914 2719 e-

217 2733 285 2762 nim
298 2734 335 2762 ad
353 2732 405 2762 illa
422 2742 518 2760 eorum
535 2732 622 2761 etiam
640 2742 734 2761 rerum
752 2731 910 2761 auctorita-

217 2782 285 2810 tem,
299 2787 364 2816 qttae
380 2774 549 2803 illustriores
563 2775 722 2804 videantur
733 2775 877 2805 amittere.

260 2823 300 2850 69
323 2819 434 2855 signam
459 2816 547 2856 illud}
565 2818 713 2848 Davisius
731 2818 865 2848 correxit
880 2823 911 2847 et

215 2861 309 2890 edidit
325 2871 341 2891 e
359 2861 436 2891 Mss.
450 2861 514 2891 suis
531 2867 561 2891 et
576 2861 624 2891 ed.
641 2860 721 2891 Ven.
742 2867 833 2896 1471.
851 2861 909 2900 sig-

962 2268 1027 2290 tam
1043 2260 1092 2289 vel
1109 2260 1205 2299 digito
1221 2261 1462 2290 demonstrasse.

1007 2309 1046 2337 70
1070 2302 1120 2344 qui
1146 2303 1238 2342 igitur
1260 2301 1413 2342 approbat]
1444 2303 1505 2333 Int.
1532 2303 1657 2341 magni·

960 2346 1104 2375 tudinem
1128 2346 1214 2382 solis,
1238 2355 1281 2376 sc.
1300 2346 1465 2375 definitam
1482 2355 1500 2375 a
1515 2345 1656 2384 philoso-

959 2389 1042 2427 phis,
1061 2395 1096 2418 ut
1115 2396 1188 2418 ante
1210 2396 1266 2418 est„
1298 2389 1377 2419 Mss.
1391 2389 1523 2427 quidam
1539 2394 1569 2417 et
1584 2389 1656 2419 edd.

958 2432 1080 2461 addunt
1103 2431 1145 2469 id,
1169 2432 1218 2462 vel
1244 2431 1330 2468 illud,
1355 2441 1495 2471 quorum
1520 2431 1599 2461 illud
1623 2440 1656 2460 e-

959 2475 1036 2504 tiam
1052 2474 1199 2504 Davisius
1216 2475 1342 2514 recepit.
1380 2475 1440 2504 Sed
1457 2484 1522 2504 non
1538 2480 1584 2504 est
1599 2483 1655 2504 ne-

958 2518 1141 2547 cessarium.

1001 2566 1038 2594 71
1065 2560 1198 2601 quoniam
1214 2571 1238 2589 o.
1255 2571 1279 2589 r.
1304 2570 1362 2588 una
1382 2566 1422 2589 est
1437 2559 1565 2599 definitio
1581 2569 1655 2588 com-

953 2601 1158 2642 prehendendi]
1181 2603 1200 2631 i.
1224 2612 1253 2632 e.
1276 2603 1418 2633 definitio
1442 2603 1654 2642 comprehen-

957 2646 1053 2675 sionis
1077 2652 1122 2675 est
1144 2655 1268 2684 semper
1291 2646 1415 2682 eadem,
1439 2653 1469 2675 et
1485 2646 1523 2675 ad
1538 2654 1653 2675 omnes

958 2699 1004 2718 res
1019 2689 1165 2728 applicari
1182 2689 1286 2724 debet,
1303 2689 1498 2718 constructio
1512 2689 1537 2718 si
1555 2687 1591 2717 fit
1605 2687 1653 2717 sic

954 2731 1082 2771 dqfinitio
1098 2730 1345 2770 comprehendendi
1357 2731 1480 2760 omnium
1494 2741 1600 2767 rerum,
1614 2739 1653 2760 ea

954 2784 1083 2813 quoque
1099 2780 1182 2804 recta
1198 2780 1256 2811 est,
1273 2774 1405 2813 ejusque
1422 2774 1526 2804 multa
1541 2782 1653 2803 exem-

953 2817 1005 2856 pla
1020 2824 1097 2847 sunt
1116 2824 1223 2847 notata
1243 2826 1261 2846 a
1275 2817 1346 2847 viris
1369 2817 1479 2848 doctis.
1496 2817 1557 2848 vid.
1573 2826 1603 2847 v.
1620 2825 1650 2846 c.

954 2861 1115 2891 Drakenb.
1131 2861 1170 2891 ad
1186 2860 1252 2890 Liv.
1270 2866 1322 2898 24,
1341 2866 1393 2891 23.
