1768 3095
541 79 724 117 LIBER
754 78 1061 116 QUARTUS.
1463 81 1514 125 57

190 189 317 228 Arcum
336 193 495 225 auratum
514 184 597 221 luna
614 183 763 221 innixus.

191 243 313 280 Diana
319 242 436 291 facem
445 239 537 287 jacit
555 251 577 274 a
596 238 704 275 Iaeva.

86 316 172 374 Qui
192 315 326 371 magis
345 313 435 354 haec
455 311 656 361 crederet,
678 310 712 352 si
730 318 882 361 essent,
901 323 1027 365 quam
1048 308 1262 361 credebat,
1281 310 1380 366 quia
1400 311 1512 352 vide·
1527 329 1579 370 90

85 374 269 415 bantur?
300 377 472 426 apparet
492 368 602 409 enim
617 367 708 423 jam
728 381 802 408 cor
829 381 926 407 cum
947 365 1082 407 oculis
1101 367 1353 408 consentire.
1374 369 1517 409 omnia

86 439 227 471 autem
247 427 337 468 haec
356 425 640 481 proferuntur,
665 431 714 465 ut
744 422 851 465 illud
878 422 1094 474 efficiatur,
1115 438 1200 478 quo
1230 423 1384 464 certius
1416 424 1520 466 nihil

86 494 225 542 potest
244 497 357 524 esse:
389 482 495 522 inter
514 482 600 523 visa
619 494 727 530 vera,
747 488 790 521 et
810 480 927 529 falsa,
943 479 996 520 ad
1016 479 1144 520 animi
1163 494 1394 531 assensum,
1415 480 1520 523 nihil

84 543 293 584 interesse.
350 539 442 580 Vos
462 547 604 579 autem
626 536 728 578 nihil
754 537 893 592 agitis,
913 550 1012 577 cum
1042 536 1146 577 falsa
1166 536 1238 578 illa
1257 536 1319 577 vel
1340 537 1520 579 furioso-

85 613 193 648 rum,
226 596 288 637 vel
321 595 636 645 somniantium,
666 594 956 635 recordatione
988 593 1175 648 ipsorum
1207 593 1410 635 refellitis.
1433 609 1515 636 non

84 654 194 694 enim
213 652 254 694 id
273 651 487 709 quaeritur,
508 651 642 706 qualis
662 649 896 691 recordatio
924 649 1012 691 fieri
1040 649 1174 691 soleat
1201 664 1364 702 eorum,
1387 660 1426 684 80
1443 652 1513 708 qui
1525 671 1556 701 p.
1574 668 1625 693 23,

83 709 311 765 experrecti
330 708 440 758 sint3
471 718 546 750 aut
564 721 727 758 eorum,
748 707 820 762 qui
839 707 974 748 furere
994 705 1230 748 destiterint
1247 723 1256 748 z
1289 707 1362 749 sed
1383 708 1517 765 qualis
1529 714 1559 736 θ’

84 767 185 807 visio
205 766 333 807 fuerit
360 773 434 805 aut
462 764 706 814 furentium,
727 773 801 804 aut
830 763 1129 805 somniantium
1149 772 1257 815 tum,
1278 779 1376 806 cum
1397 780 1517 807 com-

83 823 372 864 movebantur.
432 820 513 862 Sed
535 820 641 861 abeo
661 834 686 861 a
705 820 908 861 sensibus.

140 878 259 936 Quid
287 887 365 929 est,
391 877 507 934 quod
538 877 699 918 ratione
719 876 878 932 percipi
898 876 1030 931 possit
1050 877 1062 917 ?
1096 875 1356 919 dialecticam
1379 879 1579 935 iuven-91

84 944 172 977 tam
201 949 292 976 esse
319 934 471 984 dicitis,
492 934 588 984 veri,
609 943 651 975 et
681 933 775 974 falsi
802 933 922 989 quasi
948 933 1301 988 disceptatricem,
1334 946 1378 976 et
1401 936 1520 992 judi-

83 1005 190 1033 cem.
210 992 332 1048 cujus
350 991 495 1033 veriet
515 989 637 1031 falsi?
670 999 714 1032 et
740 990 783 1031 in
812 1005 896 1046 qua
927 992 1001 1031 re?
1034 990 1076 1030 in
1096 993 1399 1045 geometriane,
1420 993 1523 1049 quid

85 1048 137 1089 sit
166 1063 323 1100 verum,
342 1047 408 1088 vel
435 1047 604 1097 falsum,
633 1046 878 1088 dialecticus
903 1045 1130 1102 judicabit,
1150 1055 1184 1078 81
1202 1062 1256 1089 an
1286 1048 1328 1089 in
1357 1049 1523 1102 litteris,

83 1113 156 1146 aut
175 1105 217 1146 in
236 1104 436 1145 musicis?
470 1103 532 1144 At
549 1118 599 1144 ea
619 1118 702 1144 non
724 1104 852 1145 novit.
913 1104 963 1143 In
983 1103 1253 1160 philosophia
1271 1105 1426 1161 igitur:
1459 1107 1523 1148 sol

84 1170 265 1216 quantus
285 1161 352 1213 sit,
371 1160 473 1217 quid
493 1160 546 1200 ad
561 1160 681 1201 illum
700 1161 713 1201 ?
748 1159 864 1216 quod
894 1160 947 1201 sit
975 1174 1191 1201 summum
1223 1162 1400 1213 bonum,
1422 1163 1525 1219 quid

85 1217 229 1268 habet,
252 1226 301 1259 ut
326 1225 451 1273 queat
478 1215 701 1271 judicare?
734 1216 836 1271 quid
866 1216 996 1271 igitur
1019 1216 1261 1272 judicabit?
1294 1234 1390 1274 quae
1420 1235 1523 1262 con-

79 1274 260 1329 junctio,
293 1273 386 1329 quae
419 1273 646 1328 disjunctio
678 1287 773 1313 vera
804 1273 871 1323 sit,
899 1272 1001 1327 quid
1030 1274 1231 1329 ambigue
1260 1275 1423 1317 dictum
1455 1276 1523 1328 sit,

86 1329 189 1385 quid
210 1338 409 1386 sequatur
439 1342 651 1384 quamque
680 1343 782 1379 rem,
801 1329 903 1384 quid
932 1332 1169 1384 repugnet?
1203 1331 1237 1371 si
1256 1330 1362 1383 hcec,
1384 1341 1427 1373 et
1446 1333 1525 1374 ho-

85 1401 179 1427 rum
208 1386 361 1427 similia
383 1386 563 1441 judicat,
584 1385 636 1425 de
658 1399 701 1426 se
726 1385 815 1440 ipsa
839 1385 1019 1441 judicat.
1051 1385 1145 1441 plus
1176 1396 1319 1428 autem
1349 1389 1525 1444 pollice-

84 1442 222 1483 batur.
255 1457 350 1483 nam
373 1442 465 1483 haec
485 1440 657 1497 quidem
681 1441 874 1497 judicare
893 1442 946 1482 ad
968 1450 1128 1484 ceteras
1150 1459 1228 1494 res,
1250 1459 1345 1500 quae
1368 1446 1524 1487 suntin

83 1497 352 1554 philosophia
384 1498 545 1549 multae,
566 1505 693 1553 atque
721 1512 903 1553 magnae,
926 1512 1010 1538 non
1039 1509 1103 1540 est
1133 1501 1247 1541 satiS.
1305 1501 1389 1542 Sed
1415 1517 1521 1558 quo·
1536 1511 1587 1553 92

86 1554 197 1596 niam
218 1563 383 1596 tantum
406 1554 449 1595 in
468 1568 518 1595 ea
537 1562 625 1595 arte
655 1554 813 1608 ponitis
831 1571 840 1595 ε
872 1554 1022 1606 videte,
1044 1563 1081 1586 82
1100 1571 1151 1596 ne
1171 1566 1319 1598 contra
1337 1573 1408 1599 vos
1435 1567 1526 1601 tota

85 1620 185 1653 nata
214 1611 280 1652 sit.
311 1626 406 1667 quae
438 1610 576 1666 primo
612 1625 840 1666 progressu
875 1611 1021 1652 festive
1055 1613 1184 1653 tradit
1218 1614 1428 1656 elementa
1459 1616 1524 1657 lo-

85 1667 254 1723 quendi,
283 1677 328 1710 et
357 1667 657 1723 ambiguorum
689 1667 1030 1723 intelligentiam,
1061 1669 1426 1727 concludendique
1459 1687 1526 1713 ra-

84 1725 243 1766 tionem
265 1741 274 1765 ε
294 1734 401 1776 tum,
422 1724 567 1780 paucis
587 1723 754 1774 additis,
774 1725 887 1765 venit
911 1724 964 1765 ad
984 1725 1147 1777 soritas,
1168 1727 1379 1769 lubricum
1411 1743 1525 1781 sane,

85 1790 128 1822 et
147 1781 430 1837 periculosum
450 1780 593 1822 locum
613 1797 622 1821 :
654 1780 769 1836 quod
797 1789 845 1822 tu
874 1781 1004 1822 modo
1023 1782 1192 1824 dicebas
1219 1798 1310 1825 esse
1328 1785 1525 1827 vitiosum

84 1837 372 1893 interrogandi
405 1851 555 1894 genus.
614 1837 730 1880 Quid
761 1839 893 1893 ergo?
928 1846 966 1870 83
980 1838 1099 1880 istius
1133 1840 1221 1881 vitii
1251 1856 1352 1882 num
1383 1852 1525 1884 nostra
1540 1848 1609 1903 29

87 1893 212 1950 culpa
241 1896 335 1935 est?
367 1908 507 1935 rerum
541 1902 690 1934 natura
727 1893 884 1935 nullam
920 1895 1041 1936 nobis
1082 1896 1200 1938 dedit
1233 1898 1523 1953 cognitionem

87 1949 248 2002 finium,
270 1959 318 1992 ut
337 1951 426 1992 ulla
444 1950 486 1991 in
506 1964 550 1990 re
571 1959 754 1993 statuere
783 1952 1008 2006 possimuS,
1030 1962 1249 2008 quatenus.
1281 1969 1360 1996 nec
1379 1955 1461 1997 hoc
1483 1956 1525 1998 in

86 2020 235 2047 acervo
256 2007 384 2048 tritici
404 2006 558 2058 solum,
579 2006 691 2048 unde
723 2022 877 2049 nomen
898 2018 975 2060 est,
996 2009 1070 2050 sed
1089 2010 1205 2051 nulla
1223 2012 1397 2053 omnino
1417 2012 1459 2054 in
1482 2027 1526 2054 re

88 2071 128 2095 84
147 2063 387 2105 minutatim
426 2063 700 2119 interrogati:
739 2063 868 2116 dives,
902 2079 1064 2121 pauper
1082 2083 1091 2107 ε
1128 2067 1280 2119 clarus,
1321 2069 1525 2111 obscurus

88 2120 169 2162 sit:
199 2120 348 2171 multa,
379 2135 545 2176 pauca:
576 2135 748 2176 magna,
774 2135 926 2176 parva:
958 2122 1102 2178 longa,
1128 2123 1297 2166 brevia:
1328 2124 1428 2177 lata,
1449 2141 1523 2167 an-

86 2184 240 2232 gusta:
273 2185 311 2209 8⁵
329 2186 489 2234 quanto
516 2186 590 2218 aut
608 2177 768 2228 addito,
789 2187 863 2219 aut
891 2178 1055 2230 demto,
1075 2188 1239 2221 certum
1268 2183 1523 2238 respondea-

132 2297 172 2321 80
187 2291 239 2333 qui
254 2291 412 2331 experrecti
426 2290 702 2330 sint—destiterim]
724 2292 785 2322 De·-
874 2298 911 2322 88
929 2292 1011 2322 istius
1027 2304 1060 2323 v.
1076 2305 1144 2323 num
1159 2301 1255 2325 nostra
1270 2295 1356 2335 culpa
1378 2297 1434 2337 est]
1458 2298 1527 2328 Nisi

87 2333 216 2364 stiterint
243 2335 362 2366 habent
390 2335 461 2365 libri
490 2335 596 2374 scripti
626 2335 784 2373 meliores,
830 2336 932 2365 forma
953 2337 1101 2367 orationis
1122 2338 1399 2377 interrogationem
1421 2349 1529 2380 postu-

87 2377 184 2407 etiam
209 2378 279 2408 edd.
301 2385 431 2408 veteres.
474 2377 554 2407 Ven.
574 2384 666 2412 1471.
692 2384 785 2414 1474.
829 2379 918 2414 latet,
935 2386 1078 2418 putarem
1095 2380 1267 2419 legendum
1282 2393 1356 2421 non;
1379 2385 1465 2423 quod
1479 2393 1528 2415 se-

89 2419 176 2450 Med.
199 2419 272 2450 Ald.
299 2421 382 2451 Vict.
410 2421 487 2451 hinc
514 2422 688 2451 necessario
714 2428 787 2453 ante
831 2422 1015 2461 quenfibus,
1043 2434 1138 2452 rerum
1160 2431 1267 2454 natura
1283 2426 1342 2456 ἃς.
1363 2427 1466 2466 aptius
1482 2428 1528 2457 fo-

88 2463 294 2493 scribendum
318 2463 385 2494 sint.
409 2470 502 2503 atque
526 2464 556 2494 id
580 2463 715 2495 lat'mitas
732 2474 787 2505 po·
832 2472 887 2495 ret.
932 2465 991 2495 Sed
1009 2466 1040 2495 in
1058 2467 1118 2496 hoc
1136 2467 1380 2506 intelligendum
1396 2469 1491 2500 immo.

87 2504 194 2536 stulat.
216 2501 343 2546 Vulgati
360 2506 649 2537 sunt—destiterunt.
877 2514 915 2538 84
943 2508 1111 2538 minutatim
1140 2510 1346 2552 interroganti]
1379 2513 1528 2543 Referen-

134 2554 169 2578 81
199 2560 238 2578 an
265 2549 296 2579 in
322 2548 429 2588 literis]
456 2550 476 2580 i.
500 2559 529 2579 e.
559 2550 787 2589 grammaticis,
831 2552 910 2581 dum
937 2552 999 2581 hoc
1025 2552 1216 2592 interroganti
1239 2555 1279 2584 ad
1306 2556 1529 2595 respondeamus.

90 2590 263 2629 rhetoricis,
277 2593 405 2623 historia
421 2594 479 2622 διο.
494 2602 571 2622 nam
585 2593 787 2633 distinguun-
831 2594 891 2624 Sed
919 2594 998 2625 Mss.
1028 2596 1157 2634 quidam
1188 2596 1309 2627 habent
1345 2598 1529 2638 interrogati,

91 2638 143 2663 tur
164 2634 217 2664 bic
232 2635 329 2665 literae
345 2645 363 2665 a
379 2635 513 2665 mathesi
529 2642 559 2665 et
574 2635 786 2675 philosophia.
828 2637 915 2676 quod
936 2637 1051 2668 melius
1077 2645 1155 2678 puto
1178 2646 1208 2671 et
1231 2649 1310 2671 cum
1331 2641 1461 2672 Davisio
1484 2652 1529 2672 re-

136 2682 172 2706 82
200 2689 235 2706 ne
254 2684 352 2707 contra
375 2689 426 2707 vos
448 2684 507 2706 iota
532 2684 602 2707 nala
622 2677 675 2718 sit]
702 2680 786 2710 Mihi
829 2681 909 2719 cepi.

92 2717 144 2747 hic
159 2728 220 2750 vox
242 2727 312 2749 nata
333 2730 457 2760 semper
478 2728 623 2760 suspecta
640 2722 711 2760 fuit,
728 2732 787 2762 pu-
874 2730 911 2753 85
929 2730 1188 2764 quanto--certum
1201 2724 1430 2765 respondeamus]
1449 2726 1529 2757 Qui-

91 2762 216 2800 tavique
238 2763 417 2796 delendam.
442 2773 500 2794 nec
524 2765 645 2795 mutavi
660 2774 788 2797 senten·
830 2766 905 2796 dam
931 2767 1009 2797 Mss.
1025 2767 1146 2797 addunt
1169 2767 1247 2808 quod
1269 2776 1343 2799 ante
1365 2770 1530 2808 respondea-

91 2802 181 2834 tiam.
832 2818 913 2841 mus:
939 2810 1032 2849 idque
1047 2809 1163 2849 recepit
1177 2810 1339 2849 Davisius,
1356 2821 1422 2843 non
1438 2812 1531 2843 bene.
