1768 3095
241 79 318 127 160
551 81 623 119 DE
651 82 810 121 FINIB.
839 83 1041 122 BONOR.
1069 84 1137 122 ET
1161 85 1368 123 MALOR.

234 201 334 230 nem
369 196 524 231 nostrae
558 191 774 244 orationis,
807 191 906 238 vitia
933 192 1124 248 posuisse
1157 193 1382 235 contraria.
1416 192 1533 248 quod
1560 192 1673 235 enim

235 243 512 300 vituperabile
532 256 598 288 est
618 262 692 304 per
713 262 758 289 se
779 249 933 304 ipsum,
954 249 998 290 id
1025 264 1077 290 eo
1106 250 1198 305 ipso
1232 250 1379 290 vitium
1408 250 1672 292 nominatum

235 309 357 355 puto,
378 301 444 343 vel
463 303 591 345 etiam
612 319 639 345 a
655 304 759 346 vitio
776 305 939 347 dictum
958 305 1195 361 vituperari.
1216 307 1276 347 sin
1301 305 1450 356 κακίαν,
1471 306 1674 348 malitiam

236 356 428 410 dixisses,
467 359 521 401 ad
559 359 677 403 aliud
716 376 793 402 nos
832 376 965 404 unum
1005 372 1169 404 certum
1219 363 1367 404 vitium
1409 362 1674 405 consuetudo

235 413 389 455 Latina
406 415 659 459 traduceret.
681 431 793 459 nunc
814 417 931 459 omni
948 418 1091 460 virtuti
1104 419 1250 461 vitium
1269 419 1480 460 contrario
1503 419 1675 460 nomine

235 470 480 526 opponitur.
960 524 964 528 ,

170 542 218 575 41
291 527 401 568 Tum
431 527 528 569 ille:
561 529 643 577 His
673 529 805 585 igitur
835 529 894 571 ita
921 529 1086 585 positiS,
1116 530 1266 588 inquit,
1297 531 1488 588 sequitur
1517 545 1677 587 magna

124 600 154 630 p.
173 584 480 626 99.contentio:
523 593 561 617 8⁵
573 600 701 641 quam
735 594 959 627 tractatam
997 600 1021 626 a
1057 587 1342 642 Peripateticis
1381 588 1553 629 mollius
1595 591 1677 642 (est

193 643 221 665 a.
236 640 350 681 enim
383 655 532 682 eorum
566 641 832 683 consuetudo
868 641 1036 683 dicendi
1074 657 1158 683 non
1191 644 1291 685 satis
1327 654 1466 695 acuta,
1501 653 1676 700 propter

234 695 548 751 ignorationem
590 697 838 751 dialecticae)
877 698 1117 740 Carneades
1152 708 1249 741 tuus
1282 701 1457 756 egregia
1490 701 1675 757 quadam

187 805 189 808 .
233 753 535 794 exercitatione
566 753 609 794 in
645 753 893 805 dialecticis,
926 770 1178 812 summaque
1212 756 1471 812 eloquentia,
1507 771 1596 798 rem
1632 757 1676 798 in

235 823 451 850 summum
482 809 709 851 discrimen
737 811 941 853 adduxit:
972 821 1196 868 propterea
1225 812 1342 868 quod
1370 827 1561 870 pugnare
1589 827 1676 856 non

236 864 413 917 destitit,
435 865 478 906 in
499 866 617 908 omni
639 866 718 908 hac
739 868 988 924 quaestione,
1010 884 1105 924 quae
1135 869 1188 910 de
1218 869 1358 920 bonis,
1387 878 1431 910 et
1459 869 1580 911 malis
1598 884 1674 926 ap-

235 921 430 976 pelletur,
461 937 545 963 non
566 934 667 964 'esse
697 938 837 966 rerum
867 925 1022 966 Stoicis
1050 940 1147 967 cum
1182 925 1467 983 Peripateticis
1502 935 1675 969 contro-

238 977 430 1030 versiam,
464 979 538 1021 sed
570 979 806 1022 nominum.
838 981 943 1022 mihi
972 990 1114 1023 autem
1148 982 1254 1024 nihil
1282 991 1371 1024 tam
1401 983 1675 1039 perspicuum

237 1033 414 1086 videtur,
435 1050 563 1092 quam
590 1036 665 1078 has
691 1038 917 1079 sententias
949 1053 1097 1079 eorum
1125 1039 1482 1095 philosophorum
1501 1054 1547 1081 re
1567 1039 1677 1081 inter

236 1105 281 1131 se
314 1093 465 1147 magiS,
502 1108 631 1148 quam
662 1094 799 1135 verbis
829 1094 1058 1136 dissidere:
1092 1096 1346 1152 8⁶majorem
1386 1095 1526 1138 multo
1565 1096 1677 1138 inter

236 1147 404 1188 Stoicos
424 1159 467 1189 et
488 1150 789 1205 Peripateticos
809 1166 950 1192 rerum
972 1166 1063 1192 esse
1084 1153 1152 1193 aio
1180 1152 1523 1207 discrepantiam,
1544 1167 1674 1208 quam

235 1204 475 1246 verborum.
507 1206 666 1262 quippe
696 1221 795 1247 cum
828 1208 1094 1263 Peripatetici
1121 1209 1279 1260 omnia,
1301 1216 1338 1245 87
1352 1223 1447 1265 quae
1468 1209 1549 1265 ipsi
1563 1210 1677 1251 bona

234 1260 463 1316 appellent,
500 1262 710 1317 pertinere
738 1263 882 1305 dicant
913 1264 966 1305 ad
999 1265 1123 1305 beate
1153 1264 1406 1307 vivendum:
1438 1264 1571 1306 nostri
1602 1280 1676 1307 ve-

235 1331 298 1367 ro,
340 1325 378 1349 88
388 1317 506 1373 quod
545 1319 826 1361 aestimatione
860 1320 1035 1362 omnino
1068 1320 1210 1378 aliqua
1240 1321 1420 1377 dignum
1456 1321 1526 1373 sit,
1557 1336 1677 1364 com-

158 1382 223 1429 13
236 1372 342 1427 pleri
381 1374 548 1415 beatam
589 1375 717 1417 vitam
757 1384 923 1433 putent.
982 1378 1055 1419 An
1100 1393 1198 1420 vero
1246 1378 1401 1420 certius
1441 1378 1675 1435 quidquam

172 1457 227 1489 42
238 1437 381 1485 potest
416 1444 524 1482 esse,
556 1446 684 1488 quam
722 1432 893 1475 illorum
926 1434 1103 1487 ratione,
1141 1435 1214 1491 qui
1246 1434 1440 1477 dolorem
1474 1435 1517 1480 in
1552 1434 1676 1477 malis

237 1495 416 1542 ponunt,
439 1502 525 1529 non
545 1502 670 1544 posse
691 1489 923 1545 sapientem
955 1491 1127 1532 beatum
1156 1506 1260 1542 esse,
1286 1506 1386 1534 cum
1413 1490 1564 1533 eculeo
1585 1499 1675 1533 tor·

238 1545 450 1599 queatur?
483 1559 632 1587 eorum
653 1555 812 1598 autem,
835 1547 907 1603 qui
937 1547 1129 1589 dolorem
1161 1548 1203 1589 in
1232 1548 1354 1589 malis
1383 1563 1469 1590 non
1499 1547 1675 1599 habent,

236 1600 345 1641 ratio
365 1609 479 1642 certe
499 1602 633 1657 cogit,
653 1603 716 1644 uti
736 1603 779 1643 in
799 1603 997 1646 omnibus
1018 1604 1240 1646 tormentis
1260 1612 1531 1646 conservetur
1549 1604 1677 1646 beata

235 1656 321 1697 vita
352 1656 545 1714 sapienti.
603 1659 774 1701 Etenim
810 1660 845 1701 si
879 1660 1049 1702 dolores
1083 1660 1256 1703 eosdem
1297 1660 1558 1703 tolerabilius
1599 1675 1675 1717 pa-

236 1712 413 1765 tiuntur,
443 1715 518 1770 qui
546 1715 761 1772 excipiunt
790 1731 864 1758 eos
894 1731 972 1773 pro
1000 1718 1150 1774 patria,
1181 1732 1310 1774 quam
1340 1718 1414 1774 qui
1442 1717 1597 1759 leviore
1621 1716 1677 1759 de

237 1783 393 1811 causa:
426 1771 572 1826 opinio
601 1771 717 1823 facit,
748 1787 833 1814 non
863 1783 1025 1826 natura,
1055 1775 1138 1816 vim
1170 1774 1330 1816 doloris
1356 1782 1431 1816 aut
1450 1774 1675 1830 majorem,

173 1835 222 1867 43
237 1836 311 1867 aut
331 1826 554 1868 minorem.
612 1829 682 1870 Ne
700 1829 805 1871 illud
830 1830 1005 1887 quidem
1035 1841 1099 1873 est
1126 1838 1472 1882 consentaneum,
1491 1839 1530 1866 8⁹
1540 1839 1603 1882 ut,
1625 1830 1676 1882 si,

236 1896 335 1923 cum
357 1883 436 1924 tria
455 1898 614 1940 genera
640 1885 853 1928 bonorum
883 1887 980 1939 sint,
1010 1903 1106 1944 quae
1133 1887 1342 1929 sententia
1369 1896 1435 1929 est
1461 1888 1676 1944 Peripate-

235 1938 436 1991 ticorum,
469 1955 522 1983 eo
552 1941 716 1984 beatior
748 1943 927 2001 quisque
957 1944 1025 1996 sit,
1060 1960 1146 2000 quo
1181 1944 1236 1985 sit
1263 1945 1469 2000 corporiS,
1498 1953 1574 1987 aut
1601 1958 1676 1986 ex-

235 1996 365 2038 ternis
386 1997 509 2039 bonis
530 1998 708 2054 plenior,
743 2009 781 2034 ⁹0
790 2009 840 2041 ut
865 2001 948 2043 hoc
976 2001 1090 2042 idem
1118 2000 1440 2058 approbandum
1462 2001 1517 2042 sit
1536 2000 1675 2052 nobis,

281 2174 320 2198 8'5
345 2180 433 2210 quam
457 2175 615 2198 tractatam
638 2168 712 2208 δία]
740 2169 820 2200 Haec
843 2169 937 2200 lectio

236 2219 311 2240 vera
331 2221 398 2242 esse
422 2221 488 2242 non
511 2218 634 2251 potest:
660 2222 735 2242 nam
760 2213 895 2243 verbum
918 2222 938 2242 a

237 2263 304 2293 quo
319 2256 454 2294 pendere
469 2255 615 2291 debebat,
633 2255 728 2285 habet
743 2256 824 2285 infra
838 2265 936 2287 suurn

238 2298 460 2328 accusativum
476 2310 482 2327 :
508 2309 566 2327 rem
584 2298 613 2326 in
633 2297 784 2327 discrimen
801 2298 936 2328 adduxit.

239 2339 318 2370 Edd.
349 2350 395 2380 pr.
425 2348 456 2371 et
485 2341 579 2372 multi
610 2341 688 2371 Mss.
721 2341 838 2371 habent
869 2351 935 2383 quae

234 2388 420 2421 pertractata
448 2390 500 2420 est,
528 2394 568 2414 ex
597 2394 662 2423 quo
689 2384 836 2414 Davisius
866 2384 936 2415 vult

239 2424 330 2454 fieri:
370 2437 435 2467 quae
465 2437 529 2456 cum
557 2433 687 2456 tractata
713 2433 802 2456 esset:
839 2437 934 2457 sensu

239 2467 339 2497 bene:
364 2469 418 2498 sed
440 2469 554 2499 malim
577 2479 655 2500 cum
675 2469 792 2499 Guieto
807 2476 838 2499 et
853 2471 935 2500 Ben-

238 2510 314 2540 tleio
330 2522 388 2551 qua
413 2519 554 2548 tractata,
572 2513 657 2552 quod
681 2520 711 2542 et
733 2512 934 2544 Aiemannus

243 2555 369 2593 recepit.

285 2600 324 2626 86
346 2596 481 2631 majorem
493 2595 581 2625 multo
593 2596 668 2626 inter
680 2597 868 2627 Sta—rerum
880 2608 936 2627 esse

238 2638 286 2668 aio
301 2637 376 2678 Ele-J
403 2639 480 2668 Edd-
505 2648 551 2677 pr.
575 2639 708 2678 ntqjorem
731 2640 819 2668 multo
835 2640 937 2669 habere

237 2679 285 2712 St.
317 2688 344 2710 et
377 2681 410 2711 P.
439 2693 535 2715 rerum
564 2683 675 2711 omnino
704 2682 936 2722 discrepantiam.

239 2724 346 2754 Lectio
362 2724 416 2754 illa
430 2731 477 2754 est
492 2723 604 2754 melior
619 2732 692 2755 ante
706 2725 845 2765 vulgata,
860 2736 937 2756 nam

240 2767 273 2797 in
289 2768 350 2797 hac
366 2774 411 2798 est
425 2767 597 2807 tautologia
618 2769 727 2808 frigida
741 2781 747 2798 z
774 2770 804 2798 in
823 2768 876 2798 illa
892 2776 937 2799 est

241 2809 319 2842 θέσις
336 2811 549 2841 demonstrata
565 2818 644 2851 post.

1025 2176 1062 2205 87
1088 2180 1153 2211 quae
1182 2169 1238 2209 ipsi
1266 2169 1338 2199 bona
1361 2167 1528 2210 appellant]
1555 2169 1677 2209 Legen-

980 2214 1060 2244 dum
1075 2212 1230 2252 appellent.
1251 2222 1327 2243 nam
1350 2219 1382 2243 et
1403 2213 1434 2244 in
1459 2218 1675 2251 consequente

979 2263 1027 2286 est
1040 2256 1284 2294 conjunctivus:
1310 2255 1386 2297 quod
1399 2254 1591 2285 ‘estimatione
1609 2255 1675 2295 dig-

980 2309 1047 2328 num
1063 2305 1112 2327 sn.

1022 2347 1060 2372 88
1084 2339 1320 2382 quod—dignum
1335 2340 1385 2377 sit,
1409 2338 1557 2378 complecti
1574 2340 1602 2371 b.
1621 2337 1674 2381 τι]

977 2383 1035 2414 Pro
1051 2382 1196 2422 complecti
1220 2383 1290 2413 edd.
1315 2392 1362 2422 pr.
1380 2381 1526 2422 compleri,
1544 2390 1580 2414 ut
1594 2389 1625 2414 et
1641 2384 1675 2414 in

976 2427 1041 2457 Pal.
1062 2434 1089 2457 1.
1110 2426 1181 2456 fuit.
1206 2425 1301 2464 idque
1323 2425 1460 2465 praetuli.
1483 2435 1520 2455 eo
1543 2433 1574 2456 et
1597 2436 1676 2458 mox

977 2471 1077 2500 utitur
1092 2469 1211 2499 Cicero.
1232 2469 1381 2499 Davisius
1403 2469 1500 2498 etiam
1522 2469 1563 2499 ab
1586 2469 1677 2500 initio

978 2513 1102 2551 corrigit
1116 2522 1152 2541 ex
1167 2511 1253 2548 omni,
1269 2512 1386 2542 omisso
1402 2517 1471 2551 post
1481 2512 1605 2550 omnino,
1616 2521 1676 2552 ego

980 2555 1092 2586 malim
1108 2561 1182 2584 ante
1198 2554 1329 2594 compleri
1339 2555 1409 2584 addi
1426 2566 1465 2584 eo.

1025 2605 1064 2631 89
1086 2604 1131 2634 ut,
1148 2597 1182 2631 si,
1198 2607 1262 2627 cum
1275 2597 1334 2626 tria
1353 2608 1384 2637 g.
1406 2597 1433 2627 b.
1449 2595 1487 2636 s.]
1504 2597 1582 2628 Non
1597 2606 1677 2628 eon-

979 2647 1040 2670 stat
1065 2641 1268 2672 constructio.
1294 2650 1352 2671 nec
1375 2641 1464 2670 enim
1487 2647 1535 2671 est
1559 2650 1625 2680 quo
1651 2639 1678 2670 si

981 2684 1141 2713 referatur.
1185 2683 1333 2714 Davisius
1349 2684 1487 2722 corrigit,
1502 2690 1548 2721 ut,
1569 2683 1595 2713 si
1608 2682 1676 2725 qui-

980 2726 1043 2755 dem
1059 2728 1119 2757 ἃς.
1134 2727 1231 2766 possis
1246 2733 1278 2755 et
1293 2737 1355 2756 cum
1370 2726 1484 2757 delere.

1025 2777 1064 2802 90
1097 2776 1131 2799 ur
1158 2769 1208 2799 hoc
1233 2769 1268 2808 i.]
1301 2776 1334 2798 ut
1360 2769 1509 2810 repetitur
1537 2778 1554 2799 e
1580 2777 1674 2809 supe·

981 2812 1133 2843 rioribus:
1157 2813 1212 2844 sed
1233 2813 1382 2844 Davisius
1405 2814 1468 2844 hoc
1489 2819 1595 2844 totum
1621 2816 1697 2844 us-''
