1778 3095
187 155 267 189 412
569 136 648 186 ns
676 146 941 186 NATURA
969 147 1238 188 DEORUM

110 245 179 302 16
247 255 434 314 Exposui
465 254 552 298 fere
576 269 661 297 non
689 255 1039 313 philosophorum
1063 258 1238 315 judicia,
1260 258 1332 301 sed
1353 259 1618 305 delirantium

124 319 177 360 42
190 314 367 356 somnia.
398 327 473 355 nec
502 313 615 354 enim
644 313 782 354 multo
813 314 1059 356 absurdiora
1079 326 1176 358 sunt
1195 331 1258 367 ea,
1281 332 1375 373 quae
1396 324 1618 374 poetarum

187 371 362 412 vocibus
382 371 490 420 fusa,
509 369 600 425 ipsa
621 370 823 412 suavitate
846 381 1079 414 nocuerunt
1099 389 1108 413 ε
1140 373 1213 429 qui
1233 382 1277 414 et
1302 374 1363 414 ira
1384 374 1620 416 inflamma-

143 434 176 466 b.
188 434 271 479 tos,
305 436 349 469 et
378 426 552 468 libidine
582 426 766 468 furentes
796 428 1051 470 induxerunt
1082 429 1212 471 deos:
1252 431 1543 487 feceruntque,
1572 439 1622 473 ut

186 496 333 526 eorum
363 484 488 533 bella,
510 497 688 539 pugnas,
710 484 872 538 proelia,
892 485 1060 526 vulnera
1087 486 1352 537 videremus3
1383 487 1480 528 odia
1508 502 1620 543 prae-

185 550 316 590 terea,
338 539 522 592 dissidia,
543 540 787 591 discordias,
808 550 941 591 ortuS,
962 542 1169 593 interitus,
1191 544 1393 599 querclaS,
1415 543 1622 586 lamenta-

184 597 340 648 tiones,
360 598 512 638 effusas
533 598 575 638 in
594 597 710 637 omni
730 597 1052 651 intemperantia
1072 598 1280 651 libidines,
1302 600 1520 651 adulteria,
1535 601 1624 641 vin-

187 653 298 705 cula,
319 668 418 695 cum
449 653 637 695 humano
667 667 824 708 genere
856 654 1122 704 concubitus,
1148 656 1434 713 mortalesque
1463 672 1512 698 ex
1542 657 1623 698 im·-

124 716 173 750 43
188 710 356 751 mortali
376 719 633 766 procreatos
666 709 780 750 Cum
801 714 1019 764 poetarum
1043 719 1185 751 autem
1206 726 1345 754 errore
1364 713 1457 770 conj
1466 728 1624 769 ungere

185 767 285 808 licet
313 775 509 823 portenta
536 779 777 821 magorum,
798 765 1188 823 AEgyptiorumque
1218 768 1261 809 in
1290 769 1441 811 eodem
1467 784 1625 826 genere

183 822 442 865 'dementiam
462 839 471 863 z
503 832 594 863 tum
616 821 744 863 etiam
776 821 894 877 vulgi
922 821 1156 877 opiniones,
1178 839 1273 880 quae
1292 825 1334 866 in
1355 827 1538 868 maxima
1557 827 1622 868 in-

183 879 435 930 constantia,
456 878 640 920 veritatis
661 877 927 934 ignoratione
947 888 1176 921 versantur.
1236 882 1299 922 Ea
1325 882 1398 937 qui
1428 882 1624 924 conside-

182 945 263 988 ret,
284 950 413 993 quam
442 935 680 977 inconsulte
710 950 759 977 ac
788 944 949 977 temere
976 935 1184 988 dicantur,
1205 943 1245 973 74
1261 938 1446 979 venerari
1466 939 1624 994 Epicu-

181 1002 295 1044 rum,
316 1002 360 1033 et
385 993 430 1033 in
459 1007 607 1034 eorum
636 992 825 1048 ipsorum
859 1006 1051 1046 numero,
1073 993 1125 1034 de
1154 993 1309 1049 quibus
1330 994 1422 1036 haec
1445 996 1626 1051 quaestio

184 1058 264 1101 est,
284 1049 440 1090 habere
460 1049 626 1090 debeat.
657 1049 771 1091 solus
790 1048 903 1090 enim
924 1049 1039 1101 vidit,
1059 1050 1243 1105 primum
1265 1065 1355 1092 esse
1375 1051 1493 1103 deos,
1510 1051 1627 1107 quod

185 1107 228 1149 in
248 1107 439 1147 omnium
461 1106 611 1147 animis
632 1119 780 1148 eorum
801 1105 1018 1147 notionem
1039 1107 1319 1162 impressisset
1343 1108 1433 1163 ipsa
1461 1117 1624 1149 natura.

186 1164 298 1206 Quae
328 1171 393 1204 est
421 1164 533 1204 enim
564 1176 686 1218 genS,
711 1171 784 1204 aut
813 1161 929 1218 quod
958 1177 1091 1217 genus
1123 1163 1362 1215 hominum,
1393 1165 1508 1220 quod
1540 1179 1625 1206 non

184 1221 343 1262 habeat
360 1219 448 1261 sine
467 1220 659 1261 doctrina
673 1218 1016 1274 anticipationem
1037 1219 1249 1275 quandam
1267 1220 1443 1261 deorum
1460 1222 1473 1261 ?
1497 1235 1626 1277 quam

185 1276 372 1333 appellat
409 1275 599 1333 πρόληψιν
637 1275 860 1331 EpicurUS,
895 1274 940 1316 id
977 1284 1055 1327 est,
1092 1284 1356 1332 anteceptam
1389 1277 1533 1318 animo
1565 1277 1626 1318 rei

185 1333 399 1389 'quandam
431 1332 789 1383 informationem,
821 1331 909 1372 sine
939 1346 1023 1388 qua
1052 1347 1129 1374 nec
1159 1332 1342 1389 intelligi
1377 1334 1626 1390 quidquam,

187 1404 264 1430 nec
290 1389 437 1445 quaeri,
465 1404 542 1430 nec
571 1389 775 1444 disputari
803 1396 957 1444 potest.
1018 1388 1155 1445 Cujus
1184 1390 1357 1431 rationis
1387 1391 1469 1431 vim
1499 1399 1627 1446 atque

186 1446 414 1487 utilitatem
437 1461 488 1487 ex
507 1446 580 1487 illo
602 1445 759 1487 caelesti
782 1445 971 1501 Epicuri,
989 1444 1042 1486 de
1066 1447 1215 1502 regula
1240 1455 1283 1488 et
1305 1445 1486 1503 judicio,
1505 1447 1627 1488 volu-

109 1502 175 1556 17
189 1503 302 1544 mine
338 1503 593 1559 accepimus.
652 1502 785 1544 Quod
815 1502 947 1558 igitur
976 1501 1299 1544 fundamentum
1338 1502 1466 1560 hujus
1509 1519 1626 1559 quae-

120 1574 174 1607 44
189 1560 336 1601 stionis
358 1567 436 1610 est,
453 1559 496 1600 id
515 1559 716 1614 praeclare
730 1558 897 1614 jactum
917 1558 1078 1600 videtis.
1141 1559 1252 1601 Cum
1272 1560 1382 1601 enim
1402 1574 1486 1601 non
1506 1560 1627 1601 insti-

186 1624 282 1658 tuto
302 1616 459 1672 aliquo,
479 1625 554 1657 aut
573 1630 708 1665 more,
725 1625 797 1657 aut
816 1616 912 1672 lege
932 1615 985 1657 sit
1006 1616 1150 1671 opinio
1171 1617 1415 1668 constituta,
1436 1625 1627 1657 maneat-

186 1689 272 1730 que
293 1673 346 1714 ad
366 1688 499 1714 unum
521 1673 711 1713 onmium
733 1672 853 1713 firma
875 1673 1123 1714 consensio:
1155 1673 1334 1728 intelligi
1357 1687 1527 1714 necesse
1547 1682 1626 1724 est,

185 1741 278 1772 esse
300 1730 419 1780 deos,
440 1729 641 1786 quoniam
661 1729 804 1769 insitas
833 1743 996 1779 eorum,
1021 1729 1087 1769 vel
1118 1729 1261 1784 potius
1287 1730 1450 1769 innatas
1477 1729 1626 1784 cogni-

186 1788 322 1829 tiones
343 1786 563 1827 habemus.
621 1786 690 1826 De
721 1799 806 1841 quo
835 1793 978 1826 autem
1007 1786 1200 1827 omnium
1227 1794 1377 1826 natura
1402 1786 1626 1836 consentit,

186 1843 229 1885 id
249 1858 392 1885 verum
414 1858 506 1884 esse
526 1856 694 1883 necesse
715 1850 792 1883 est.
843 1843 946 1883 Esse
965 1842 1097 1897 igitur
1116 1843 1218 1882 deos
1240 1841 1527 1883 confitendum
1547 1851 1625 1883 est.

188 1900 321 1943 Quod
340 1901 540 1956 quoniam
560 1899 645 1939 fere
665 1908 832 1940 constat
853 1898 962 1939 inter
981 1913 1128 1939 omnes
1152 1913 1235 1939 non
1256 1897 1535 1954 philosophos
1555 1912 1627 1939 so-

186 1957 295 2008 lum,
327 1957 401 2009 sed
437 1957 565 1997 etiam
600 1955 826 1997 indoctos:
866 1955 1089 2005 fateamur,
1123 1964 1316 1996 constare
1345 1954 1450 1996 illud
1481 1955 1626 2007 etiam,

189 2007 298 2055 hanc
320 2028 397 2054 nos
417 2014 570 2054 habere
601 2013 684 2053 sive
714 2011 1073 2067 anticipationem,
1094 2019 1141 2052 ut
1166 2020 1264 2052 ante
1294 2011 1393 2062 dixi,
1415 2011 1498 2052 sive
1519 2025 1628 2067 prae-

82 2086 113 2116 p.
129 2071 408 2112 11-notionem
431 2070 625 2111 deorum.
655 2077 751 2110 sunt
778 2069 890 2109 enim
922 2068 1047 2109 rebus
1073 2068 1189 2109 novis
1209 2082 1315 2109 nova
1332 2068 1527 2123 ponenda
1548 2082 1626 2109 no-

150 2128 179 2150 a.
192 2127 320 2178 mina,
335 2135 385 2168 ut
404 2127 612 2182 Epicurus
631 2126 720 2181 ipse
738 2125 928 2182 πρόληψιν
949 2124 1188 2180 appellavit,
1209 2139 1337 2180 quam
1356 2134 1480 2165 antea
1498 2138 1626 2165 nemo

125 2193 175 2225 45
190 2198 242 2225 eo
262 2185 386 2225 verbo
406 2184 656 2224 nominarat.
716 2184 842 2223 Hanc
874 2181 1005 2237 igitur
1034 2181 1255 2231 habemus,
1279 2189 1327 2222 ut
1352 2180 1454 2222 deos
1477 2181 1626 2222 beatos

189 2249 232 2281 'et
252 2240 514 2281 immortales
539 2249 752 2295 putemus.
812 2241 921 2295 Quin
952 2237 1063 2278 enim
1095 2238 1216 2279 nobis
1246 2247 1394 2278 natura
1422 2237 1625 2278 informa-

190 2297 351 2337 tionem
371 2297 549 2338 deorum
570 2297 760 2351 ipsorum
778 2295 908 2345 dedit,
925 2294 1073 2335 eadem
1093 2294 1314 2349 insculpsit
1332 2294 1375 2334 in
1396 2293 1625 2344 mentibus,

195 2363 240 2395 ut
269 2368 343 2395 eos
372 2364 550 2395 aeternos
578 2363 621 2395 et
646 2353 794 2395 beatos
822 2352 1089 2392 haberemus.
1146 2350 1276 2393 Quod
1297 2349 1330 2390 si
1355 2350 1412 2391 ita
1433 2358 1510 2401 est,
1531 2363 1625 2390 vere

191 2411 381 2465 exposita
409 2410 481 2451 illa
508 2410 718 2451 sententia
746 2417 810 2450 est
836 2409 890 2449 ab
913 2407 1112 2463 Epicuro,
1132 2406 1263 2463 Quod
1283 2415 1502 2456 aeternum,
1523 2405 1625 2446 bea-

189 2475 367 2522 tumque
385 2467 453 2517 sit,
472 2466 516 2507 id
537 2481 614 2507 nec
632 2466 788 2507 habere
806 2465 945 2520 ipsum
965 2464 1125 2519 negotii
1146 2462 1391 2518 quidquam,
1411 2477 1487 2503 nec
1507 2462 1626 2504 exhi-

191 2523 292 2563 bere
311 2523 444 2564 alteri.
473 2522 616 2578 itaque
646 2537 780 2578 neque
801 2522 875 2572 ira,
895 2535 1032 2576 neque
1051 2520 1189 2575 gratia
1209 2519 1354 2570 teneri,
1377 2519 1507 2575 quod,
1527 2534 1623 2575 quae

190 2578 293 2619 talia
311 2588 465 2629 essent,
488 2579 699 2619 imbecilla
727 2586 865 2619 essent
890 2576 1046 2618 omnia.
1106 2576 1150 2617 Si
1180 2575 1285 2616 nibil
1314 2575 1429 2617 aliud
1459 2590 1624 2632 quaere-

191 2649 348 2686 remus,
367 2636 447 2675 nisi
466 2644 514 2676 ut
532 2635 636 2676 deos
655 2635 723 2689 pie
745 2634 994 2684 coleremus,
1014 2641 1057 2674 et
1075 2641 1123 2674 ut
1143 2640 1158 2669 7
1166 2642 1182 2664 5
1200 2633 1496 2687 superstitione
1515 2632 1621 2672 libe-

191 2707 393 2743 raremur,
413 2692 514 2732 satis
537 2700 628 2732 erat
653 2691 832 2732 dictum.
863 2704 959 2731 nam
981 2698 1025 2730 et
1041 2698 1244 2745 praestans
1263 2689 1442 2731 deorum
1461 2697 1625 2738 natura,

231 2804 274 2834 ’74
297 2797 434 2828 venerari
451 2796 566 2837 Ep.--]
587 2795 619 2824 rra*
636 2795 772 2825 ‘veneram‘
787 2795 886 2836 expli-
927 2802 973 2825 est
988 2794 1134 2824 venerari.

191 2849 265 2872 eant
278 2841 465 2880 sequentia;
490 2840 574 2870 male
598 2840 659 2868 Ms.
684 2839 791 2870 Guelf.
818 2839 887 2868 wd-
974 2845 1011 2872 75
1036 2836 1246 2876 superstitione]
1266 2838 1286 2868 i.
1299 2848 1328 2870 e.
1344 2838 1430 2870 inani
1447 2843 1534 2868 metu
1551 2837 1624 2867 deo-

191 2894 310 2914 mraere:
337 2885 393 2914 sed
415 2884 451 2913 in
475 2884 618 2922 margine
644 2892 699 2922 pro
724 2892 787 2913 var.
814 2882 887 2913 lect.
930 2891 1015 2917 rum,
1031 2889 1065 2911 ut
1081 2888 1164 2920 patet
1179 2890 1195 2910 e
1211 2891 1280 2921 sqq.
