1768 3095
546 114 727 152 LIBER
756 113 1066 152 QUARTUS.
1470 120 1518 162 73

87 226 145 268 tia
163 239 376 267 summum
398 223 557 265 bonum
586 221 735 278 ponit:
766 221 840 278 qui
871 228 910 257 72
929 235 1028 262 cum
1060 220 1246 262 Zenonis
1266 221 1436 263 auditor
1454 237 1520 264 es·-

88 292 164 333 set,
184 282 298 324 vides
317 288 532 344 quantum
541 279 595 321 ab
615 293 667 321 eo
687 278 944 330 dissenserit,
963 286 1006 319 et
1025 285 1063 315 73
1080 293 1208 334 quam
1229 292 1314 319 non
1337 279 1520 342 multum

87 354 113 380 a
135 339 307 381 Platone
327 336 549 392 Megarici.
571 350 752 392 quorum
773 334 856 376 fuit
883 334 1036 376 nobilis
1056 334 1292 390 disciplina,
1315 334 1453 391 cujus,
1474 345 1522 377 ut

90 397 292 451 scriptum
319 393 455 444 video,
490 393 684 457 princeps
721 391 1023 448 XenophaneS,
1053 406 1179 447 quem
1212 391 1345 432 modo
1383 393 1521 432 nomi-

89 453 209 494 navi·
239 450 389 492 deinde
419 464 516 491 eum
548 449 696 500 secuti,
729 448 1010 498 Parmenides,
1041 458 1083 489 et
1114 449 1259 489 Zeno:
1294 449 1439 504 itaque
1469 449 1522 489 ab

89 509 153 549 his
174 507 347 549 Eleatici
363 506 607 562 philosophi
628 505 971 547 nominabantur.
987 513 1085 559 post
1105 504 1316 556 Euclides,
1337 505 1522 546 Socratis

89 564 332 620 discipulus,
364 564 626 619 Megareus·
659 577 684 603 a
708 577 793 618 quo
825 562 954 603 iidem
975 562 1037 602 illi
1056 561 1269 617 Megarici
1288 562 1417 603 dicti:
1450 563 1523 617 qui

87 621 130 662 id
156 622 315 661 bonum
344 620 482 661 solum
510 634 600 661 esse
629 619 840 670 dicebant,
860 618 975 675 quod
1007 628 1117 660 esset
1138 634 1286 670 unum,
1308 628 1351 659 et
1370 619 1521 670 simile,

87 685 129 718 et
150 677 262 718 idem
284 691 463 733 semper.
484 676 528 717 hi
560 690 729 732 quoque
754 650 890 717 muita
909 691 933 716 a
954 675 1140 720 Platone.
1198 676 1241 716 A
1261 676 1520 717 Menedemo
1534 696 1563 724 p.
1578 694 1627 718 a«.

86 742 243 785 autem,
275 741 314 770 74
331 733 448 798 quod
477 734 510 775 is
541 734 702 774 Eretria
731 733 826 782 fuit,
857 732 1059 773 Eretriaci
1076 731 1306 796 appellati:
1338 738 1559 788 quorffium

88 805 213 831 omne
243 791 404 832 bonum
434 806 478 831 111
508 798 649 831 mente
678 789 878 844 positum,
901 797 943 829 et
971 789 1123 831 mentis
1153 789 1256 841 acie,
1276 804 1359 845 qua
1378 804 1521 831 verum

87 857 340 888 cerneretur.
402 856 416 884 7
424 857 439 880 5
461 846 530 887 Illi
560 846 726 896 similia,
755 846 844 896 sed,
873 846 1038 909 opinor,
1062 845 1269 901 explicata
1290 846 1460 887 uberius
1481 855 1524 887 et

89 904 290 945 ornatius.
350 905 445 945 Hos
477 903 510 944 si
540 902 867 953 contemnimus,
887 912 930 943 et
952 903 1044 958 jam
1075 902 1265 959 abjectos
1297 912 1612 958 putamu83130

89 966 128 997 76
146 960 239 1001 11105
260 971 373 1003 certe
392 961 531 1003 minus
553 960 767 1015 despicere
793 959 1010 1010 debemus,
1029 960 1289 1010 Aristonem,
1311 960 1397 1015 qui,
1424 975 1521 1000 cum

90 1018 272 1058 Zenonis
292 1017 440 1059 fuisset
458 1017 640 1067 auditor,
662 1031 703 1056 re
724 1016 915 1072 probavit
933 1031 996 1066 ea,
1019 1031 1112 1071 quae
1142 1016 1212 1056 ille
1232 1016 1381 1067 verbis,
1403 1017 1525 1059 Nihil

88 1088 179 1115 esse
204 1074 380 1126 bonum,
413 1074 491 1115 nisi
523 1074 718 1114 virtutem
734 1089 744 1123 ;
777 1088 915 1129 neque
943 1072 1118 1124 malum,
1141 1073 1219 1113 nisi
1239 1073 1355 1128 quod
1382 1074 1525 1114 virtuti

88 1140 198 1172 esset
228 1131 482 1173 contrarium
505 1147 513 1171 :
546 1131 589 1171 in
619 1129 768 1171 mediis
797 1145 848 1171 ea
866 1138 1096 1180 momenta,
1120 1145 1213 1185 quae
1237 1131 1355 1170 Zeno
1377 1130 1523 1179 voluit,

89 1187 205 1228 nulla
225 1203 316 1229 esse
346 1187 524 1229 censuit.
583 1188 698 1228 Huic
730 1202 942 1228 summum
967 1187 1127 1228 bonum
1149 1196 1226 1238 051,
1248 1187 1290 1227 111
1313 1187 1377 1228 1115
1399 1188 1524 1228 rebus

90 1254 283 1285 neutram
312 1245 353 1285 in
380 1253 544 1300 partem
576 1244 760 1293 moveri3
793 1259 887 1299 quae
921 1243 1114 1299 ἀδιαφορία
1145 1243 1198 1284 ab
1231 1243 1324 1299 ipso
1356 1244 1523 1285 dicitur.

92 1307 128 1336 77
150 1301 310 1372 Pyrrho
341 1310 499 1351 autem,
530 1315 580 1341 ea
608 1315 660 1340 ne
689 1300 842 1341 50111110
872 1300 1044 1355 quidem
1084 1301 1342 1355 sapientem:
1376 1309 1415 1338 78
1430 1317 1523 1357 quae

89 1357 251 1398 ἀπάθεια
271 1357 523 1398 nominatur.
584 1357 676 1397 Has
699 1356 832 1412 igitur
852 1365 917 1397 tot
937 1356 1162 1396 sententias
1180 1365 1229 1397 ut
1250 1358 1524 1398 omittamus·
1514 1389 1523 1407 ,

91 1413 183 1455 haec
218 1429 327 1455 nunc
361 1414 592 1464 videamus,
629 1428 721 1468 quae
762 1412 848 1463 diu,
888 1413 1158 1468 multumque
1199 1413 1372 1455 defensa
1412 1424 1524 1455 511111.

91 1470 178 1511 Alii
195 1470 471 1534 voluptatem,
494 1470 616 1510 finem
640 1483 731 1510 esse
749 1469 989 1510 voluerunt:
1009 1484 1190 1525 quorum
1212 1470 1406 1525 princeps
1426 1471 1524 1511 Ari-
1543 1488 1611 1519 131

90 1526 266 1582 stippus,
288 1542 361 1583 qui
392 1527 610 1567 Socratem
641 1525 852 1576 audierat,
886 1525 996 1566 unde
1028 1525 1268 1582 Cyrenaici.
1300 1538 1397 1581 post
1425 1527 1528 1582 Epi—

90 1597 244 1624 curus:
273 1598 394 1639 cujus
421 1592 486 1624 est
511 1582 734 1638 disciplina
764 1596 874 1623 nunc
904 1582 1072 1623 notior:
1102 1597 1239 1638 neque
1265 1592 1407 1625 tamen
1429 1599 1526 1625 cum

93 1639 338 1696 Cyrenaicis
360 1640 443 1681 de
434 1654 524 1695 ipsa
542 1639 756 1694 voluptate
783 1639 1064 1680 consentiens.
1086 1639 1346 1695 voluptatem
1369 1649 1527 1692 autem,

90 1704 134 1737 et
154 1696 420 1738 honestatem
441 1697 565 1737 finem
587 1710 678 1737 esse
701 1695 899 1751 Callipho
922 1697 1108 1737 censuit:
1129 1711 1275 1737 vacare
1296 1698 1412 1738 omni
1433 1712 1527 1739 mo-

90 1753 226 1804 lestia,
263 1755 583 1817 Hieronymus:
614 1752 696 1793 hoc
732 1753 844 1794 idem
878 1767 977 1793 cum
1018 1753 1255 1817 honestate,
1294 1754 1528 1796 Diodorus.

90 1811 218 1851 ambo
249 1811 293 1851 hi
326 1810 606 1866 Peripatetici.
666 1810 861 1850 Honeste
889 1820 1033 1851 autern
1058 1809 1206 1860 vivere,
1229 1810 1441 1853 fruentem
1463 1825 1528 1852 re-

90 1867 202 1907 bus
191 1868 255 1918 iis,
278 1875 318 1903 79
335 1882 438 1931 quas
459 1867 614 1922 primas
632 1865 795 1907 homini
816 1876 965 1906 natuia
984 1867 1196 1917 conciliet,
1216 1878 1259 1908 et
1278 1877 1394 1908 vetus
1415 1869 1529 1909 Aca-

92 1923 232 1964 demia
261 1924 439 1974 censuit,
468 1932 518 1965 ut
547 1922 734 1964 indicant
764 1923 921 1978 scripta
951 1923 1206 1974 Polemonis,
1229 1939 1356 1980 quem
1377 1925 1532 1966 Antio-

134 2075 173 2103 72
198 2080 261 2098 cum
282 2069 402 2099 Zenonis
418 2070 531 2099 auditor
554 2069 639 2105 esset]
655 2071 787 2101 Videtur

91 2111 262 2150 legendum
279 2113 404 2153 fuisset,
435 2120 471 2143 ut
500 2114 581 2143 infra
609 2114 784 2149 Aristonem,

91 2155 155 2196 qui,
172 2167 234 2185 cum
246 2155 367 2185 Zenonis
380 2155 495 2185 auditor
499 2156 623 2197 fuisset.

135 2204 172 2233 72
198 2210 284 2239 quam
309 2210 361 2228 non
385 2198 507 2228 multum
531 2211 548 2227 a
574 2198 696 2228 Platone
722 2198 783 2237 M.]

92 2241 239 2271 Davisius
263 2242 295 2271 in
312 2243 456 2281 quinque
473 2242 552 2272 Mss.
587 2242 787 2271 Alemannus

92 2285 124 2313 in
141 2286 224 2323 regio
241 2285 308 2314 Par.
325 2287 436 2324 reperit
450 2297 457 2313 ε
481 2295 569 2326 quam
584 2295 614 2316 n.
629 2296 667 2315 m.
681 2297 699 2313 a
716 2284 788 2314 Pla-

92 2333 165 2356 tone.
211 2328 502 2367 liffegaricorumjizit
515 2338 546 2358 n.
561 2327 590 2358 d.

136 2377 174 2404 74
199 2371 273 2412 quod
287 2371 310 2399 is
327 2368 539 2411 Eretriafuit]
565 2371 616 2400 Sic
640 2370 787 2400 Davisius

91 2414 187 2443 edidit
201 2424 218 2443 e
234 2414 314 2444 Mss.
330 2414 455 2444 duobus
477 2420 508 2443 et
527 2413 575 2443 ed.
592 2414 674 2443 Ven.
695 2419 786 2448 1471.

93 2456 269 2495 Vulgatum
295 2457 428 2486 Eretrias
452 2463 498 2487 est
521 2464 631 2486 contra
652 2456 788 2486 latinita-

93 2506 170 2529 tem.
193 2507 224 2529 et
245 2506 322 2529 sunt
338 2500 441 2530 multa
456 2499 604 2538 exempla
619 2500 727 2538 patriae
741 2500 786 2529 sic

93 2544 213 2582 positae,
230 2553 303 2582 quae
319 2552 350 2573 et
368 2543 406 2573 ad
422 2544 455 2573 h.
471 2543 492 2574 l.
511 2543 667 2582 congessit
690 2542 787 2572 Davi-

93 2595 168 2616 51115.

139 2634 176 2663 75
203 2627 268 2657 Illis
291 2627 399 2657 similia
416 2626 491 2667 &c.]
509 2629 657 2658 Davisius
674 2637 690 2657 e
708 2628 787 2658 Mss.

94 2672 158 2701 suis
185 2672 280 2702 edidit
306 2671 363 2707 illi.
410 2671 470 2701 Sed
493 2681 558 2710 quo
584 2671 713 2701 refertur
740 2670 787 2699 illi

95 2714 143 2744 vel
167 2713 254 2743 illis?
277 2721 418 2744 ceterum
442 2724 481 2743 ex
505 2721 637 2752 utraque
654 2714 789 2743 lectione

97 2756 179 2786 idem
196 2766 307 2787 sensus
328 2764 384 2787 est.
429 2757 479 2786 Illi
499 2756 616 2791 similia
632 2756 680 2786 his
696 2757 789 2786 tradi-

95 2799 176 2828 dere.
220 2800 342 2829 Similia
357 2801 426 2830 haec
443 2801 561 2830 horum
577 2799 692 2839 placita
713 2806 790 2829 sunt

96 2840 156 2871 illis
182 2843 378 2881 superiorum
407 2843 683 2882 philosophorum.
728 2843 788 2872 Sed

830 2070 878 2099 illi
901 2077 1009 2101 tamen
1033 2070 1156 2101 facilius
1183 2078 1246 2102 est:
1273 2073 1379 2112 itaque
1407 2078 1437 2101 et
1465 2072 1527 2111 ipsc

831 2114 966 2154 praetuli.

875 2162 914 2191 76
938 2157 1002 2186 illos
1025 2163 1099 2185 verte
1121 2157 1214 2186 minus
1227 2157 1368 2196 despicere
1383 2158 1525 2196 dehemus]

831 2200 962 2230 Videtur
992 2200 1116 2238 negatio
1144 2201 1309 2237 excidisse,
1341 2201 1528 2239 legendum-

831 2252 894 2281 que
910 2253 962 2271 mn
979 2242 1083 2278 mimis,
1102 2253 1155 2282 np.
1171 2244 1245 2282 quia
1256 2254 1302 2273 res
1318 2251 1394 2273 sunt
1407 2243 1527 2273 similes

831 2295 867 2315 ac
884 2286 947 2315 fere
963 2286 1095 2315 eaedem.

875 2335 910 2363 77
940 2328 1049 2368 Pyrrho
1078 2326 1189 2365 aulem]
1223 2329 1371 2359 Davisius
1404 2328 1529 2367 corrigit

834 2371 974 2410 Pyrrhoni
996 2380 1040 2400 sc.
1069 2378 1114 2400 est
1137 2380 1307 2401 summum
1332 2372 1468 2408 bonum,
1495 2379 1525 2399 111

832 2421 904 2444 ante
921 2420 966 2444 est
984 2413 1060 2442 Huic
1076 2425 1097 2443 s.
1112 2413 1138 2443 b.
1155 2420 1206 2443 cst.

876 2464 915 2492 78
940 2467 1005 2498 quae
1028 2456 1138 2487 ἁ-ταθῆ
1161 2454 1360 2495 nominantur]
1385 2457 1426 2485 At
1441 2457 1528 2486 enini

833 2510 879 2530 res
903 2510 968 2530 non
991 2500 1143 2529 dicuntur
1165 2499 1288 2534 ἀπαθῆ,
1305 2500 1357 2529 sed
1382 2500 1531 2530 homines

832 2543 972 2575 ἀπαθεῖς.
989 2543 1095 2581 itaque
1111 2542 1204 2572 debet
1219 2552 1286 2572 0550
1301 2549 1356 2572 aut
1373 2542 1461 2573 vasi:
1475 2550 1531 2571 aut

831 2585 967 2614 ἀπάθεια
983 2585 1158 2621 nominatur,
1176 2592 1211 2615 ut
1232 2585 1379 2615 Davisius
1395 2586 1427 2615 in
1444 2585 1529 2615 libris

831 2629 1024 2667 quibusdam
1055 2638 1114 2658 scr.
1149 2630 1270 2667 reperit.
1301 2638 1418 2667 nempe
1447 2629 1530 2657 510111

831 2672 953 2702 Zenoni
977 2681 1149 2701 summum
1173 2672 1296 2701 bonum
1317 2669 1467 2711 ἀδκκιροξιά
1483 2673 1530 2700 di-

833 2721 883 2745 cta
898 2722 953 2745 est.
970 2715 1014 2744 sic
1031 2715 1200 2753 Pyrrhonis
1217 2714 1365 2743 ἀπάθεια.

877 2763 916 2792 79
941 2768 1011 2799 quas
1028 2763 1060 2795 p.
1083 2757 1112 2786 Ιι.
1137 2764 1244 2786 natura
1269 2755 1412 2795 conciliet]
1446 2756 1530 2785 Con-

833 2807 937 2830 textus
953 2799 1103 2840 postulat,
1120 2801 1244 2839 opinor,
1262 2799 1441 2836 conciliaret,
1455 2809 1529 2838 pen—

831 2844 884 2874 det
898 2843 987 2875 enim
1002 2851 1020 2873 a
1035 2843 1154 2873 censuit.
