1778 3095
208 124 287 160 268
569 121 826 160 TUSCUL.
855 119 1298 158 QUAESTIONUM

204 227 328 280 mori,
357 228 557 270 miserum
587 242 694 269 esse.
724 227 840 284 quod
871 227 1041 269 tandem
1073 228 1269 282 tempus?
1303 229 1545 268 naturaene?
1575 229 1638 271 At

203 299 253 326 ea
271 284 443 341 quidem
464 284 580 326 dedit
598 299 769 325 usuram
794 285 904 334 vitae,
926 293 1142 339 tamquam
1169 283 1372 339 pecuniae,
1393 282 1508 324 nulla
1525 298 1634 339 prae-

202 341 350 383 stituta
368 341 451 383 die.
511 341 627 383 Quid
657 350 721 382 est
750 341 894 396 igitur,
924 340 1039 395 quod
1069 354 1258 396 querare,
1289 339 1324 380 si
1352 339 1516 394 repetit,
1537 355 1634 383 cum

201 397 320 442 vult?
352 412 402 439 ea
421 397 534 438 enim
552 397 794 438 conditione
815 410 1050 451 acceperas.
1110 396 1259 448 Iidem,
1291 396 1325 437 si
1353 411 1459 451 puer
1486 410 1637 452 parvus

201 454 374 505 occidit,
408 462 446 491 70
462 469 585 509 aequo
616 454 757 494 animo
787 453 1006 494 ferendum
1036 461 1210 507 putant:
1243 453 1275 493 si
1304 467 1400 493 vero
1427 452 1469 493 in
1500 453 1634 504 cunis,

200 525 252 551 ne
274 510 534 566 querendum
563 510 749 566 quidem.
809 508 944 564 Atqui
977 508 1029 549 ab
1062 508 1143 549 hoc
1170 509 1358 550 acerbius
1388 508 1529 564 exegit
1560 523 1635 550 na-

198 575 307 618 tura,
348 567 462 622 quod
500 567 686 607 dederat.
745 565 949 606 Nondum
991 575 1244 620 gustaverat,
1289 565 1499 622 inquiunt,
1536 565 1632 606 vitae

197 624 470 665 suavitatem:
515 623 582 663 hic
621 632 760 663 autern
796 621 886 677 jam
923 621 1116 676 sperabat
1149 636 1319 676 magna,
1358 622 1512 677 quibus
1550 622 1632 662 frui

197 687 395 735 coeperat.
458 679 516 723 At
554 679 598 719 id
637 678 807 734 quidem
849 678 987 732 ipsum
1039 678 1079 718 in
1126 678 1272 719 ceteris
1318 679 1441 719 rebus
1480 678 1632 719 melius

195 746 383 792 putatur,
417 737 601 792 aliquam
639 742 816 790 partein,
852 749 978 789 quam
1015 734 1189 784 nullam,
1219 735 1441 790 attingere,
1471 749 1546 776 cur
1587 735 1629 775 in

195 794 278 833 vita
313 795 464 834 secus?
505 793 775 848 Quamquam
809 806 890 832 non
926 790 1036 831 male
1066 791 1125 832 ait
1155 790 1459 842 Callimachus,
1490 791 1628 832 multo

195 850 346 902 saepius
367 849 621 905 lacrymasse
651 848 877 898 Priamum,
910 862 1035 902 quam
1067 846 1273 887 Troilum.
1304 862 1450 888 eorum
1470 856 1628 897 autem,

131 925 183 969 94
196 906 266 961 qui
295 915 441 946 exacta
471 914 594 946 aetate
623 904 874 954 moriuntur,
902 904 1069 944 fortuna
1094 904 1301 945 laudatur.
1363 903 1482 945 Cur?
1516 918 1628 954 nam,

194 975 301 1011 reor,
319 962 457 1013 nullis,
489 962 521 1002 si
551 962 635 1003 vita
665 961 833 1016 longior
866 961 1050 1010 daretur,
1088 969 1230 1014 posset
1261 975 1352 1001 esse
1382 959 1626 1015 jucundior.

192 1019 314 1059 Nihil
345 1027 408 1059 est
445 1019 557 1059 enim
594 1019 787 1073 profecto
820 1017 980 1057 homini
1014 1016 1236 1072 prudentia
1268 1017 1446 1068 dulcius,
1482 1031 1626 1072 quam,

191 1084 238 1115 ut
258 1082 395 1116 cetera
415 1076 590 1125 auferat,
611 1075 731 1115 affert
750 1084 862 1114 certe
883 1082 1086 1114 senectus.
1131 1074 1240 1114 Quae
1261 1088 1357 1114 vero
1378 1083 1478 1114 aetas
1496 1074 1628 1128 longa

190 1133 283 1172 est?
316 1140 389 1172 aut
410 1132 511 1187 quid
533 1132 707 1172 omnino
725 1130 886 1170 homini
906 1130 1084 1184 longum
1101 1131 1114 1169 ?
1148 1143 1286 1170 nonne
1306 1129 1435 1170 modo
1455 1144 1625 1184 puerOS,

189 1188 318 1229 modo
340 1188 640 1238 adolescentes,
662 1188 702 1227 in
723 1201 863 1236 cursu,
885 1201 909 1225 a
930 1194 1051 1240 tergo
1079 1186 1316 1240 insequens,
1348 1200 1425 1226 nec
1447 1185 1623 1240 opinan-

188 1254 252 1285 tes
271 1252 462 1286 assecuta
479 1254 542 1285 est
559 1252 752 1285 senectus
773 1245 785 1284 ?
819 1242 891 1282 sed
912 1241 1010 1297 quia
1038 1241 1150 1281 ultra
1170 1241 1272 1281 nihil
1296 1241 1517 1291 habemus,
1538 1241 1621 1282 hoc

186 1301 364 1355 longum
393 1301 601 1341 ducimus.
634 1299 776 1340 omnia
809 1299 901 1348 ista,
938 1297 1111 1353 perinde
1139 1306 1186 1338 ut
1216 1297 1368 1353 cuique
1394 1297 1492 1338 data
1511 1305 1623 1349 sunt,

185 1372 262 1412 pro
283 1366 371 1398 rata
391 1367 521 1411 parte,
543 1371 566 1396 a
586 1356 682 1406 vita,
704 1365 776 1395 aut
794 1355 925 1410 longa
957 1364 1030 1396 aut
1059 1354 1199 1394 brevia
1219 1354 1431 1395 dicuntur.
1489 1354 1622 1409 Apud

187 1414 404 1469 Hypanim
427 1413 612 1464 fluvium,
636 1413 707 1469 qui
738 1413 791 1452 ab
822 1413 1003 1466 Europae
1033 1419 1152 1466 parte
1182 1411 1224 1451 in
1255 1412 1437 1452 Pontum
1469 1410 1621 1461 influit,

183 1470 436 1511 Aristoteles
473 1469 531 1510 ait
563 1469 761 1510 bestiolas
795 1467 995 1524 quasdam
1034 1467 1163 1517 nasci,
1197 1483 1292 1522 quae
1331 1482 1464 1508 unum
1507 1467 1619 1508 diem

183 1526 332 1567 vivant.
353 1541 404 1567 ex
422 1526 485 1567 his
509 1526 651 1581 igitur,
682 1525 786 1566 hora
814 1533 960 1565 octava
989 1539 1082 1579 quae
1114 1534 1283 1564 mortua
1311 1533 1390 1573 est,
1422 1533 1620 1578 provecta

179 1592 304 1624 aetate
337 1592 503 1624 mortua
535 1591 630 1623 est:
661 1597 755 1637 quae
789 1596 884 1622 vero
917 1580 1136 1621 occidente
1168 1580 1270 1629 sole,
1301 1579 1534 1634 decrepita:
1565 1594 1618 1621 eo

51 1640 330 1696 3>.159‚magis,
362 1639 396 1680 si
426 1640 549 1680 etiam
583 1638 791 1679 solstitiali
821 1637 902 1678 die.
934 1638 1079 1678 confer
1108 1645 1293 1677 nostram
1324 1637 1615 1691 longissimam

138 1706 347 1737 ³·aetatem
381 1710 478 1736 cum
513 1695 760 1745 aeternitate,
794 1694 834 1734 in
871 1693 1018 1734 eadem
1055 1692 1363 1748 propemodum
1397 1693 1615 1744 brevitate,

94 1755 167 1805 40
179 1768 262 1809 qua
280 1753 361 1793 illae
383 1752 586 1802 bestiolae,
615 1752 883 1806 reperiemur.
945 1750 1280 1791 Contemnamus
1307 1749 1440 1803 igitur
1465 1763 1613 1790 omnes

113 1831 163 1871 95
178 1810 354 1864 ineptias
373 1826 382 1850 z
406 1817 441 1845 71
460 1808 591 1864 (quod
613 1808 722 1848 enim
741 1808 870 1849 levius
886 1806 983 1847 huic
1004 1806 1161 1846 levitati
1175 1819 1328 1846 nomen
1346 1806 1560 1858 imponam
1577 1806 1610 1858 ?)

176 1874 397 1922 totamque
418 1866 501 1906 vim
522 1865 629 1905 bene
649 1864 809 1905 vivendi
831 1865 872 1904 in
893 1863 1021 1904 animi
1051 1862 1216 1912 robore,
1236 1876 1284 1902 ac
1306 1861 1613 1916 magnitudine,

174 1931 219 1963 et
239 1922 280 1963 in
302 1922 492 1963 omnium
513 1936 652 1962 rerum
672 1921 952 1962 humanarum
984 1918 1289 1967 contemtione,
1307 1932 1355 1958 ac
1377 1917 1611 1972 despicien-

173 1979 246 2029 tia,
267 1987 311 2020 et
330 1979 372 2020 in
391 1978 506 2019 omni
524 1978 674 2018 virtute
694 1992 914 2033 ponamus.
939 1990 1036 2016 nam
1068 1990 1179 2016 nunc
1197 1974 1370 2030 quidem
1395 1981 1432 2010 72
1447 1974 1612 2029 cogita-

173 2035 360 2077 tionibus
390 2034 698 2075 molestissimis
732 2034 1050 2082 effaeminamur,
1091 2040 1152 2082 ut,
1187 2032 1221 2071 si
1255 2039 1352 2072 ante
1386 2045 1501 2071 mors
1532 2030 1610 2071 ad-

171 2100 327 2142 ventet,
347 2106 475 2147 quam
498 2090 799 2131 Chaldaeorum
818 2090 1022 2145 promissa
1034 2088 1249 2131 consecuti
1264 2102 1424 2138 sumus,
1442 2086 1610 2142 spoliati

107 2150 161 2197 96
172 2149 339 2206 magnis
358 2147 611 2204 quibusdam
632 2148 766 2198 bonis,
784 2147 910 2196 illusi,
925 2145 1200 2200 destitutique
1218 2144 1445 2185 videamur.
1477 2143 1609 2200 Quod

171 2205 204 2246 si
224 2204 519 2260 exspectandO,
540 2213 584 2244 et
604 2202 879 2245 desiderando
906 2202 1137 2258 pendemus
1165 2200 1328 2251 animis,
1356 2200 1607 2249 cruciamur,

171 2262 396 2317 angimur:
429 2275 505 2316 pro
543 2260 599 2301 dii
632 2259 922 2301 immortales!
959 2273 1086 2314 quam
1123 2257 1202 2298 iter
1234 2256 1338 2297 illud
1364 2255 1604 2311 jucundum

170 2332 261 2359 esse
281 2317 423 2368 debet,
445 2332 530 2373 quo
549 2317 760 2368 confecto,
782 2316 896 2357 nulla
918 2316 1078 2370 reliqua
1093 2328 1208 2364 cura,
1229 2312 1344 2353 nulla
1364 2312 1607 2353 sollicitudo

169 2374 312 2415 futura
327 2374 381 2415 sit
397 2374 404 2404 ⁸
430 2389 556 2429 quam
574 2388 642 2414 me
656 2373 837 2414 delectat
849 2372 1133 2413 Theramenes
1149 2370 1156 2409 !
1189 2384 1316 2425 quam
1332 2369 1444 2409 elato
1463 2368 1605 2409 animo

169 2440 235 2471 est
259 2431 266 2471 !
297 2431 374 2471 etsi
394 2431 505 2471 enim
525 2431 689 2481 flemus,
711 2444 807 2471 cum
829 2428 1027 2484 legimus,
1047 2435 1189 2468 tamen
1210 2440 1299 2466 non·
1313 2424 1606 2465 miserabiliter

168 2487 228 2529 vir
246 2487 381 2528 clarus
400 2486 615 2528 emoritur.
649 2487 722 2542 qui
751 2500 849 2526 cum
880 2486 1097 2540 conjectus
1128 2483 1170 2523 in
1200 2496 1408 2522 carcerem
1431 2481 1603 2536 triginta

212 2638 252 2668 70
274 2642 311 2663 ιε.
335 2644 364 2662 a.
376 2631 535 2672 ferendum
555 2629 677 2672 putant]
704 2631 784 2661 Puto
807 2631 860 2660 ad·
949 2635 986 2663 72
1026 2627 1245 2668 cogitationibus
1283 2625 1485 2655 molestissimis
1519 2627 1600 2666 eff'ae-

167 2677 309 2707 <lendum
325 2684 391 2706 esse
406 2686 459 2704 non
474 2681 546 2705 ante
557 2681 674 2714 putant.
904 2672 1064 2712 minamur]
1084 2671 1230 2700 Davisius
1247 2670 1342 2699 edidit
1364 2669 1546 2704 mollissimis,
1565 2678 1600 2700 ut

212 2725 248 2754 71
274 2718 349 2760 quod
368 2718 442 2747 enirn
465 2717 559 2747 levius
581 2716 692 2756 nomen]
711 2716 858 2746 Davisius
903 2722 949 2744 est
964 2716 1042 2744 etin
1060 2715 1122 2744 MS.
1147 2713 1254 2743 Guelf.
1276 2721 1334 2751 ego
1352 2712 1432 2742 nihil
1454 2712 1597 2742 mollitiei

167 2762 264 2792 edidit
288 2761 398 2790 lenius:
421 2771 515 2791 sensu
540 2761 631 2791 bene.
659 2761 713 2790 sed
740 2760 858 2789 videtur
906 2758 936 2787 in
966 2758 1013 2787 his
1045 2756 1287 2795 cogitationibus
1317 2756 1417 2784 video.
1447 2756 1499 2783 sed
1531 2756 1599 2795 {ffb-

169 2806 278 2835 Cicero
315 2803 379 2833 leve
414 2804 529 2835 dixisse
570 2810 693 2844 propter
725 2811 861 2842 sequens
904 2800 1048 2829 minamur
1061 2810 1125 2830 non
1134 2799 1281 2829 convenit
1295 2796 1610 2837 cogg.molestissimis‚'

168 2849 303 2879 verbum
319 2846 462 2877 levitatis.
903 2853 988 2874 sane.
1005 2844 1057 2875 sed
1074 2844 1267 2881 corrigamus
1283 2841 1494 2871 exanimamur.
