1768 3095
517 70 701 108 LIBER
728 70 1012 110 TERTIUS.
1159 76 1161 78 ’
1410 73 1484 114 159

48 187 166 222 catus
196 179 392 235 ingenue,
428 193 512 218 non
541 178 632 233 ipsa
664 175 940 232 turpitudine,
976 175 1105 216 etiam
1140 175 1175 215 si
1202 189 1299 216 eum
1331 177 1485 219 laesura

48 251 134 277 non
153 235 220 287 sit,
240 235 493 277 offenditur?
527 234 621 289 quis
652 232 794 273 animo
821 247 944 287 aequo
976 231 1086 273 videt
1110 245 1224 281 eum,
1252 246 1378 286 quem
1401 235 1484 274 im-

48 307 166 348 pure,
187 307 235 334 ac
255 291 461 346 flagitiose
480 299 601 346 putet
630 289 760 330 vivere
782 290 795 329 ?
829 289 922 345 quis
952 303 1037 329 non
1062 287 1155 329 odit
1184 287 1394 340 sordidos,
1416 305 1484 330 va-

49 363 142 399 nos,
174 349 296 398 leves,
334 347 506 388 futiles?
548 346 666 404 Quid
699 354 844 386 autem
877 345 958 386 dici
989 345 1159 400 poterit,
1192 344 1275 384 80si
1302 344 1484 399 turpitu-

50 405 192 446 dinem
225 419 308 444 non
337 403 471 458 ipsam
506 417 581 459 per
613 417 657 443 se
690 401 937 458 fugiendam
979 415 1070 442 esse
1109 411 1359 450 statuemus,
1400 416 1485 456 quo

50 461 188 502 minus
222 459 414 501 homines
452 459 663 510 tenebras,
701 469 743 500 et
778 458 1051 500 solitudinem
1088 457 1215 507 nacti,
1253 456 1371 497 nullo
1411 458 1486 498 de-

50 517 200 564 decore
229 530 272 556 se
302 516 526 567 abstineat,
557 515 635 557 nisi
663 530 735 556 eos
767 529 841 571 per
873 530 917 557 se
949 514 1140 565 foeditate
1170 528 1245 554 sua
1266 513 1486 568 turpitudo

50 573 138 628 ipsa
153 571 390 613 deterreat?
419 572 754 614 xInnumerabilia
783 571 868 613 dici
896 580 1075 627 possunt
1104 571 1146 611 in
1176 570 1286 610 hanc
1317 579 1486 611 senten-

48 630 178 670 tiam:
211 628 286 669 sed
316 643 401 669 non
437 627 604 670 necesse
636 637 714 670 est.
749 628 853 669 nihil
886 637 950 669 est
980 627 1107 678 enim,
1143 626 1196 668 de
1227 641 1311 682 quo
1346 624 1485 667 minus

49 684 231 726 dubitari
250 686 399 740 possit,
420 701 547 742 quam
568 695 612 727 et
632 686 822 736 honesta,
844 683 1172 740 expetendasper
1192 698 1250 733 se,
1272 691 1314 723 et
1334 683 1485 724 eodem

48 740 179 782 modo
199 741 351 798 turpia,
373 757 446 797 per
476 757 519 783 se
548 756 639 783 esse
668 742 884 798 fugienda.
945 741 1193 782 Constituto
1217 747 1366 786 autem
1397 739 1550 794 illo,39

50 797 103 838 de
134 812 220 853 quo
257 809 353 840 ante
386 799 582 849 diximus,
616 799 729 854 quod
765 798 992 839 honestum
1031 795 1100 847 sit,
1138 796 1181 837 id
1220 810 1311 837 esse
1347 796 1487 837 solum

49 854 236 895 bonum:
269 853 449 911 intelligi
470 870 637 903 necesse
667 865 745 906 est,
776 855 906 910 pluris
937 854 995 904 id,
1026 852 1142 909 quod
1172 852 1399 894 honestum
1419 853 1487 904 sit,

51 910 471 963 aestimandumesse,
491 927 616 968 quam
641 912 712 953 illa
735 910 893 961 media,
919 926 1013 966 quae
1035 925 1084 950 ex
1099 910 1156 950 eo
1176 918 1488 965 comparentur.
1501 926 1531 956 b.

51 966 280 1011 Stultitiam
316 978 474 1019 autem,
509 978 553 1010 et
593 969 944 1018 81te111eritatem,
976 977 1018 1007 et
1050 966 1317 1022 injustitiam,
1351 975 1396 1007 et
1426 966 1489 1006 in-

51 1025 372 1079 temperantiam
408 1040 506 1066 cum
538 1025 718 1067 dicimus
748 1039 839 1066 esse
869 1023 1072 1079 fugienda
1101 1032 1273 1078 propter
1306 1036 1375 1063 eas
1411 1036 1491 1072 res,

52 1094 146 1135 quae
168 1095 218 1122 ex
238 1081 338 1136 ipsis
364 1082 570 1133 eveniant,
602 1097 685 1123 non
717 1082 774 1123 ita
809 1081 1006 1130 dicimus,
1039 1087 1087 1125 ut
1123 1094 1221 1120 cum
1255 1077 1344 1130 illo,
1376 1079 1492 1134 quod

51 1136 236 1191 positum
273 1149 351 1189 est,
385 1139 522 1180 solum
558 1139 601 1180 id
636 1153 727 1179 esse
758 1138 936 1188 malurn,
974 1136 1088 1193 quod
1125 1145 1248 1191 turpe
1290 1135 1358 1186 sit,
1399 1135 1491 1176 haec

53 1192 244 1248 pugnare
264 1195 452 1236 videatur
468 1197 603 1237 oratio
622 1212 631 1235 :
661 1205 882 1250 propterea
914 1193 1029 1250 quod
1055 1208 1106 1234 ea
1126 1207 1211 1233 non
1232 1191 1284 1232 ad
1305 1191 1493 1248 corporis

55 1249 391 1305 incommodum,
415 1252 668 1301 referuntur,
716 1251 790 1291 sed
839 1251 893 1291 ad
942 1261 1085 1305 turpes
1138 1249 1339 1298 actiones,
1394 1263 1491 1303 quae

55 1305 248 1348 oriuntur
279 1321 302 1347 e
332 1307 454 1349 vitiis.
493 1323 597 1364 quas
629 1307 741 1348 enim
783 1306 923 1348 Graeci
957 1306 1089 1354 κακίας
1128 1305 1357 1361 appellant,
1393 1305 1492 1346 vitia

52 1361 181 1412 malo,
203 1377 331 1418 quam
353 1363 535 1405 malitias
557 1364 789 1405 nominare.

110 1418 191 1459 Nae
213 1428 274 1470 tu,
296 1420 484 1476 inquam,
517 1420 640 1471 Cato,
672 1420 806 1460 verbis
836 1419 1084 1470 illustribus,
1116 1427 1158 1460 et
1186 1417 1245 1469 id,
1276 1417 1394 1474 quod
1413 1417 1488 1468 vis,
1506 1421 1568 1469 12

53 1472 375 1517 declarantibus.
421 1478 587 1532 vItaque
618 1476 723 1518 mihi
751 1475 900 1517 videris
934 1476 1083 1517 Latine
1115 1475 1267 1516 docere
1298 1474 1487 1530 philoso-
1499 1495 1554 1528 40

49 1529 210 1586 phiam,
249 1541 292 1573 et
333 1533 371 1574 ei
410 1535 529 1589 quasi
568 1534 779 1575 civitatem
820 1533 945 1574 dare:
997 1547 1092 1588 quae
1133 1531 1304 1588 quidem
1349 1530 1488 1572 adhuc

51 1588 311 1644 peregrinari
331 1590 478 1631 Romae
500 1589 732 1640 videbatur,
754 1604 831 1631 nec
862 1590 1013 1638 offerre
1041 1603 1131 1629 sese
1154 1587 1306 1629 nostris
1328 1602 1489 1628 sermo-

52 1643 204 1699 nibus:
236 1654 273 1677 82
285 1654 328 1687 et
356 1647 438 1687 ista
470 1648 651 1688 maxime
685 1656 858 1702 propter
883 1646 1073 1687 limatam
1106 1644 1318 1701 quandam
1349 1653 1393 1685 et
1424 1658 1491 1684 re-

52 1713 163 1758 rum,
184 1711 226 1743 et
245 1703 466 1758 verborum
494 1704 759 1745 tenuitatem.
791 1703 879 1744 scio
910 1703 1022 1743 enim
1054 1716 1145 1743 esse
1175 1701 1398 1757 quosdam,
1419 1700 1491 1755 qui

51 1757 195 1811 quavis
222 1758 370 1814 lingua
399 1759 690 1816 philosophari
718 1760 894 1815 possint,
931 1759 1057 1800 nullis
1088 1767 1230 1799 tamen
1256 1756 1493 1812 partitioni·

52 1812 148 1864 bus,
181 1814 313 1869 nullis¹
340 1816 652 1864 definitionibus
691 1824 727 1848 5⁵³
741 1824 926 1867 utantur,
960 1815 1124 1871 ipsique
1160 1814 1318 1866 dicant,
1358 1828 1408 1854 ea
1448 1828 1492 1854 se

54 1869 185 1934 modo
225 1871 419 1927 probare,
461 1874 615 1929 quibus
655 1882 804 1914 natura
843 1873 973 1914 tacita
1013 1871 1279 1913 assentiatur.
1341 1871 1491 1926 Itaque

55 1933 147 1967 8411]
168 1928 293 1969 rebus
314 1929 488 1970 minime
510 1930 699 1971 obscuris
721 1945 805 1970 non
827 1930 987 1970 multus
1018 1937 1082 1970 est
1111 1927 1225 1983 apud
1254 1941 1327 1968 eos
1357 1926 1491 1968 disse-

53 1983 171 2024 rendi
191 1982 324 2026 labor.
351 1988 355 1990 ’
384 1986 529 2028 Quare
548 1987 723 2028 attendo
745 1996 787 2027 te
809 1986 1013 2035 studiose,
1034 1994 1091 2036 et,
1121 1998 1404 2041 quaecumque
1426 1998 1491 2024 re·

53 2039 133 2080 bus
159 2040 223 2091 iis,
255 2041 308 2082 de
337 2042 492 2097 quibus
523 2043 589 2084 hic
621 2058 759 2084 sermo
790 2053 868 2094 est,
899 2042 1072 2083 nomina
1100 2040 1299 2096 imponis,
1330 2055 1493 2080 memo-

53 2096 126 2138 riae
149 2098 319 2140 mando.
342 2098 448 2140 mihi
467 2100 578 2140 enim
603 2100 681 2141 erit
701 2099 850 2141 iisdem
866 2099 956 2140 istis
969 2100 1144 2140 fortasse
1155 2098 1247 2154 jam
1270 2096 1492 2138 utendum.

54 2153 295 2197 Virtutibus
317 2155 450 2211 igitur
469 2157 702 2197 rectissime
732 2156 839 2197 mihi
868 2155 1032 2205 videris,
1063 2165 1105 2196 et
1136 2154 1189 2195 ad
1217 2152 1492 2195 consuetudi-

98 2290 138 2315 80
159 2284 185 2314 si
214 2284 633 2324 turpitudinem-statuemus]
669 2284 748 2314 Haec
838 2290 876 2313 84
901 2282 929 2311 in
945 2281 1024 2311 rebus
1040 2281 1157 2311 minime
1172 2276 1494 2310 obscura‘s—disser'mdi

54 2328 159 2366 spuria
192 2335 307 2367 putam
333 2328 501 2358 Walkerus
529 2336 559 2358 et
588 2328 747 2358 Davisius.
794 2324 888 2365 labor]
903 2325 979 2355 Non
994 2325 1075 2354 bene
1099 2325 1222 2354 videtur
1235 2324 1401 2354 sententiae
1417 2332 1494 2352 con-

55 2379 132 2400 nam
147 2371 180 2401 in
194 2372 401 2411 sequentibus
419 2372 503 2401 idem
516 2371 642 2401 dicitur.
793 2369 899 2398 venire
913 2368 1040 2398 minime.
1057 2376 1132 2397 narn
1145 2367 1267 2396 videtur
1281 2367 1382 2396 dicere
1398 2365 1492 2402 velle,

99 2420 135 2443 81
162 2413 365 2452 temeritatem]
391 2415 537 2444 Davisius
562 2414 687 2453 corrigit
713 2413 751 2442 ti·
794 2421 846 2441 eos
863 2413 958 2441 etiam
976 2412 1008 2441 'm
1023 2411 1116 2440 rebus
1133 2410 1283 2439 maximis
1299 2408 1494 2448 negligenter

56 2455 229 2493 miditatem,
246 2464 282 2487 ut
301 2464 480 2497 opponatur
490 2456 682 2497 firtitudini,
706 2456 750 2486 al·
793 2455 941 2484 disserere
965 2463 1001 2485 ac
1021 2454 1190 2493 disputare.
1235 2453 1345 2491 Itaque
1367 2452 1492 2494 dudum

54 2501 111 2529 teri
128 2500 306 2534 Stoicorum
322 2501 442 2537 virtuti,
459 2507 495 2530 ut
515 2501 599 2539 apud
623 2500 750 2530 Graecos
795 2497 917 2535 conjeci
935 2497 1070 2526 maxime.
1094 2505 1149 2535 pro
1172 2495 1327 2525 disserendi
1350 2496 1420 2528 edd.
1445 2505 1491 2533 pr.

56 2539 146 2571 διιλία
159 2543 196 2582 τῇ
210 2540 331 2585 ἀνδρείᾳ.
795 2541 915 2571 habent
930 2538 1106 2569 discernendi
1119 2550 1128 2566 .·
1153 2539 1238 2577 quod
1253 2539 1397 2568 Videatur
1412 2537 1493 2566 bene

101 2592 138 2616 82
163 2593 190 2614 et
218 2586 274 2616 ista
296 2585 434 2625 maxime]
457 2586 536 2622 Mss.
567 2586 629 2616 fere
653 2586 750 2614 istam.
795 2584 964 2613 convenire
987 2582 1200 2621 superioribus
1219 2580 1307 2610 nullis
1320 2580 1493 2620 partitioni-

57 2628 133 2658 item
159 2629 228 2660 edd.
252 2640 298 2669 pr.
343 2630 403 2660 Sed
433 2638 492 2659 nec
517 2630 578 2659 hoc
605 2637 750 2658 commo·
795 2626 844 2655 bus
860 2633 981 2655 utuntur
998 2627 1058 2655 ἃς.
1103 2625 1164 2655 Sed
1182 2624 1353 2663 vulgatum
1380 2632 1492 2652 verum

57 2671 136 2702 dum
164 2681 296 2703 sensum
332 2675 415 2704 facit.
455 2672 568 2702 malim
598 2670 665 2708 illa,
695 2678 752 2700 aut
792 2676 849 2698 est.
874 2669 906 2698 in
928 2668 1022 2698 verbo
1046 2668 1216 2698 disserendi
1239 2668 1349 2697 omnia
1370 2667 1491 2700 insunt,

59 2713 152 2752 plane
166 2714 278 2746 delere.
792 2721 865 2750 quae
888 2712 996 2742 Cicero
1023 2711 1176 2742 desiderat
1203 2711 1237 2739 in
1263 2710 1329 2739 istis
1353 2708 1494 2738 homini-

104 2762 141 2786 83
165 2755 442 2797 utuntur—dicunt]
472 2756 662 2787 Consecutio
686 2766 753 2786 ora·
796 2755 868 2785 bus.

58 2800 152 2829 tionis
168 2800 303 2839 postulat
319 2800 606 2837 utantur,-—dicant.
