1778 3095
574 113 754 152 LIBER
779 113 1065 152 TERTIUS.
1457 118 1533 163 491

107 220 311 264 confuse:
341 228 391 263 ut
415 219 497 261 hoc
524 218 782 274 explicemus
811 217 891 259 hac
921 218 1219 275 disputatione,
1239 217 1356 275 quod
1384 222 1539 277 quaeri-

108 287 192 320 tur.

166 335 353 391 Optime,
374 332 507 397 inquit
523 331 666 372 Cotta.
726 331 876 386 Itaque
896 331 1094 386 quoniam
1114 340 1315 387 quattuor
1333 331 1378 372 in
1399 342 1536 387 partes
1550 345 1604 377 20

110 400 247 433 totam
277 391 553 447 quaestionem
583 386 771 437 divisisti,
791 388 844 428 de
868 388 1089 442 primaque
1110 388 1318 439 diximus3
1347 389 1540 430 conside—

110 462 251 489 remus
287 445 527 488 secundam.
569 459 663 500 quae
698 444 805 484 mihi
838 443 934 485 talis
969 445 1133 485 videtur
1168 444 1311 495 fuisse,
1347 452 1408 495 ut,
1443 459 1542 486 cum

111 504 330 545 ostendere
351 502 490 553 xelles,
512 501 655 556 quales
684 499 742 540 dii
775 509 926 565 essent,
952 499 1194 542 ostenderes
1224 501 1363 542 nullos
1392 515 1496 542 esse.
1518 517 1544 542 a

112 559 414 601 consuetudine
433 558 545 598 enim
567 557 790 598 oculorum
812 558 1000 598 animum
1021 557 1228 598 abducere
1248 557 1539 599 difficillimum

110 617 304 658 dicebas:
334 615 423 665 sed,
443 629 542 655 cum
570 614 652 654 deo
683 614 785 654 nihil
816 614 1082 668 praestantius
1112 623 1237 664 esset,
1259 628 1342 654 non
1373 614 1544 655 dubita-

110 674 199 723 bas,
221 673 320 727 quin
342 671 525 712 mundus
556 680 666 712 esset
686 670 803 721 deus,
824 679 860 702 21
877 670 991 726 quod
1022 670 1124 711 nihil
1153 671 1195 711 in
1226 685 1365 711 rerum
1396 680 1546 712 natura

111 729 260 770 melius
290 737 426 779 esset3
458 727 588 768 modo
618 741 838 782 possemus
857 742 955 768 eum
980 727 1237 768 animantem
1257 727 1461 782 cogitare,
1481 728 1544 768 vel

110 786 269 841 potius,
289 795 340 826 ut
370 794 510 825 cetera
542 784 690 834 oculis,
712 785 770 824 sic
800 784 940 824 animo
974 783 1056 824 hoc
1087 798 1269 824 cernere.
1329 784 1410 824 Sed
1444 790 1603 824 eum2l

111 842 272 883 mundo
303 856 434 897 negas
463 841 694 905 quidquam
722 854 812 881 esse
841 840 1005 891 melius,
1028 840 1129 895 quid
1160 840 1263 881 dicis
1293 840 1476 881 melius?
1511 841 1546 881 si

111 898 314 963 pulcrius,
333 898 564 939 assentior:
598 912 631 937 Sl
650 897 788 951 aptius
811 896 864 937 ad
885 897 1084 937 utilitates
1114 907 1292 947 nostras,
1311 897 1354 937 id
1363 911 1547 961 ‘quo-que

111 955 344 996 assentior:
376 955 439 994 sin
469 962 609 994 autem
640 952 682 992 id
712 952 830 1003 dicis,
852 953 955 993 nihil
975 967 1066 993 esse
1091 953 1253 993 mundo
1285 953 1544 1018 sapientius:

114 1011 232 1052 nullo
264 1010 394 1051 modo
423 1024 593 1065 prorsus
623 1009 851 1060 assentior3
882 1024 966 1050 non
997 1009 1113 1072 quod
1143 1009 1311 1050 difficile
1339 1011 1405 1060 sit,
1427 1025 1547 1051 men-

114 1075 199 1108 tem
221 1068 274 1108 ab
296 1066 429 1108 oculis
451 1080 672 1107 sevocare·
705 1066 777 1107 sed
805 1080 890 1122 quo
912 1080 1049 1121 magis
1069 1080 1136 1107 sev
1139 1080 1234 1114 oco,
1255 1080 1306 1106 eo
1326 1067 1465 1107 minus
1485 1067 1545 1118 id,

114 1124 229 1179 quod
249 1133 296 1164 tu
315 1123 388 1174 vis,
409 1138 584 1179 possum
601 1132 744 1163 mente
764 1122 1134 1178 comprehendere.
1194 1122 1317 1163 Nihil
1336 1132 1400 1163 est
1422 1138 1544 1164 mun·
1558 1118 1594 1173 9

116 1180 172 1221 (10
205 1180 354 1221 melius
386 1181 429 1220 in
461 1194 600 1220 rerum
629 1189 790 1221 natura.
849 1179 981 1221 Nem
1000 1179 1120 1219 terris
1141 1178 1311 1234 quidem
1342 1180 1446 1220 urbe
1468 1195 1547 1221 no-

115 1246 216 1278 stra.
246 1252 347 1277 num
367 1237 497 1292 igitur
515 1235 702 1277 idcirco
693 1251 735 1276 ln
755 1236 858 1277 urbe
877 1250 966 1276 esse
986 1236 1206 1285 rationem,
1226 1236 1548 1291 cogitationem,

115 1302 302 1334 mentem
321 1295 467 1349 putas?
501 1302 587 1343 aut,
608 1293 806 1348 quoniam
827 1308 910 1333 non
933 1293 999 1342 sit,
1021 1307 1120 1333 num
1143 1292 1299 1333 idcirco
1321 1293 1552 1344 existimas,

116 1350 336 1391 formicam
365 1350 699 1405 anteponendam
720 1364 810 1390 esse
828 1349 927 1390 huic
947 1348 1208 1404 pulcerrimae
1230 1349 1340 1399 urbi,
1361 1350 1517 1404 quod'
1507 1365 1552 1390 m

118 1407 224 1447 urbe
256 1422 401 1447 sensus
432 1408 484 1447 sit
514 1406 677 1470 nullus,
712 1406 754 1446 in
788 1407 966 1447 formica
999 1420 1082 1446 non
1118 1405 1246 1445 modo
1283 1420 1442 1457 sensus,
1478 1406 1553 1447 sed

118 1463 244 1503 etiam
281 1478 414 1514 mens,
446 1463 573 1512 ratio,
600 1462 833 1503 memoria?
866 1462 1021 1503 Videre
1054 1471 1238 1516 oportet,
1269 1462 1416 1513 Balbe,
1448 1463 1552 1518 quid

116 1519 196 1560 tibi
225 1519 494 1569 concedatur,
514 1534 597 1559 non
629 1528 671 1560 te
701 1519 856 1574 ipsum,
887 1518 1002 1575 quod
1033 1518 1146 1568 velis,
1177 1533 1356 1560 sumere.
1414 1520 1550 1560 Istum
1564 1530 1615 1561 22

117 1576 230 1617 enim
262 1575 405 1616 locum
438 1585 577 1616 totum
612 1575 682 1616 illa
713 1586 829 1616 vetus
864 1575 1048 1616 Zenonis
1081 1583 1118 1606 22
1133 1575 1281 1625 brevis,
1310 1586 1366 1626 et,
1397 1584 1444 1616 ut
1474 1575 1551 1617 tibi
1563 1586 1593 1615 1)·
1607 1583 1658 1610 64·

116 1632 350 1683 videbatur,
371 1643 496 1673 acuta
514 1632 730 1673 conclusio
761 1632 961 1673 dilatavit.
1020 1633 1138 1672 Zeno
1166 1631 1277 1671 enim
1298 1632 1356 1672 ita
1375 1629 1592 1673 conclu-²¹¹·

121 1688 197 1730 dit.
260 1689 378 1745 Quod
406 1688 564 1730 ratione
593 1688 739 1740 utitur,
761 1687 906 1729 melias
936 1696 1008 1739 est,
1031 1703 1154 1744 quam
1185 1687 1240 1738 id,
1263 1689 1368 1743 quod
1394 1688 1553 1729 ratione

120 1760 200 1786 non
220 1746 366 1787 utitur.
426 1745 549 1786 Nihil
578 1753 713 1786 autem
727 1720 890 1786 771ηήᾱο
916 1745 1074 1786 melias.
1105 1744 1262 1785 ratione
1283 1744 1413 1801 igitur
1432 1760 1552 1785 mun-

122 1801 196 1842 dus
216 1803 361 1843 utitur.
420 1803 519 1843 Hoc
549 1802 583 1842 si
611 1802 794 1858 placet,
779 1817 870 1858 jam
903 1802 1070 1853 efficies,
1099 1810 1146 1842 ut
1178 1803 1362 1842 mundus
1393 1802 1553 1857 optime
1567 1815 1615 1846 23

120 1857 276 1899 librum
307 1859 450 1914 legere
471 1858 673 1899 videatur.
733 1859 917 1899 Zenonis
946 1860 1059 1899 enim
1088 1858 1288 1913 vestigiis,
1310 1859 1391 1899 hoc
1422 1858 1555 1900 modo

123 1915 327 1956 rationem
362 1914 519 1970 poteris
552 1914 819 1956 concludere.
879 1915 1012 1958 Quod
1043 1915 1277 1956 litteratum
1305 1923 1383 1966 est,
1414 1915 1457 1956 id
1493 1924 1557 1956 est

124 1972 290 2022 melius,
310 1986 435 2026 quam
462 1971 578 2027 quod
609 1986 692 2012 non
722 1981 786 2013 est
811 1971 1055 2014 litteratum.
1087 1971 1192 2012 nihil
1222 1980 1363 2012 autem
1394 1972 1556 2012 mundo

123 2027 289 2069 melius.
319 2028 527 2069 litteratus
557 2029 688 2083 igitur
717 2036 781 2069 est
808 2028 1006 2070 mundus.
1067 2029 1156 2069 Isto
1185 2028 1315 2068 modo
1341 2028 1469 2069 etiam
1492 2028 1556 2069 di·

123 2094 273 2134 sertus,
292 2093 334 2124 et
355 2084 526 2140 quidem
546 2085 885 2135 mathematicus,
906 2086 1105 2134 musicus,
1125 2085 1242 2125 omni
1271 2084 1451 2141 denique
1481 2085 1557 2126 do-

124 2141 259 2181 ctrina
287 2141 490 2192 eruditus,
515 2151 733 2205 postremo
763 2141 1040 2197 philosophus
1070 2141 1149 2181 erit
1178 2141 1375 2181 mundus.
1435 2142 1557 2196 Saepe

125 2197 243 2248 dixti,
265 2197 368 2238 nihil
390 2198 476 2238 fieri
497 2213 585 2239 sine
605 2198 700 2248 deo,
721 2212 798 2239 nec
828 2198 958 2238 ullam
989 2198 1070 2238 vim
1101 2211 1192 2238 esse
1220 2206 1394 2247 naturae,
1415 2206 1462 2238 ut
1492 2197 1558 2239 sui

124 2253 342 2294 dissimilia
373 2264 517 2309 posset
546 2255 757 2310 effingere.
818 2254 1061 2295 Concedam
1097 2268 1180 2294 non
1210 2253 1341 2294 modo
1369 2254 1558 2294 animan-

126 2319 227 2361 tem,
250 2319 293 2351 et
314 2310 545 2366 sapientem
566 2325 656 2352 esse
683 2310 906 2362 mundum,
928 2310 1001 2351 sed
1031 2310 1240 2351 fidicinem
1269 2310 1411 2361 etiam,
1433 2319 1476 2351 et
1505 2310 1560 2351 ti-

125 2366 322 2418 bicinem,
345 2368 543 2423 quoniam
566 2382 711 2408 earum
732 2382 902 2423 quoque
923 2368 1076 2409 artium
1107 2367 1297 2408 homines
1319 2381 1370 2407 ex
1389 2382 1440 2408 eo
1461 2381 1560 2422 pro-

127 2432 334 2464 creantur.
392 2424 515 2466 Nihil
549 2424 682 2480 igitur
716 2424 836 2466 aflert
872 2433 992 2480 pater
1028 2424 1106 2465 iste
1143 2423 1399 2475 Stoicorum,
1432 2438 1561 2480 quare

172 2551 209 2574 91
226 2556 279 2586 quo
293 2545 509 2576 nihil—melius
522 2546 603 2586 esset]
618 2548 822 2586 Ambiguum

128 2595 186 2625 est,
218 2599 271 2629 quo
308 2595 416 2619 utrum
445 2591 484 2620 ad
522 2592 684 2621 mundum
713 2600 755 2620 an
784 2591 823 2620 ad

130 2631 240 2661 Deum
255 2631 453 2662 referendum
468 2634 516 2663 sit.
541 2635 579 2664 ad
600 2635 762 2664 mundum
779 2643 825 2663 re-

865 2556 1000 2586 eamque
1015 2547 1160 2577 vitiosam
1172 2547 1329 2586 judicant.
1344 2557 1375 2578 v.
1387 2548 1562 2586 Wopkens.

867 2590 1049 2620 Lect.Tull.
1064 2600 1095 2629 p.
1109 2598 1182 2621 210.
1204 2590 1372 2620 Walkerus
1389 2600 1466 2620 corr.
1484 2602 1563 2620 coar-

868 2633 977 2669 cta-vit,
1014 2634 1171 2663 Buherius
1206 2632 1383 2670 declaravit,
1415 2634 1563 2664 Davisius

130 2675 201 2704 ferri
229 2675 340 2703 debere
366 2674 499 2713 planum
523 2683 567 2706 est
589 2687 629 2706 ex
653 2686 696 2707 re.
720 2677 824 2715 itaque

132 2717 246 2747 melius
272 2717 376 2753 fuerit,
403 2726 479 2747 cum
503 2718 589 2749 libris
612 2726 687 2750 vett.
710 2719 824 2760 legere,

133 2759 216 2800 quod.
261 2760 312 2790 Sic
329 2767 358 2789 et
375 2759 437 2790 Ms
455 2760 561 2791 Guelf.

176 2809 214 2832 2⁵2
247 2802 274 2832 b.
305 2810 404 2832 et—a.
435 2802 571 2833 conclusio
596 2802 758 2844 dilatavit]
788 2804 826 2836 ln

131 2845 226 2875 verbo
241 2844 385 2875 dilatauit
401 2847 517 2876 haesere
541 2846 635 2877 multi
649 2848 707 2877 viri
728 2847 826 2885 docti,

867 2675 1055 2707 dilucida-vit.
1101 2677 1219 2706 Sensus
1245 2676 1388 2706 lectionis
1413 2676 1562 2715 vulgatae,

869 2728 967 2758 quarn
984 2729 1096 2749 omnes
1117 2719 1188 2749 libri
1212 2719 1342 2755 habent,
1360 2726 1459 2758 potest
1477 2728 1562 2748 esse:

869 2762 1009 2792 Zenonis
1039 2762 1129 2792 illam
1155 2761 1397 2792 conclusionem
1427 2762 1565 2791 occasio-

870 2814 947 2834 nem
970 2805 1102 2841 dedisse,
1128 2805 1188 2834 loci
1214 2803 1299 2834 illius
1323 2804 1479 2845 aperiendi
1503 2805 1565 2835 dis·

869 2847 1086 2887 putationibus
1108 2852 1310 2879 sectatorum.
