1778 3095
261 122 341 159 256
624 120 872 158 TUSCUL.
909 118 1351 157 QUAESTIONUM

255 237 396 270 natam
415 230 428 270 ?
461 244 545 269 non
567 243 727 284 quaero,
749 237 905 284 quanta
935 228 1139 269 memoria
1169 226 1407 268 Simonides
1428 226 1556 267 fuisse
1575 226 1689 268 dica-

255 295 337 336 tur,
359 294 514 341 quanta
537 285 818 335 Theodectes,
840 295 996 341 quanta
1025 285 1074 335 is,
1095 285 1166 339 qui
1195 300 1219 324 a
1251 283 1410 340 Pyrrho
1440 283 1606 338 legatus
1635 283 1690 325 ad

254 352 447 384 senatum
487 350 549 383 est
599 342 766 391 missus,
806 341 987 395 Cyneas,
1025 350 1184 397 quanta
1234 354 1364 395 nuper
1413 339 1689 390 Charmadas,

255 408 425 454 quanta,
447 399 517 454 qui
548 399 677 439 modo
713 398 806 447 fuit,
830 398 1024 452 Scepsius
1047 397 1337 445 Metrodorus,
1359 406 1515 451 quanta
1547 403 1688 436 noster

254 456 532 496 Hortensius:
562 464 574 486 1
593 455 644 495 de
666 454 881 495 communi
902 454 1122 494 hominum
1144 454 1350 494 memoria
1369 453 1535 508 loquor,
1556 462 1599 492 et
1616 466 1689 493 eo-

253 527 346 553 rum
371 512 565 561 maxime,
586 511 658 566 qui
680 512 719 551 in
741 511 884 564 aliquo
905 510 1066 565 majore
1096 510 1250 559 studio,
1273 519 1314 550 et
1335 519 1423 550 arte
1445 516 1660 549 versantur
1678 525 1688 549 z

253 583 435 624 quorum
469 576 626 622 quanta
656 581 774 607 mens
807 566 873 615 sit,
894 565 1061 606 difficile
1090 575 1152 606 est
1181 567 1445 607 existimare:
1477 566 1534 605 ita
1554 564 1690 605 multa

171 625 548 675 25me1ninerunt.
608 623 827 664 Quorsum
860 622 989 676 igitur
1020 622 1108 661 haec
1139 632 1302 676 spectat
1323 623 1485 663 oratio?
1519 636 1614 677 quae
1635 620 1689 661 sit

192 696 243 733 60
253 681 324 722 illa
343 680 415 730 vis,
436 689 479 720 et
499 678 625 729 unde,
643 678 964 733 intelligendum
985 686 1103 732 puto.
1125 692 1207 718 non
1228 688 1291 719 est
1309 689 1420 719 certe
1440 692 1516 719 nec
1534 677 1690 727 cordis,

255 752 330 777 nec
353 735 582 791 sanguinis,
605 749 680 775 nec
700 734 874 784 cerebri,
897 748 971 774 nec
993 742 1247 774 atomorum.
1278 735 1418 775 anima
1436 735 1490 776 sit
1508 734 1688 782 animus,

254 793 427 848 ignisve,
450 791 592 832 nescio
611 808 619 832 ε
653 806 728 831 nec
762 805 829 831 me
859 790 1003 845 pudet,
1025 800 1072 831 ut
1091 790 1208 841 istos,
1228 791 1349 832 fateri
1378 791 1550 841 nescire,
1572 789 1688 846 quod

255 849 451 890 nesciam.
484 847 602 897 illud,
635 847 669 888 si
700 847 784 888 ulla
816 847 896 887 alia
923 847 975 888 de
1006 861 1050 887 re
1079 847 1259 888 obscura
1279 846 1484 888 affirmare
1502 860 1687 902 possem,

128 906 337 961 p.161.sive
358 906 510 955 anima,
533 904 615 945 sive
637 904 745 959 ignis
769 903 822 946 sit
842 903 1019 953 animus,
1041 918 1137 944 eum
1162 903 1349 959 jurarem
1375 918 1464 944 esse
1485 903 1686 945 divinum.

215 972 233 992 a
257 961 373 1004 Quid
405 962 514 1002 enim
547 961 723 1001 obsecro
745 970 800 1011 te,
821 970 983 1001 terrane
1006 960 1096 1010 tibi,
1117 972 1187 1001 aut
1209 960 1292 1001 hoc
1313 960 1534 1010 nebuloso,
1555 968 1599 1000 et
1615 974 1688 1000 ca-

255 1019 439 1073 liginoso
459 1018 569 1058 coelo
589 1027 663 1058 aut
682 1027 784 1068 sata,
807 1025 879 1057 aut
899 1027 1096 1057 concreta
1115 1017 1278 1057 videtur
1307 1025 1422 1057 tanta
1442 1017 1501 1058 vis
1520 1030 1687 1056 memo-

254 1076 323 1116 riae
341 1077 354 1115 ?
388 1075 436 1125 si,
458 1074 557 1131 quid
581 1074 634 1115 sit
654 1073 750 1124 hoc,
773 1088 857 1114 non
877 1074 990 1114 vides
1010 1090 1018 1114 :
1051 1082 1107 1123 at,
1129 1074 1252 1129 quale
1272 1074 1339 1123 sit,
1359 1073 1486 1114 vides.
1518 1073 1552 1113 si
1573 1087 1624 1113 ne
1643 1071 1688 1113 id

190 1138 234 1175 61
253 1132 423 1187 quidem
444 1148 452 1172 :
504 1140 559 1181 at,
600 1140 803 1186 quantum
845 1130 912 1179 sit,
951 1129 1142 1184 profecto
1183 1129 1309 1170 vides.
1368 1129 1484 1186 Quid
1523 1129 1686 1184 igitur?

251 1198 393 1229 utrum
429 1188 704 1243 capacitatem
741 1186 925 1241 aliquam
961 1186 1002 1225 in
1040 1186 1180 1226 animo
1215 1195 1413 1240 putamus
1446 1200 1552 1235 esse,
1585 1200 1686 1241 quo,

251 1255 465 1301 tamquam
489 1245 528 1284 in
552 1243 723 1298 aliquod
752 1257 834 1292 vas,
871 1257 919 1282 ea
951 1253 1044 1296 quae
1076 1242 1360 1292 meminimus,
1381 1242 1686 1282 infundantur?

248 1302 478 1342 absurdum
510 1300 551 1340 id
582 1299 768 1355 quidem.
800 1299 873 1354 qui
902 1298 1014 1338 enim
1046 1298 1216 1348 fundus,
1237 1307 1310 1339 aut
1329 1313 1424 1354 quae
1445 1298 1538 1338 talis
1559 1297 1688 1338 animi

251 1358 383 1412 figura
403 1356 582 1411 intelligi
613 1364 753 1410 potest
772 1357 785 1395 ?
818 1364 891 1395 aut
911 1370 1006 1410 quae
1026 1364 1143 1396 tanta
1164 1355 1339 1395 omnino
1359 1354 1568 1409 capacitas
1587 1355 1601 1395 ?
1633 1362 1686 1395 an

249 1414 433 1469 imprimi
455 1413 572 1469 quasi
599 1427 755 1462 ceram,
777 1412 965 1452 animum
998 1422 1211 1466 putamus,
1241 1420 1285 1452 et
1314 1411 1565 1452 memoriam
1596 1425 1686 1451 esse

249 1470 510 1525 signatarum
543 1484 681 1510 rerum
717 1469 760 1509 in
791 1476 932 1509 mente
965 1468 1170 1523 vestigia?
1204 1483 1298 1523 quae
1330 1476 1510 1523 possunt
1536 1467 1686 1508 verbo-

249 1543 357 1576 rum,
380 1543 473 1583 quae
495 1540 635 1567 rerum
656 1526 842 1580 ipsarum
873 1539 964 1565 esse
995 1525 1167 1579 vestigia
1187 1526 1199 1565 ?
1234 1540 1327 1580 quae
1346 1539 1473 1580 porro
1495 1533 1582 1564 tam
1602 1523 1685 1565 im-

249 1599 394 1625 mensa
433 1582 699 1637 magnitudo,
740 1597 836 1637 quae
873 1581 943 1621 illa
980 1590 1067 1621 tam
1107 1581 1242 1621 multa
1281 1581 1414 1636 possit
1452 1580 1681 1635 effingere?

248 1641 365 1697 Quid
384 1642 397 1681 ?
430 1640 501 1681 illa
521 1639 593 1688 vis,
617 1654 711 1694 quae
732 1637 901 1679 tandem
923 1646 1001 1686 est,
1022 1653 1116 1692 quae
1139 1637 1361 1692 investigat
1380 1637 1562 1687 occulta,
1585 1651 1682 1693 quae

248 1697 430 1738 inventio
464 1707 592 1751 atque
627 1695 882 1749 excogitatio
916 1694 1100 1734 dicitur?
1141 1708 1191 1734 ex
1226 1693 1357 1734 hacne
1393 1694 1470 1734 tibi
1505 1702 1688 1743 terrena,

185 1756 236 1793 62
249 1754 501 1808 mortalique
534 1761 680 1792 natura
715 1763 757 1791 et
791 1750 963 1801 caduca,
996 1759 1013 1781 2
1032 1760 1229 1791 concreta
1260 1764 1309 1790 ea
1337 1749 1529 1791 videtur?
1557 1757 1573 1781 3
1591 1749 1685 1790 Aut

249 1811 320 1866 qui
353 1811 528 1865 primus,
558 1807 673 1864 quod
705 1822 882 1848 summae
914 1807 1127 1862 sapientiae
1160 1806 1413 1862 Pythagorae
1446 1806 1579 1847 visum
1605 1814 1684 1855 est,

246 1867 443 1908 omnibus
464 1866 587 1907 rebus
606 1864 812 1919 imposuit
831 1864 1029 1904 nomina?
1063 1871 1135 1903 aut
1156 1863 1228 1918 qui
1247 1862 1469 1918 dissipatos
1489 1862 1684 1903 homines

245 1922 532 1979 congregavit,
550 1931 592 1962 et
611 1921 666 1962 ad
686 1921 930 1961 societatem
950 1921 1046 1961 vitae
1067 1920 1334 1960 convocavit?
1367 1929 1441 1961 aut
1460 1918 1532 1974 qui
1550 1929 1684 1959 sonos

245 1981 374 2030 vocis,
395 1980 467 2035 qui
487 1978 637 2019 infiniti
660 1977 923 2027 videbantur,
953 1977 1097 2032 paucis
1130 1976 1363 2016 litterarum
1396 1976 1506 2016 notis
1533 1975 1681 2016 termi-

247 2036 391 2077 navit?
429 2044 502 2076 aut
534 2035 606 2091 qui
641 2034 869 2075 errantium
905 2033 1121 2074 stellarum
1156 2047 1317 2083 cursus,
1349 2032 1679 2087 4regressiones,

245 2093 481 2134 institiones
522 2091 710 2132 notavit?
756 2105 902 2131 omnes
937 2091 1108 2145 magni:
1150 2089 1278 2130 etiam
1319 2090 1566 2144 superioreS,
1607 2088 1680 2143 qui

245 2149 404 2204 fruges,
425 2148 498 2204 qui
515 2148 725 2197 vestitum,
746 2147 818 2202 qui
840 2156 963 2197 tecta,
985 2147 1056 2202 qui
1081 2146 1243 2187 cultum
1264 2145 1373 2195 vitae,
1394 2145 1466 2201 qui
1486 2145 1684 2200 praesidia·

245 2216 393 2247 contra
424 2206 530 2246 feras
562 2205 831 2245 invenerunt:
864 2219 889 2244 a
921 2204 1074 2259 quibus
1102 2202 1379 2243 mansuefacti
1403 2210 1446 2242 et
1466 2201 1636 2252 exculti,
1656 2215 1681 2241 a

245 2262 487 2304 necessariis
506 2260 689 2303 artificiis
719 2260 772 2301 ad
803 2259 1062 2316 elegantiora
1092 2259 1359 2301 defluximus.
1389 2273 1487 2299 nam
1506 2267 1550 2299 et
1567 2257 1679 2299 auri-

242 2417 313 2441 tam.
329 2412 412 2450 quod
428 2410 539 2449 recepi.
585 2409 709 2439 Vitium
725 2414 832 2438 ortum
855 2414 901 2437 est
924 2417 940 2436 e
984 2409 1096 2438 Lamb.
1119 2410 1231 2439 eodem
1255 2409 1350 2438 modo
1373 2408 1484 2446 corrigi
1499 2406 1681 2437 voluerunt.

464 2454 482 2458 ”
985 2451 1141 2482 Buherius
1165 2452 1304 2482 malebat
1326 2450 1520 2487 insecutiones,
1536 2450 1578 2480 ob
1594 2457 1682 2480 ante-

983 2495 1096 2524 cedens
1110 2495 1326 2534 progressiones,
1341 2493 1391 2523 vel
1407 2500 1442 2524 ut
1456 2493 1576 2533 placuit
1599 2502 1680 2523 non-

984 2537 1080 2567 nullis
1110 2538 1347 2572 recentioribus,
1378 2535 1571 2575 regressiones.
1601 2545 1679 2567 nam

243 2599 318 2623 vett.
333 2600 364 2623 et
379 2594 443 2624 MS.
460 2591 570 2622 Guelf.
584 2591 768 2621 recentiores
783 2589 917 2619 omnium.
982 2580 1129 2627 Davi—sm}
1145 2580 1296 2628 flumem·
1312 2581 1358 2610 SiC
1385 2580 1480 2609 edidit
1493 2590 1501 2608 ἲ
1532 2577 1683 2617 regressio-

288 2644 305 2666 ·2
323 2643 451 2664 concreta
467 2634 513 2672 ea]
532 2634 582 2663 Sc.
601 2635 645 2662 vis
663 2633 853 2663 inveniendi,
981 2633 1040 2657 Μ,
1056 2629 1225 2659 msslfm'ffl,
1242 2632 1318 2662 qma
1337 2621 1471 2662 Planetae
1494 2630 1560 2650 non
1583 2622 1680 2651 modo

286 2685 304 2709 3
322 2677 400 2717 Aut]
417 2679 478 2708 lnt.
494 2678 519 2706 is
535 2677 590 2706 tibi
604 2683 771 2706 concretus
786 2676 917 2705 videtur.
982 2666 1129 2705 progredi
1149 2665 1355 2714 etssnsjstere,
1381 2665 1435 2694 sed
1462 2664 1558 2711 etiarn
1584 2664 1679 2713 intef-

287 2729 305 2752 4
316 2720 536 2762 progressiones,
554 2717 755 2756 institutiones]
776 2718 828 2747 Sic
844 2717 938 2756 vulgo
981 2709 1060 2737 dum
1085 2709 1200 2746 sssgsedl
1224 2709 1380 2743 VldCsstUs,
1398 2707 1528 2756 unde-et
1544 2716 1576 2754 {¹1
1593 2706 1679 2737 llbsss

241 2765 364 2794 editum
381 2771 437 2794 est.
481 2763 523 2792 At
537 2762 728 2791 institutiones
740 2761 792 2791 hic
807 2770 940 2790 sensum
981 2751 1019 2780 de
1035 2751 1109 2780 Nat.
1122 2751 1163 2780 D·
1177 2751 1220 2786 11,
1236 2758 1286 2782 20.
1304 2760 1442 2791 regressus
1458 2749 1584 2779 trlbult:
1601 2759 1679 2780 eum

243 2817 309 2838 non
334 2808 462 2837 habent.
506 2806 704 2835 Camerarius
728 2805 849 2844 primus
872 2813 942 2833 cor-
982 2800 1108 2824 SeCutUS
1124 2803 1209 2824 Sum-

243 2851 324 2881 rexit
339 2850 496 2880 institiones
511 2855 606 2888 atque
622 2848 728 2878 edidit.
760 2846 939 2882 Manutius,

242 2466 433 2504 compendio
462 2471 555 2498 nram,
585 2464 670 2502 quod
701 2469 747 2493 est
772 2463 805 2491 in
833 2461 939 2491 Guelf.

242 2509 327 2546 quod
344 2516 373 2537 et
389 2515 524 2536 naturam
539 2513 571 2535 et
585 2513 684 2535 natam
701 2505 760 2544 legi
778 2511 886 2544 potest.

290 2558 302 2580 1
331 2550 365 2579 de
390 2549 528 2580 communi
551 2548 693 2577 hominum
717 2547 768 2585 nr]
796 2548 847 2577 Sic
870 2547 940 2576 edd.
