1778 3095
582 96 762 134 LIBER
793 95 1095 133 QfflNTUS„
1480 103 1555 142 227

139 214 175 241 1⁶
191 208 300 249 leves
320 215 362 249 et
380 206 607 248 imbecilles
627 205 715 245 fore
737 204 988 259 intelligant,
1020 202 1053 242 si
1082 202 1123 242 in
1157 201 1318 242 virtutis
1348 212 1558 244 certamen

134 264 332 306 venerint.
363 264 434 304 illa
462 262 588 312 enim,
608 276 701 316 quae
734 269 831 301 sunt
860 275 884 300 a
916 258 1037 308 nobis
1065 258 1177 299 bona
1202 258 1389 312 corporis
1410 274 1557 300 nume-

134 330 238 372 rata,
258 320 473 375 complent
492 332 540 358 ea
559 317 727 373 quidem
756 316 1036 357 beatissimam
1058 315 1200 365 vitam,
1221 314 1293 354 sed
1314 314 1384 363 ita,
1405 323 1452 354 ut
1472 316 1559 356 sine

134 378 216 419 illis
236 377 369 432 possit
387 376 509 415 beata
529 375 611 415 vita
629 374 818 415 existere.
843 373 901 413 ita
929 372 1040 412 enim
1061 386 1195 426 parvae
1217 379 1259 411 et
1279 370 1442 424 exiguae
1463 382 1558 412 sunt

133 434 226 474 istae
246 431 501 474 accessiones
521 430 746 481 bonorum,
769 439 830 480 ut,
851 427 1210 484 quemadmodum
1228 426 1357 467 stellae
1379 426 1421 467 in
1442 427 1558 467 radio

136 491 250 540 solis,
279 489 337 529 sic
368 487 459 528 istae
492 487 534 527 in
560 487 759 528 virtutum
795 485 1015 541 splendore
1047 500 1097 524 ne
1127 492 1351 525 cernantur
1371 482 1556 538 quidem.

134 547 279 601 Atque
308 544 405 593 hoc,
439 552 487 584 ut
517 557 609 583 vere
641 543 807 593 dicitur,
828 557 953 597 parva
983 555 1073 582 esse
1107 541 1159 582 ad
1179 541 1310 581 beate
1339 540 1557 580 vivendum
1571 552 1620 593 72

134 609 348 643 momenta
377 599 458 640 ista
487 599 674 655 corporis
706 598 1058 648 commodorum3
1090 597 1148 638 sic
1178 597 1301 637 nimis
1330 596 1559 637 violentum

133 666 210 709 est,
229 656 345 698 nulla
364 670 453 697 esse
482 656 634 697 dicere.
665 656 736 711 qui
767 656 878 696 enim
899 655 957 695 sic
977 654 1205 709 disputant,
1228 653 1348 694 obliti
1378 653 1481 693 mihi
1501 654 1560 694 vi-

133 714 296 764 dentur,
338 721 373 750 17
392 727 487 768 quae
525 713 604 768 ipsi
640 712 803 768 egerint
839 711 1043 767 principia
1080 720 1252 751 naturae.
1289 709 1559 750 tribuendum

132 771 261 826 igitur
294 778 358 810 est
386 769 451 809 his
487 769 659 825 aliquid,
679 767 928 819 dummodo,
957 776 1160 823 quantum
1191 766 1460 808 tribuendum
1491 767 1560 818 sit,

129 826 354 882 intelligas.
416 834 453 858 18
469 826 546 866 Est
564 835 704 866 tamen
723 824 981 880 philosophi,
1001 838 1085 864 non
1104 833 1189 864 tam
1208 823 1408 877 gloriosa,
1430 838 1556 879 quam
1569 847 1599 877 p.
1616 845 1686 867 142.

130 898 225 924 vera
244 883 483 938 quaerentis,
503 895 580 922 nec
607 897 684 938 pro
712 881 844 922 nihilo
863 889 1010 936 putare
1029 895 1091 931 ea,
1109 895 1203 935 quae
1233 879 1462 921 secundum
1483 895 1556 921 na·
1566 889 1596 911 3-

133 948 269 981 turam
289 940 350 980 illi
370 939 449 995 ipsi
477 939 653 994 gloriosi
683 953 773 979 esse
803 937 1056 987 fatebantur,
1078 945 1120 977 et
1137 936 1274 977 videre
1294 946 1454 977 tantam
1475 937 1557 978 vim

131 996 307 1047 virtutis,
326 1004 584 1051 tantamque,
606 1004 654 1036 ut
675 996 732 1036 ita
752 994 904 1043 dicam,
927 993 1221 1035 auctoritatem
1247 993 1493 1044 honestatis,
1513 1003 1561 1035 ut

132 1053 291 1109 reliqua
310 1067 394 1094 non
413 1052 486 1093 illa
506 1051 676 1108 quidem
699 1051 826 1102 nulla,
846 1049 919 1092 sed
938 1051 998 1091 ita
1017 1064 1140 1105 parva
1158 1050 1254 1100 sint,
1270 1059 1317 1090 ut
1337 1050 1451 1090 nulla
1470 1065 1560 1091 esse

132 1109 361 1151 videantur.
421 1110 530 1150 Haec
550 1108 615 1149 est
633 1123 707 1149 nec
737 1108 879 1150 omnia
907 1107 1139 1162 spernentis
1167 1115 1320 1161 praeter
1348 1107 1560 1158 virtutem,

132 1175 176 1207 et
192 1167 388 1207 virtutem
408 1166 541 1221 ipsam
562 1166 645 1206 suis
667 1165 861 1206 laudibus
881 1163 1172 1219 amplificantis
1199 1163 1348 1204 oratio.
1379 1163 1559 1219 denique

134 1223 224 1263 haec
245 1232 308 1263 est
327 1222 510 1277 undique
531 1222 742 1277 completa
762 1229 804 1261 et
824 1221 1007 1275 perfecta
1026 1219 1249 1275 explicatio
1269 1220 1422 1260 summi
1441 1220 1558 1261 boni.

134 1278 231 1320 hinc
261 1279 389 1320 ceteri
423 1278 646 1333 particulas
677 1277 859 1332 arripere
889 1277 1043 1326 eonati,
1074 1291 1192 1317 suam
1225 1276 1402 1331 quisque
1432 1276 1560 1318 videri

133 1336 264 1376 voluit
292 1336 438 1376 afferre
468 1334 730 1375 sententiam.
790 1334 911 1388 Saepe
932 1333 985 1374 ab
1005 1331 1251 1382 Aristotele,
1271 1347 1295 1372 a
1313 1333 1561 1388 Theophra·
1574 1331 1642 1379 (25

134 1402 200 1432 sto
233 1391 478 1432 mirabiliter
510 1399 574 1431 est
604 1390 772 1431 laudata
803 1404 877 1445 per
908 1403 950 1429 se
980 1389 1069 1444 ipsa
1098 1403 1238 1430 rerum
1259 1389 1445 1430 scientia.
1476 1389 1559 1430 hoe
1571 1406 1620 1446 73

132 1462 218 1489 uno
240 1456 387 1502 captus
407 1447 610 1497 Herillus,
631 1447 847 1487 scientiam
880 1460 1093 1486 summum
1124 1446 1284 1485 bonurn
1305 1460 1394 1486 esse
1414 1445 1558 1487 defen-

133 1505 208 1554 dit,
232 1518 306 1544 neo
339 1518 427 1544 rem
462 1503 592 1543 ullam
626 1503 751 1542 aliam
780 1517 855 1557 per
885 1516 929 1542 se
953 1502 1243 1556 expetendam.
1303 1503 1446 1542 Multa
1466 1512 1563 1544 sunt

133 1560 243 1601 dicta
265 1561 318 1600 ab
338 1560 518 1615 antiquis
540 1560 591 1599 de
612 1557 928 1599 contemnendis
959 1572 1007 1598 ac
1038 1556 1314 1612 despiciendis
1336 1559 1459 1598 rebus
1481 1558 1561 1599 hu-

132 1617 280 1658 manis.
311 1616 394 1657 hoc
415 1631 545 1657 unum
571 1615 716 1655 Aristo
747 1615 895 1655 tenuit.
926 1623 1077 1669 praeter
1097 1614 1206 1664 vitia,
1227 1622 1353 1669 atque
1374 1615 1562 1667 virtutes,

133 1672 298 1728 negavit
333 1687 421 1713 rem
457 1686 546 1713 esse
586 1672 716 1712 ullam
754 1680 826 1712 aut
865 1670 1123 1725 fugiendam,
1160 1678 1233 1711 aut
1270 1671 1559 1726 expetendam.

134 1730 321 1770 Positum
353 1738 416 1769 est
447 1743 471 1769 a
501 1728 653 1769 nostris
685 1728 727 1768 in
759 1729 807 1768 iis
838 1728 977 1778 rebus,
998 1742 1091 1782 quae
1119 1726 1349 1768 secundum
1369 1735 1561 1769 naturam

131 1796 282 1835 essent,
303 1801 387 1825 non
408 1785 565 1826 dolere.
624 1786 722 1825 Hoc
743 1784 1032 1840 Hieronymus
1055 1798 1269 1825 summum
1288 1784 1449 1825 bonum
1470 1799 1562 1825 esse

134 1842 250 1882 dixit.
308 1843 370 1882 At
396 1856 492 1882 vero
515 1840 728 1895 Callipho,
748 1850 790 1881 et
820 1849 918 1896 post
948 1855 1044 1881 eum
1077 1840 1308 1891 Diodorus,
1328 1855 1426 1881 cum
1457 1841 1564 1882 alter

132 1898 389 1953 voluptatem
431 1898 717 1948 adamavisset,
756 1896 860 1938 alter
894 1898 1146 1938 vacuitatem
1185 1896 1342 1938 doloris
1360 1913 1372 1947 ;
1417 1907 1564 1939 neuter

134 1955 353 1994 honestate
379 1969 521 1995 carere
551 1953 706 2008 potuit,
728 1969 821 2009 quae
852 1962 915 1994 est
944 1968 969 1994 a
999 1955 1150 1994 nostris
1173 1953 1344 1995 laudata
1364 1955 1559 1995 maxime.

132 2011 375 2067 Quinetiam
405 2011 485 2065 ipsi
514 2010 733 2065 voluptarii
755 2019 792 2044 19
808 2010 1062 2050 deverticula
1089 2019 1297 2066 quaerunt,
1317 2019 1360 2051 et
1387 2011 1559 2052 virtutes
1571 2024 1622 2065 74

133 2067 289 2107 habent
322 2067 364 2107 in
401 2082 473 2107 ore
510 2076 624 2107 totos
663 2066 765 2117 dies,
800 2067 1144 2122 voluptatemque
1182 2068 1318 2122 primo
1359 2067 1563 2109 duntaxat
1670 2072 1674 2075 '

133 2124 268 2177 expeti
295 2122 468 2164 dicunt:
500 2123 650 2164 deinde
680 2123 997 2173 consuetudine,
1018 2124 1137 2178 quasi
1166 2124 1340 2165 alteram
1370 2132 1563 2165 naturam

133 2180 252 2229 effici,
286 2188 325 2211 ‘20
342 2195 426 2235 qua
455 2179 625 2235 impulsi
658 2179 793 2220 multa
822 2179 976 2220 faciant
1004 2179 1163 2220 nullam
1191 2189 1425 2235 quaerentes
1443 2180 1562 2221 volu-

133 2245 308 2291 ptatem.
367 2236 499 2276 Stoici
518 2245 688 2277 restant.
719 2235 762 2276 hi
793 2235 965 2291 quidem
995 2250 1080 2276 non
1111 2250 1240 2277 unam
1270 2236 1468 2292 aliquam,
1491 2246 1564 2278 aut

133 2293 305 2333 alteram
343 2307 367 2333 a
401 2293 536 2343 nobis,
572 2293 645 2333 sed
685 2301 818 2333 totam
855 2291 910 2332 ad
945 2306 988 2332 se
1027 2300 1213 2333 nostram
1250 2292 1561 2347 philosophiam

133 2349 448 2390 transtulerunt.
480 2359 622 2405 atque,
655 2358 703 2390 ut
734 2348 884 2404 reliqui
916 2348 1043 2399 fures,
1064 2357 1101 2380 21
1121 2363 1264 2390 earum
1286 2363 1439 2400 rerum,
1459 2363 1561 2405 quas
1572 2361 1605 2391 b.

181 2490 218 2514 16
243 2484 319 2514 leves
350 2490 377 2513 et
402 2482 569 2524 imbecilles]
602 2485 653 2516 Sic
683 2485 752 2515 edd.
779 2495 826 2525 pr.
870 2484 945 2514 enim
960 2494 1038 2515 cum
1054 2485 1193 2514 Davisio.

135 2529 221 2566 quod
246 2528 358 2557 melius
383 2536 482 2566 quam
507 2528 658 2557 imbecillos
674 2529 759 2567 quod
782 2535 828 2558 est
917 2535 954 2560 19
979 2525 1335 2569 deverticulaquaerant]
1366 2534 1499 2568 quaerunt
1522 2527 1565 2557 le-

138 2572 168 2600 in
185 2571 253 2600 edd.
271 2570 504 2600 recentioribus.
871 2571 1013 2609 gendum
1036 2577 1094 2607 est,
1112 2577 1147 2600 ut
1169 2578 1200 2600 et
1223 2570 1286 2599 Ms.
1304 2570 1426 2600 Balliol.
1444 2571 1567 2602 habuit.

182 2620 216 2647 17
243 2624 306 2654 quae
331 2613 385 2652 ipsi
410 2613 518 2652 egerin!
529 2619 561 2652 p.
579 2611 623 2650 n.]
649 2613 760 2652 egerint
782 2614 829 2642 vi·
871 2615 924 2643 sed
952 2616 995 2642 ita
1016 2620 1047 2642 et
1070 2613 1232 2652 sequentia
1255 2613 1350 2642 verba
1371 2613 1566 2651 corrigenda,

139 2656 255 2684 tiosum
272 2657 408 2685 fatentur
420 2665 544 2685 omnes.
560 2655 746 2696 aliifecerint
762 2665 830 2686 cor·
872 2663 940 2692 aut,
957 2662 993 2686 ut
1008 2656 1110 2695 placet
1125 2656 1266 2692 Davisio,
1284 2665 1339 2694 pro
1354 2662 1381 2684 et
1396 2655 1568 2694 legendum

140 2698 254 2734 figunt,
279 2705 313 2728 ut
337 2698 524 2735 Lambinus,
546 2698 599 2727 alii
623 2697 771 2738 elegerint,
795 2706 831 2728 ut
874 2705 917 2728 ut.

141 2739 305 2776 Gruterus,
322 2740 374 2770 alii
391 2740 490 2770 aliter.
917 2749 958 2772 ‘20
985 2751 1042 2782 qua
1067 2739 1184 2780 impulsi
1208 2739 1301 2769 multa
1316 2738 1456 2780 faciant]
1483 2739 1570 2769 Male

186 2788 221 2810 18
247 2783 301 2811 Est
327 2789 421 2811 tamen
442 2782 616 2822 philosoph]
646 2790 740 2812 tamen
766 2794 834 2814 non
875 2784 993 2822 vulgati
1000 2784 1136 2824 faciunt.

143 2825 288 2853 convenit
311 2826 453 2855 orationi.
499 2826 683 2863 Legendum
712 2827 833 2856 videtur
919 2834 957 2856 21
987 2838 1084 2856 earum
1113 2836 1220 2862 rerum,
1247 2836 1319 2866 quas
1345 2821 1490 2863 ceperunt]
1518 2823 1570 2853 Sic

869 2880 947 2910 022
