1778 3095
506 36 508 38 ’
551 43 757 92 ῚΛΒΕΒ
785 53 1084 92 QUINTUS.
1463 56 1542 104 369

113 159 329 215 importat,
359 160 431 216 qui
462 158 505 200 in
534 158 765 214 sapientem
798 166 939 213 potest
967 156 1188 201 incurrere.
1217 165 1262 197 at
1290 157 1325 198 si
1354 173 1403 199 ea
1430 160 1542 202 mala

115 225 228 268 sunt,
250 217 343 272 quis
371 224 512 271 potest
541 223 752 270 praestare,
778 214 1009 269 sapientem
1040 226 1204 267 semper
1234 213 1406 255 beatum
1436 217 1539 268 fore,

112 287 211 314 cum
232 273 295 314 vel
315 273 356 313 in
377 271 572 313 omnibus
594 270 658 312 his
682 285 766 311 uno
795 278 986 326 tempore
1015 283 1104 310 esse
1132 269 1296 323 possit?
1328 271 1430 311 Non
1462 272 1604 327 igi-30

114 338 183 370 tur
216 329 337 370 facile
366 326 568 378 concedo,
601 341 736 383 neque
767 327 901 368 Bruto
932 340 1042 376 meo,
1077 339 1210 380 neque
1243 328 1540 369 communibus

113 385 339 441 magistris,
359 398 494 439 neque
513 384 721 425 veteribus
747 383 842 433 illis,
864 381 1098 432 Aristoteli,
1122 382 1372 438 Speusippo,
1395 384 1541 424 Xeno-

112 442 231 492 crati,
254 440 484 491 Polemoni,
506 449 554 481 ut
586 455 684 480 cum
714 454 777 491 ea,
808 455 901 495 quae
933 454 1058 493 supra
1086 441 1338 489 enumeravi,
1360 441 1401 480 in
1422 441 1542 481 malis

111 504 344 546 numerent,
384 496 510 537 iidem
551 497 706 547 dicant,
745 510 908 551 semper
946 496 1117 536 beatum
1165 509 1255 535 esse
1295 496 1540 551 sapientem.

111 553 225 610 quod
255 553 290 593 si
324 552 471 594 titulus
505 553 573 593 hic
607 552 788 594 delectat
817 553 992 608 insignis
1023 561 1065 592 et
1094 551 1254 606 pulcer,
1285 552 1541 609 Pythagora,

110 611 296 658 Socrate,
333 609 505 650 Platone
535 610 820 665 dignissimus,
857 609 1057 649 inducant
1089 608 1292 658 animum,
1324 608 1407 659 illa,
1433 626 1540 666 quo-

109 680 202 706 rum
234 665 456 720 splendore
485 667 721 721 capiuntur,
742 667 860 715 vires,
880 665 1165 715 valitudinem,
1197 664 1541 720 pulcritudinem,

106 721 284 773 divitias,
307 721 501 774 honores,
523 737 624 778 opes
654 732 937 773 contemnere,
959 736 1105 777 eaque,
1126 737 1219 777 quae
1242 722 1305 762 his
1335 723 1542 764 contraria

107 778 204 829 sint,
224 792 301 833 pro
334 778 464 821 nihilo
495 779 674 820 ducere:
705 789 794 822 tum
826 788 1025 833 poterunt
1043 778 1271 819 clarissima
1293 793 1393 820 voce
1412 780 1539 835 profi-

107 834 200 885 teri,
231 849 275 876 se
310 850 445 892 neque
479 835 659 877 fortunae
693 836 870 891 impetu,
903 849 979 875 nec
1016 834 1296 875 multitudinis
1327 836 1539 891 opinione,

108 905 185 932 nec
206 891 366 944 dolore,
388 906 525 948 neque
555 901 803 948 paupertate
832 891 989 942 terreri,
1011 891 1236 947 omniaque
1267 892 1346 933 sibi
1376 892 1417 933 in
1449 908 1539 935 sese
1551 905 1581 936 b.

106 961 199 988 esse
232 949 385 1004 posita,
417 963 554 1005 neque
585 963 675 990 esse
704 949 936 1005 quidquam
969 957 1085 988 extra
1122 963 1240 989 suam
1271 957 1538 1003 potestatem,

106 1003 222 1060 quod
252 1005 408 1046 ducant
438 1005 481 1046 in
510 1005 645 1047 bonis.
704 1014 744 1037 ²32
760 1007 960 1061 Namque
989 1014 1033 1045 et
1061 1004 1151 1045 haec
1173 1004 1305 1059 loqui,
1326 1020 1419 1061 quae
1443 1015 1598 1051 suntsi

106 1061 252 1117 magni
271 1061 492 1118 cujusdam
514 1070 557 1103 et
576 1063 650 1103 alti
671 1063 758 1112 viri,
781 1070 823 1103 et
849 1061 1013 1111 eadem,
1033 1075 1129 1117 quae
1159 1061 1323 1116 vulgus,
1346 1063 1387 1102 in
1418 1063 1540 1104 malis

105 1125 149 1158 et
178 1117 302 1159 bonis
333 1133 566 1170 numerare,
587 1119 762 1160 concedi
793 1119 911 1159 nullo
941 1117 1072 1159 modo
1106 1126 1270 1173 potest:
1303 1133 1386 1174 qua
1403 1119 1540 1175 gloria

104 1183 349 1216 commotus
371 1176 577 1231 Epicurus
597 1177 796 1227 exoritur,
816 1175 884 1216 cui
910 1175 1052 1224 etiam,
1073 1174 1107 1215 si
1136 1174 1213 1215 diis
1243 1175 1394 1230 placet,
1426 1176 1540 1217 vide-

104 1238 175 1271 tur
204 1245 371 1287 semper
401 1232 563 1288 sapiens
593 1232 756 1272 beatus.
817 1231 902 1272 Hic
932 1231 1139 1286 dignitate
1166 1230 1290 1286 hujus
1322 1232 1539 1274 sententiae

104 1286 284 1341 capitur.
314 1288 389 1329 sed
415 1303 646 1344 numquam
667 1289 709 1329 id
730 1289 902 1338 diceret,
921 1288 955 1329 si
972 1289 1062 1342 ipse
1083 1301 1127 1327 se
1148 1288 1324 1329 audiret.
1355 1289 1457 1344 quid
1476 1299 1540 1330 est

102 1343 231 1395 enim,
252 1344 369 1400 quod
389 1345 527 1386 minus
552 1345 784 1395 conveniat,
807 1359 933 1400 quam
964 1353 1012 1385 ut
1041 1344 1089 1394 is,
1112 1344 1185 1399 qui
1213 1343 1278 1385 vel
1308 1360 1538 1398 summum,

104 1399 169 1440 vel
199 1401 337 1442 solum
367 1402 526 1442 malum
556 1401 748 1442 dolorem
781 1416 870 1441 esse
903 1401 1030 1448 dicat,
1056 1400 1168 1441 idem
1196 1410 1377 1454 censeat,
1403 1402 1538 1458 Quam

104 1455 177 1497 lzoc
203 1470 326 1498 suave
358 1465 418 1498 est
447 1467 552 1507 tum,
575 1473 673 1499 cum
706 1457 850 1498 dolore
883 1457 1106 1507 crucietur,
1127 1457 1339 1498 dicturum
1360 1473 1449 1500 esse
1471 1474 1537 1500 sa-

103 1512 288 1567 pientem
308 1515 320 1554 ?
352 1515 455 1554 Non
476 1515 607 1569 igitur
628 1522 667 1546 33
686 1528 736 1554 ex
764 1513 941 1569 singulis
972 1513 1145 1554 vocibus
1179 1513 1420 1570 philosophi
1442 1530 1536 1572 spe-

103 1569 248 1610 ctandi
269 1579 380 1620 sunt,
403 1570 475 1611 sed
495 1585 545 1611 ex
559 1571 842 1626 perpetuitate
863 1579 990 1625 atque
1010 1569 1260 1611 constantia.

157 1626 214 1667 A.
234 1626 426 1668 Adducis
458 1642 541 1678 me,
562 1636 610 1668 ut
640 1627 717 1668 tibi
750 1627 962 1667 assentiar.
1022 1626 1106 1667 Sed
1135 1635 1209 1667 tua
1227 1641 1410 1683 quoque,
1430 1626 1535 1678 vide,
1555 1633 1616 1680 11

102 1696 154 1722 ne
193 1682 453 1725 desideretur
490 1684 739 1725 constantia.
799 1684 865 1723 M.
903 1684 1103 1725 Quonam
1139 1683 1298 1724 modo?
1330 1684 1386 1724 A.
1422 1683 1598 1739 Quia32

100 1737 188 1794 legi
208 1749 330 1781 tuum
351 1755 484 1796 nuper
509 1749 704 1796 quartum
731 1740 783 1782 de
817 1740 1002 1781 Finibus.
1063 1740 1112 1780 In
1132 1754 1182 1780 eo
1203 1739 1309 1780 mihi
1327 1740 1535 1792 videbare,

100 1805 250 1837 contra
270 1796 478 1837 Catonem
508 1797 728 1847 disserens,
750 1797 831 1837 hoc
850 1797 952 1837 velle
981 1795 1218 1847 ostendere,
1240 1804 1280 1828 34
1295 1797 1410 1852 quod
1431 1797 1536 1839 mihi

100 1851 272 1907 quidem
292 1854 509 1908 probatur,
529 1854 637 1894 inter
665 1855 880 1894 Zenonem
911 1863 954 1894 et
986 1853 1281 1909 Peripateticos
1302 1853 1407 1894 nihil
1426 1868 1535 1910 prae-

101 1917 167 1948 ter
186 1910 408 1950 verborum
429 1911 657 1951 novitatem
678 1911 890 1951 interesse.
949 1910 1078 1966 Quod
1109 1910 1143 1950 si
1173 1910 1232 1950 ita
1251 1919 1328 1961 est,
1351 1911 1451 1966 quid
1472 1918 1536 1952 est

101 1978 254 2016 causae,
281 1967 396 2021 quin,
428 1966 462 2007 si
495 1966 680 2006 Zenonis
705 1967 856 2007 rationi
886 1976 1216 2008 consentaneum
1238 1967 1304 2018 sit,
1327 1967 1426 2008 satis
1445 1982 1536 2008 ma-

100 2035 231 2076 gnam
254 2022 336 2062 vim
356 2022 398 2063 in
420 2023 571 2063 virtute
590 2037 679 2063 esse
698 2023 752 2063 ad
774 2024 895 2063 beate
915 2022 1150 2074 vivendum,
1170 2023 1294 2065 liceat
1322 2023 1432 2065 idem
1456 2025 1533 2065 Pe-

98 2078 325 2132 ripateticis
355 2078 521 2119 dicere?
554 2094 643 2120 rem
676 2079 787 2120 enirn
820 2080 969 2134 opinor
1000 2080 1178 2135 spectari
1209 2090 1418 2135 oportere,
1447 2095 1532 2122 non

100 2135 237 2175 verba.
298 2135 363 2175 M.
384 2136 450 2176 Tu
469 2135 640 2191 quidem
665 2143 704 2168 3⁵
715 2135 878 2176 tabellis
909 2136 1143 2191 obsignatis
1172 2136 1264 2191 agis
1285 2152 1471 2187 mecum,
1488 2145 1532 2178 et
1542 2149 1592 2182 33

98 2191 346 2242 testificaris,
381 2192 482 2247 quid
516 2191 692 2232 dixerim
722 2192 965 2247 aliquando,
1000 2202 1075 2233 aut
1104 2192 1355 2247 scripserim.
1416 2193 1528 2234 Cum

98 2245 189 2288 aliis
219 2247 301 2289 isto
328 2248 473 2299 modo,
495 2255 534 2280 36
551 2248 623 2304 qui
652 2248 818 2304 legibus
850 2248 1057 2303 impositis
1085 2248 1316 2304 disputant.
1373 2251 1468 2291 Nos
1485 2250 1658 2329 ⁵”{·²³⁵·

139 2369 179 2393 ³2
197 2363 331 2405 Namque
343 2370 370 2392 et
385 2363 446 2392 haec
460 2362 603 2392 I.—nullo
623 2374 661 2392 m.
681 2361 790 2402 potest]
835 2363 929 2392 tuitas
944 2369 975 2391 et
990 2363 1178 2394 constantia.

99 2405 151 2435 Sic
179 2407 290 2445 corrigi
317 2406 417 2436 voluit
447 2406 606 2442 Davisius,
636 2412 668 2435 et
697 2405 793 2435 habet
879 2412 919 2435 34
936 2405 1013 2446 quod
1032 2405 1103 2434 mihi
1124 2406 1238 2447 quidem
1256 2406 1409 2446 probatur]
1436 2408 1533 2439 Davi-

100 2448 163 2478 Ms.
189 2458 252 2487 reg.
281 2449 348 2479 Par.
374 2451 479 2488 itaque
505 2459 582 2480 cum
610 2449 793 2479 Alemanno
833 2448 898 2478 sius
914 2448 1009 2478 edidit
1021 2448 1153 2488 probare.
1198 2449 1330 2481 Videtur
1351 2451 1461 2482 addere
1476 2461 1532 2483 vo-

96 2492 190 2522 edidi.
235 2491 319 2522 Nam
347 2493 443 2524 habet
466 2494 562 2522 etiarn
593 2492 657 2522 Ms.
683 2491 791 2521 Guelf.
836 2491 931 2521 luisse
953 2490 1063 2520 videris
1077 2502 1087 2519 .·
1110 2498 1140 2521 et
1158 2493 1204 2522 sic
1226 2499 1273 2522 est
1292 2494 1325 2524 in
1341 2492 1405 2524 Ms.
1422 2494 1531 2526 Guelf.

97 2535 153 2572 qui
169 2541 199 2564 et
215 2535 247 2564 in
263 2535 328 2564 fine
343 2535 439 2565 habet
452 2535 530 2565 nullo
542 2547 580 2565 m.
593 2545 649 2575 pro
663 2534 793 2574 vulgato
836 2543 895 2564 nec
912 2535 941 2564 id
957 2533 1110 2573 displicet.

100 2576 157 2606 ullo
173 2589 212 2607 m.
878 2583 917 2608 35
935 2575 1047 2606 tabellis
1063 2576 1233 2618 obsignatis]
1247 2578 1332 2609 Alibi
1346 2578 1432 2617 dicit,
1445 2579 1531 2610 velut

143 2626 181 2650 33
209 2631 246 2649 ex
271 2618 393 2658 singulis
417 2618 550 2661 vocibus]
579 2620 641 2650 Int.
665 2626 792 2650 senten·
835 2632 849 2648 e
864 2620 1036 2660 syngrapha.
1052 2629 1084 2650 v.
1099 2619 1188 2650 Clav.

98 2661 159 2691 tiis.
183 2672 248 2692 non
275 2663 449 2692 videndum
474 2668 532 2698 est,
553 2671 595 2693 an
617 2662 742 2702 pulcras
762 2670 793 2692 et
878 2667 918 2693 36
935 2663 986 2703 qui
1002 2661 1110 2701 legibus
1124 2662 1263 2703 impositis
1284 2662 1446 2703 disputant]
1465 2666 1486 2695 i.
1500 2675 1529 2695 e.

99 2714 263 2742 generosas
277 2706 447 2735 sententias
462 2705 620 2744 proferant
633 2707 672 2736 de
683 2707 791 2744 singu·
834 2707 889 2744 qui
905 2711 998 2736 cettae
1020 2711 1052 2735 et
1075 2706 1172 2736 unius
1191 2712 1285 2736 sectae
1299 2708 1461 2737 sententiis
1477 2708 1529 2737 ad-

100 2747 137 2776 lis
159 2748 269 2777 rebus:
293 2749 345 2777 sed
373 2758 413 2777 an
434 2757 480 2777 eae
504 2748 583 2778 inter
604 2758 637 2779 se
659 2755 690 2779 et
713 2757 791 2779 cum
834 2749 931 2778 stricti
953 2749 1030 2785 sint,
1057 2756 1076 2777 a
1100 2750 1217 2788 quibu·
1243 2758 1309 2780 non
1333 2750 1406 2780 iicet
1431 2749 1528 2780 diece-

98 2790 257 2829 principiis
277 2791 496 2820 consentiant:
519 2800 592 2830 quae
614 2798 661 2821 est
685 2801 792 2831 perpe·
834 2791 917 2820 dere.

155 2844 269 2873 vor„
293 2845 363 2874 1v.
385 2845 425 2873 P.
445 2845 478 2873 1.
872 2844 898 2872 Β
921 2832 950 2872 b
