1768 3095
563 131 742 169 LIBER
779 126 1124 167 SECUNDUS.
1502 136 1575 177 119

140 240 268 293 ciant,
299 240 506 296 intelligo.
536 235 656 295 quasi
686 238 799 279 enim
830 237 1055 278 emendum
1085 236 1144 277 eis
1175 235 1242 284 sit,
1268 236 1384 290 quod
1417 236 1575 279 addant

137 298 192 339 ad
212 298 422 348 virtutem,
443 296 628 352 primum
649 295 867 336 vilissimas
897 308 961 334 res
991 293 1180 334 addunt:
1212 291 1365 332 deinde
1387 293 1573 348 singulas

138 354 297 410 potius,
318 368 443 410 quam
465 353 607 393 omnia
626 367 720 408 quae
750 351 885 407 prima
916 358 1066 391 natura
1093 348 1483 405 approbavisset,.78
1506 351 1573 405 [ea

136 425 233 452 cum
272 411 486 465 voluptate
525 408 868 464 conjungerent]
941 408 1050 463 Quae
1091 414 1130 442 79
1148 420 1246 447 cum
1284 404 1490 456 Aristoni,
1529 415 1571 448 et
1582 419 1631 451 43

140 467 344 523 Pyrrhoni
365 466 538 506 omnino
560 465 644 506 visa
664 473 763 505 sunt
781 479 858 519 pro
880 463 1027 513 nihilo,
1049 472 1095 504 ut
1115 463 1223 503 inter
1243 461 1404 517 optime
1421 462 1571 513 valere,

136 532 179 564 et
197 522 439 578 gravissime
461 531 681 577 aegrotare,
702 521 806 562 nihil
823 535 995 576 prorsus
1015 519 1203 560 dicerent
1222 518 1436 569 interesse,
1458 527 1571 560 recte

126 578 217 635 jam
250 578 412 633 pridem
444 587 591 619 contra
619 592 690 618 eos
720 578 901 619 desitum
925 586 990 618 est
1008 575 1228 631 disputari.
1260 575 1361 615 dum
1393 575 1503 616 enim
1527 576 1569 617 in

132 649 215 676 una
230 635 379 675 virtute
400 634 458 676 sic
479 635 622 676 omnia
638 649 728 675 esse
746 635 982 684 voluerunt,
998 642 1047 674 ut
1063 648 1157 673 eam
1178 646 1318 673 rerum
1341 631 1569 673 selectione

129 691 433 746 exspoliarent:
467 706 542 732 nec
578 691 616 732 ei
648 691 896 746 quidquam,
931 699 1006 731 aut
1037 689 1148 730 unde
1181 689 1375 739 oriretur,
1405 688 1567 741 darent,

128 758 202 788 aut
218 748 292 788 ubi
313 748 517 789 niteretur
536 764 545 788 ε
575 748 770 788 virtutem
791 748 941 802 ipsam,
962 761 1089 802 quam
1111 745 1473 801 amplexabantur,
1496 761 1567 787 su-

126 804 347 845 stulerunt.
417 803 605 845 Herillus
643 814 785 845 autem
822 804 874 844 ad
915 803 1132 844 scientiam
1170 802 1314 843 omnia
1351 816 1565 854 revocans,

127 874 258 900 unum
295 861 510 916 quoddam
541 861 702 901 bonum
739 860 866 901 vidit:
898 860 972 901 sed
1005 874 1080 901 nec
1114 859 1341 915 optimum,
1370 873 1446 900 nec
1480 874 1565 915 quo

125 915 208 957 vita
236 918 463 973 gubernari
493 918 642 973 possit.
672 918 813 973 itaque
845 917 913 958 hic
947 917 1036 972 ipse
1061 916 1152 973 jam
1184 915 1346 971 pridem
1368 924 1431 956 est
1456 916 1565 972 reje-

125 981 231 1014 ctus.
271 982 310 1006 80
326 984 424 1030 post
457 975 568 1015 enim
607 973 896 1031 Chrysippum
933 988 1018 1014 non
1053 987 1151 1013 sane
1186 982 1251 1013 est
1285 972 1562 1027 disputatum.

125 1030 307 1072 Restatis
342 1031 474 1087 igitur
509 1046 596 1072 vos.
629 1045 726 1071 narn
760 1045 858 1071 cum
893 1029 1162 1071 Academicis
1194 1029 1353 1069 incerta
1385 1029 1561 1072 luctatio
1580 1037 1647 1085 14

123 1095 213 1128 est:
246 1088 318 1143 qui
335 1088 439 1129 nihil
459 1088 680 1139 affirmant,
702 1097 758 1138 et,
781 1087 899 1143 quasi
930 1086 1151 1142 desperata
1174 1085 1421 1141 cognitione
1441 1087 1561 1138 certi,

121 1142 165 1183 id
186 1145 305 1199 sequi
326 1144 485 1196 volunt,
502 1144 802 1200 quodcumque
818 1143 1040 1185 verisimile
1061 1142 1262 1183 videatur.
1324 1141 1437 1183 Cum
1457 1144 1561 1198 Epi-
1572 1151 1624 1185 44

120 1214 224 1240 curo
255 1209 397 1242 autern
430 1201 512 1242 hoc
541 1210 606 1242 est
638 1201 732 1256 plus
760 1201 935 1256 negotii,
955 1199 1071 1255 quod
1090 1213 1113 1240 e
1133 1198 1292 1254 duplici
1312 1213 1467 1254 genere
1488 1214 1562 1241 vo-

121 1254 295 1311 luptatis
327 1258 580 1313 conjunctus
609 1267 698 1298 est:
731 1257 930 1313 quodque
958 1267 1002 1297 et
1032 1257 1135 1311 ipse,
1167 1265 1211 1296 et
1241 1255 1366 1296 amici
1391 1255 1498 1311 ejus,
1519 1265 1564 1298 et

121 1313 244 1353 multi
275 1322 437 1368 postea,
467 1313 706 1354 defensores
742 1315 832 1370 ejus
869 1314 1087 1353 sententiae
1120 1312 1318 1353 fuerunt:
1350 1321 1393 1353 et
1419 1313 1562 1354 nescio

120 1370 338 1423 quomodo
374 1370 423 1421 is,
458 1370 529 1426 qui
564 1370 860 1411 auctoritatem
900 1369 1119 1409 minimam
1153 1368 1296 1418 habet,
1332 1369 1561 1411 maximam

119 1424 200 1464 vim
222 1426 404 1480 populus
425 1441 522 1467 cum
553 1426 633 1467 illis
664 1427 777 1468 facit.
810 1440 916 1481 quos
947 1425 1024 1466 nisi
1056 1424 1289 1479 arguimus,
1320 1426 1457 1466 omnis
1478 1427 1560 1467 vir-

117 1489 200 1531 tus,
220 1495 348 1522 omne
369 1482 510 1533 decus,
533 1483 670 1523 omnis
691 1497 786 1523 vera
804 1482 895 1523 laus
920 1481 1149 1523 deserenda
1168 1489 1246 1522 est.
1308 1482 1374 1522 Ita
1392 1490 1557 1524 cetero·
1569 1500 1599 1531 p.
1615 1498 1665 1528 74.

116 1551 209 1577 rum
231 1538 447 1580 sententiis
467 1540 655 1589 semotis,
677 1539 926 1594 relinquitur
957 1553 1041 1579 non
1071 1537 1176 1578 mihi
1206 1552 1303 1578 cum
1321 1539 1554 1594 Torquato,
1565 1544 1596 1566 a.

116 1593 189 1634 sed
219 1594 361 1635 virtuti
392 1609 491 1635 cum
524 1595 741 1650 voluptate
774 1595 968 1635 certatio.
999 1609 1126 1650 quam
1155 1593 1326 1650 quidem
1358 1597 1557 1638 certatio-

116 1664 213 1690 nem
234 1649 366 1692 homo
387 1659 429 1692 et
450 1661 613 1702 acutus,
635 1661 678 1692 et
699 1651 879 1707 diligens
901 1650 1183 1707 ChrysippuS,
1205 1665 1288 1692 non
1308 1653 1558 1705 contemnit,

113 1713 338 1762 totumque
361 1716 396 1739 81
416 1707 641 1749 discrimen
672 1708 827 1749 summi
852 1708 955 1748 boni
986 1707 1028 1748 in
1059 1706 1208 1748 eadem
1239 1709 1558 1763 comparatione

112 1763 299 1817 positum
335 1772 471 1819 putat.
514 1779 598 1820 ego
635 1773 777 1805 autem
813 1764 1024 1814 existimo,
1060 1764 1093 1804 si
1132 1763 1360 1806 honestum
1397 1765 1558 1821 aliquid

113 1819 354 1871 ostendero,
376 1820 497 1876 quod
511 1823 565 1863 sit
585 1821 724 1876 ipsum
747 1821 785 1862 vi
805 1835 895 1872 sua,
916 1829 1088 1876 propter
1110 1835 1238 1877 seque
1258 1821 1556 1876 expetendum,

105 1874 248 1931 jacere
267 1886 404 1918 vestra
423 1878 578 1919 omnia.
609 1877 752 1933 itaque
782 1892 849 1927 eo,
870 1877 994 1933 quale
1015 1877 1083 1928 sit,
1103 1878 1297 1928 breviter,
1317 1886 1366 1919 ut
1385 1887 1556 1934 tempus

112 1932 315 1986 postulat,
336 1934 583 1984 constituto,
605 1942 643 1966 82
661 1934 858 1976 accedam
881 1934 934 1975 ad
951 1934 1094 1975 omnia
1110 1942 1198 1985 tua,
1215 1935 1430 1990 Torquate
1441 1951 1453 1986 3
1476 1936 1555 1978 nisi

111 1989 318 2029 memoria
336 1989 446 2030 forte
466 1990 679 2031 defecerit.

167 2045 411 2086 Honestum
432 2047 563 2102 igitur
582 2047 625 2087 id
646 2047 939 2103 intelligimus,
959 2048 1073 2103 quod
1093 2047 1176 2089 tale
1193 2056 1271 2098 est,
1289 2057 1337 2088 ut
1361 2047 1553 2091 detracta
1562 2064 1612 2098 45

111 2101 227 2142 omni
256 2102 454 2154 utilitate,
475 2103 562 2144 sine
583 2103 678 2144 ullis
701 2104 899 2159 praemiis,
920 2104 1229 2160 fructibusque,
1250 2118 1324 2158 per
1345 2119 1389 2145 se
1410 2105 1550 2161 ipsum

109 2157 244 2212 possit
256 2159 354 2214 jure
374 2158 550 2200 laudari.
581 2159 696 2215 quod
716 2160 840 2216 quale
865 2161 932 2211 sit,
953 2175 1035 2201 non
1069 2170 1154 2202 tam
1185 2160 1445 2212 definitione,
1467 2177 1552 2218 qua

108 2228 202 2254 sum
234 2230 349 2267 usus,
383 2215 561 2271 intelligi
595 2224 752 2272 potest,
787 2219 1061 2273 (quamquam
1091 2218 1354 2273 aliquantum
1389 2220 1547 2273 potest)

150 2355 188 2385 78
206 2362 239 2379 ea
255 2361 318 2380 cum
334 2349 394 2380 vol.
411 2349 622 2390 conjungerent]
651 2351 730 2381 Haec
753 2351 806 2380 de·
839 2350 908 2391 jam
926 2350 1041 2390 pridem
1055 2357 1152 2379 contra
1168 2360 1210 2379 eos
1224 2350 1346 2379 desitum
1362 2358 1404 2380 est
1418 2351 1549 2392 disputa-

106 2392 202 2423 lenda
225 2394 355 2432 putabat
379 2394 568 2429 Lambinus,
594 2403 659 2424 non
687 2400 806 2433 reperta
850 2405 890 2423 re.
907 2395 1013 2432 itaque
1036 2395 1142 2423 visum
1165 2400 1212 2423 est
1234 2401 1316 2424 recte
1332 2394 1473 2432 Davisio‚
1495 2397 1548 2428 ad-

105 2435 137 2466 in
164 2435 242 2466 Cod.
267 2437 399 2476 optimo.
425 2443 456 2466 et
479 2444 610 2476 possunt
634 2438 804 2466 commode
848 2437 989 2467 dendurn
1006 2447 1071 2467 esse
1088 2443 1185 2465 contra
1200 2447 1262 2465 eum
1278 2443 1333 2466 aut
1349 2436 1379 2465 in
1395 2447 1468 2468 eum.

105 2479 224 2516 abesse,
241 2488 318 2509 cum
334 2480 471 2509 sufficiat
493 2480 597 2509 omnia.
645 2480 675 2509 Si
695 2486 802 2509 tamen
891 2487 926 2510 81
946 2479 1099 2508 discrimen
1117 2479 1219 2508 summi
1235 2478 1298 2507 boni
1314 2479 1344 2507 in
1360 2480 1458 2509 eadem
1473 2492 1547 2511 com-

105 2521 215 2552 Cicero
230 2522 292 2552 tale
306 2523 381 2561 quid
405 2523 535 2559 addidit,
552 2529 628 2563 puto
644 2532 722 2553 cum
739 2523 803 2552 Da·
841 2522 995 2561 paratione
1004 2522 1104 2562 ponit]
1123 2523 1137 2551 J
1144 2522 1301 2558 udicium,
1319 2531 1384 2561 quo
1399 2523 1547 2555 decerna-

103 2564 195 2601 visio,
211 2564 384 2604 legendum
400 2577 463 2594 cum
479 2566 538 2595 vol.
555 2566 738 2606 conjungunt.
754 2566 802 2595 in-
845 2572 896 2595 tur
926 2566 964 2595 de
993 2574 1125 2595 summo
1155 2566 1253 2601 bono,
1278 2566 1412 2604 pendere
1439 2576 1479 2597 ex
1508 2578 1545 2598 ea

103 2612 196 2644 terea,
208 2608 284 2646 quia
299 2618 364 2638 non
381 2608 484 2648 plures
497 2610 619 2639 codices
635 2609 799 2645 addicunt,
844 2610 1080 2647 comparatione
1104 2608 1225 2637 virtutis
1248 2614 1279 2637 et
1301 2608 1484 2647 voluptatis,
1505 2611 1544 2641 de

105 2650 197 2680 uncis
213 2650 339 2682 inclusi.
843 2660 908 2689 qua
922 2652 998 2681 dixi.
1014 2652 1090 2691 quia
1103 2658 1176 2681 ante
1198 2651 1318 2681 dixerat
1337 2652 1519 2682 certationem
1530 2665 1541 2682 .-

146 2698 186 2727 79
211 2693 386 2723 cum-visa
411 2690 493 2733 sunt]
520 2703 578 2724 scr,
604 2694 662 2723 sint
686 2693 735 2724 vel
759 2705 799 2723 es·
841 2703 879 2723 eo
905 2693 1044 2724 alludere
1067 2695 1191 2724 videtur
1215 2694 1308 2723 verbo
1332 2696 1541 2733 comparatio-

103 2741 174 2764 sent.
842 2737 904 2772 nis,
931 2738 1017 2775 quod
1042 2738 1080 2767 de
1103 2737 1296 2767 certantibus
1321 2737 1455 2767 dicitur:
1478 2740 1539 2770 nisi

134 2784 186 2808 ’80
196 2784 261 2816 post
276 2789 300 2809 e.
318 2777 509 2819 Chrysippum
523 2790 577 2809 non
592 2790 659 2808 sane
677 2786 717 2809 cst
738 2779 796 2808 dis-
839 2779 1012 2818 legendum
1029 2780 1060 2808 in
1070 2779 1166 2809 eadem
1181 2779 1346 2809 certatione.

97 2818 249 2860 putatum]
279 2822 342 2852 Hic
369 2822 535 2852 manifeste
557 2822 674 2862 aliquid
700 2823 795 2853 deest.
885 2830 922 2853 82
946 2822 1078 2853 accedam
1102 2822 1142 2852 ad
1164 2830 1215 2852 rua
1238 2821 1347 2862 omnia]
1367 2822 1388 2852 i.
1402 2832 1429 2852 e,
1444 2823 1539 2856 refel=

101 2862 187 2892 deest
200 2869 308 2895 autem
324 2864 385 2894 hoc
408 2865 511 2895 simile
527 2866 697 2905 superiori:
724 2871 797 2895 recte
838 2865 944 2896 lenda.

837 2918 901 2958 14
