1778 3095
595 122 775 160 LIBER
803 121 1044 158 PRIMUS.
1470 123 1548 164 259

121 229 219 271 dem
242 231 345 272 orbe
363 231 405 272 in
428 244 503 272 x11
527 238 664 284 partes
685 229 925 278 distributo,
947 227 1131 282 quinque
1161 226 1301 266 stellas
1321 226 1431 277 ferri,
1452 239 1549 266 eos·

121 286 218 327 dem
239 302 384 329 cursus
405 285 740 327 constantissime
768 293 990 334 servantes,
1012 282 1246 338 disparibus
1267 281 1375 321 inter
1394 296 1436 321 se
1457 296 1550 322 mo-

120 343 249 395 tibus,
282 352 612 397 nocturnamque
642 342 735 382 caeli
768 342 949 382 formam
979 339 1165 394 undique
1194 338 1398 379 sideribus
1427 352 1550 377 orna-

121 407 208 440 tam
226 416 238 450 3
270 410 359 441 tum
389 398 567 453 globum
598 406 718 438 terrae
745 398 997 438 eminentem
1016 410 1038 436 e
1060 395 1180 445 mari,
1200 395 1328 435 fixum
1346 394 1390 434 in
1409 393 1552 433 medio

121 456 267 496 mundi
288 454 467 496 universi
487 454 598 504 loco,
619 454 783 495 duabus
814 454 897 495 oris
928 452 1179 493 distantibus
1200 449 1489 499 habitabilem,
1512 458 1555 489 et

121 513 280 553 cultum
299 528 309 552 z
340 525 517 566 quarum
547 511 691 562 altera,
712 525 838 567 quam
866 524 941 550 nos
966 508 1206 560 incolimus,
1227 508 1306 549 sub
1325 521 1400 548 axe
1419 505 1555 561 posita

120 568 173 608 ad
192 567 332 608 stellas
349 575 525 622 septem,
546 567 659 608 unde

228 657 381 707 Horrg'fer
398 657 575 708 Aquilonis
594 657 716 694 stridor
726 656 860 706 gelidas
880 657 1015 693 molitur
1033 656 1142 693 nives.

120 741 250 783 altera
269 741 493 793 Australis,
515 743 662 798 ignota
690 743 826 794 nobis,
848 757 974 798 quam
1004 749 1156 782 vocant
1176 739 1316 781 Graeci
1336 737 1553 793 ἀντίχθονα.

125 798 297 839 Ceteras
318 809 457 854 partes
478 799 673 851 incultas,
699 799 813 855 quod
844 808 916 839 aut
946 799 1103 854 frigore
1135 798 1316 853 rigeant,
1337 805 1410 837 aut
1429 810 1553 836 uran-
1565 797 1616 845 69

121 862 191 896 tur
223 855 388 896 calore:
419 856 488 897 hic
523 866 681 905 autem,
710 856 784 897 ubi
814 855 1068 906 habitamus,
1100 869 1184 895 non
1211 852 1452 895 intermittit
1477 866 1554 894 suo

120 919 311 967 tempore

230 997 268 1023 16
288 993 420 1030 Caelum
439 993 612 1035 mitescere,
633 992 765 1029 arbores
771 991 996 1040 frondescere,

226 1053 262 1082 17
282 1045 370 1085 Vites
389 1046 539 1093 laetg'ficae
554 1047 718 1097 pampinis
734 1045 919 1096 pubescere,

229 1100 331 1138 Rami
351 1099 529 1137 baccarum
548 1100 700 1136 ubertate
719 1099 952 1141 incur-viscere,

231 1153 363 1202 Segetes
379 1154 503 1203 largiri
506 1154 647 1203 fruges,
653 1153 778 1199 florere
795 1153 919 1194 omnia,

230 1207 345 1244 Fontes
362 1217 498 1251 scatere,
519 1206 625 1243 herbis
638 1217 744 1257 prata
764 1206 977 1243 con-vestirier
991 1221 1003 1242 .-

127 1299 162 1322 18
181 1299 272 1331 tum
293 1290 610 1332 multitudinem
628 1290 854 1346 pecudum,
876 1290 1029 1345 partim
1046 1288 1099 1330 ad
1119 1288 1387 1339 vescendum,
1401 1288 1554 1344 partim
1566 1304 1596 1334 p·
1614 1300 1686 1325 16²·

124 1347 177 1388 ad
197 1347 337 1388 cultus
357 1362 571 1402 agrorum,
593 1347 745 1402 partim
773 1346 825 1387 ad
857 1345 1106 1396 vehendum,
1133 1346 1286 1400 partim
1306 1344 1360 1386 ad
1380 1348 1595 1400 corporaa·

124 1403 334 1444 vestienda
352 1421 361 1444 :
392 1404 693 1459 hominemque
726 1405 866 1458 ipsum
903 1403 1021 1458 quasi
1052 1402 1433 1456 contemplatorem
1466 1402 1560 1443 caeli

125 1474 173 1501 ac
205 1459 396 1510 deorum,
431 1460 704 1516 ipsorumque
739 1460 947 1500 cultorem
968 1476 976 1498 :
1010 1469 1136 1514 atque
1167 1458 1350 1499 hominis
1385 1458 1558 1500 utilitati

123 1530 250 1570 agros
267 1530 414 1556 omnes
431 1525 472 1556 et
492 1517 623 1557 maria
642 1517 844 1571 parentia.
905 1517 1012 1556 Haec
1043 1516 1184 1569 igitur,
1204 1525 1246 1555 et
1264 1514 1345 1555 alia
1363 1514 1556 1556 innume·
1569 1517 1639 1566 23

122 1571 270 1613 rabilia
287 1586 386 1612 cum
407 1573 630 1622 cernimus,
652 1586 931 1627 possumusne
963 1571 1169 1621 dubitare,
1190 1571 1291 1626 quin
1321 1571 1385 1611 his
1416 1572 1560 1627 praesit
1571 1592 1624 1632 70

124 1627 275 1684 aliquis
297 1628 360 1668 vel
376 1628 564 1680 effector,
585 1629 619 1669 si
640 1629 730 1669 haec
749 1639 846 1669 nata
876 1637 987 1679 sunt,
1009 1637 1056 1668 ut
1077 1628 1240 1668 Platoni
1259 1627 1422 1668 videtur
1441 1644 1450 1668 :
1482 1629 1559 1679 vel,

123 1684 158 1726 si
176 1699 342 1740 semper
361 1685 529 1735 fuerint,
547 1695 596 1726 ut
614 1685 834 1726 Aristoteli
856 1685 1011 1740 placet,
1033 1684 1275 1725 moderator
1296 1684 1402 1725 tanti
1422 1685 1561 1739 operis

128 1751 164 1776 ¹9
177 1750 220 1782 et
239 1742 448 1782 muneris?
478 1742 537 1784 sic
557 1752 740 1783 mentem
763 1742 959 1791 hominis,
981 1742 1169 1797 quamvis
1189 1756 1283 1781 eam
1304 1756 1388 1781 non
1407 1740 1562 1791 videas,

124 1807 174 1839 ut
204 1797 330 1839 deum
364 1813 447 1838 non
479 1798 617 1839 vides:
650 1808 791 1839 tamen
820 1809 868 1839 ut
900 1799 1025 1839 deum
1057 1799 1252 1853 agnoscis
1283 1812 1334 1837 ex
1364 1798 1562 1853 operibus

125 1854 231 1910 ejuS,
249 1855 307 1895 sic
327 1869 378 1894 ex
397 1855 602 1895 memoria
622 1869 777 1905 rerum,
797 1864 840 1895 et
867 1856 1121 1905 inventione,
1152 1864 1194 1895 et
1224 1854 1438 1895 celeritate
1467 1869 1563 1895 mo-

125 1920 210 1961 tus,
231 1911 432 1966 omnique
452 1911 734 1966 pulcritudine
756 1913 916 1953 virtutis
938 1913 1019 1952 vim
1042 1912 1222 1952 divinam
1254 1912 1406 1951 mentis
1428 1925 1562 1966 agno-

126 1968 247 2008 scito.
308 1968 355 2007 In
380 1982 464 2022 quo
486 1968 615 2022 igitur
634 1967 730 2008 loco
750 1970 840 2009 est?
874 1968 1000 2009 credo
1030 1968 1225 2024 equidem
1248 1968 1291 2008 in
1313 1968 1473 2022 capite:
1506 1976 1564 2018 et,

125 2038 200 2064 cur
219 2023 404 2074 credam,
421 2024 568 2064 afferre
596 2039 795 2078 possum:
829 2025 901 2065 sed
933 2025 1060 2066 alias:
1091 2034 1130 2057 20
1149 2039 1258 2065 nunc
1290 2025 1363 2065 ubi
1392 2025 1445 2065 sit
1474 2025 1564 2065 ani·

125 2095 236 2130 mus,
255 2090 367 2121 certe
396 2080 568 2135 quidem
603 2081 645 2120 in
677 2091 718 2121 te
747 2091 824 2122 est.
885 2083 996 2123 Quae
1021 2091 1084 2122 est
1114 2082 1153 2122 ei
1184 2082 1361 2122 natura?
1396 2081 1566 2136 Propria

126 2147 248 2192 puto,
269 2146 312 2177 et
329 2151 417 2177 sua.
450 2137 523 2177 sed
544 2137 608 2177 fac
630 2137 812 2192 igneam,
834 2138 899 2178 fac
931 2138 1197 2193 spirabilem:
1231 2138 1334 2179 nihil
1354 2137 1409 2178 ad
1434 2137 1492 2188 id,
1513 2137 1564 2177 de

127 2208 213 2249 quo
234 2194 416 2249 agimus.
479 2194 590 2234 Illud
610 2194 741 2234 modo
763 2194 918 2244 videto,
938 2204 987 2235 ut
1003 2194 1128 2235 deum
1151 2195 1278 2245 noris,
1299 2195 1377 2235 etsi
1395 2194 1566 2249 ignores

125 2258 169 2290 et
188 2250 348 2300 locum,
369 2259 413 2290 et
431 2250 596 2301 faciem,
618 2250 677 2291 sic
697 2251 885 2291 animum
907 2251 984 2291 tibi
1016 2261 1138 2292 tuum
1159 2260 1307 2291 notum
1330 2265 1420 2291 esse
1441 2264 1567 2305 opor-

125 2314 228 2358 tere,
249 2308 377 2348 etiam
406 2307 440 2347 si
471 2307 561 2362 ejus
593 2307 762 2362 ignores
784 2317 826 2348 et
846 2307 1004 2357 locum,
1026 2316 1069 2348 et
1094 2308 1289 2348 formam.
1351 2315 1386 2338 21
1410 2308 1459 2347 In
1477 2306 1566 2346 ani·
1581 2314 1626 2353 71

170 2424 208 2450 16
229 2418 343 2449 Caelum
364 2418 519 2457 mitescere]
543 2419 593 2449 Sic
609 2419 739 2459 vulgati.
784 2420 826 2449 At
870 2428 938 2455 nes,
957 2421 1033 2450 item
1051 2421 1113 2450 Ms.
1132 2420 1239 2450 Guelf.
1256 2420 1355 2459 vulgo
1376 2419 1524 2449 laetiscere.

126 2462 196 2492 edd.
211 2469 287 2492 vett.
310 2462 415 2501 plures
440 2463 559 2492 habent
585 2462 720 2492 nitescere
745 2469 826 2492 utet
916 2469 954 2492 18
974 2470 1034 2493 tum
1057 2462 1271 2493 mullitudinem
1289 2462 1361 2501 &c.]
1390 2464 1470 2493 Haec
1494 2473 1570 2493 con-

126 2503 191 2535 Ms.
218 2505 326 2535 Guelf.
353 2507 439 2544 quod
470 2505 551 2535 coelo
578 2515 643 2535 non
674 2507 717 2536 ita
746 2506 826 2535 bene
867 2505 1050 2545 junguntur
1065 2516 1143 2536 cum
1164 2507 1377 2546 superioribus
1394 2514 1427 2535 ut
1443 2518 1504 2535 cum
1521 2508 1571 2536 vi·

125 2549 286 2584 convenit,
311 2554 346 2578 ut
371 2547 552 2587 vulgatum.
596 2547 657 2578 Sed
680 2549 828 2579 Camera-
871 2548 967 2578 demus
983 2550 1101 2589 speciem
1113 2549 1242 2589 primum
1260 2551 1319 2579 ἃς.

125 2591 190 2620 rius
207 2592 239 2621 in
256 2591 386 2621 Comm.
402 2591 435 2621 in
450 2591 547 2621 Tusc.
564 2591 659 2622 edidit
675 2591 762 2621 solum
778 2592 824 2620 ni-
914 2599 951 2624 19
982 2599 1009 2621 et
1037 2592 1173 2631 muneris]
1207 2592 1352 2622 Verbum
1385 2593 1521 2622 ductum
1552 2601 1570 2621 a

126 2639 241 2671 tcscere,
256 2634 362 2665 nescio
377 2635 474 2664 unde.
498 2635 529 2664 id
545 2636 688 2675 maxime
711 2634 824 2674 placet.
867 2635 1056 2674 spectaculis
1069 2635 1164 2666 Rom.
1181 2645 1255 2675 quae
1271 2645 1406 2665 munera
1421 2636 1570 2666 diceban-

127 2675 161 2705 in
184 2678 232 2707 ed.
256 2678 400 2716 Operum
425 2677 493 2707 Cic.
511 2683 624 2707 tamen
648 2678 743 2707 habet
758 2678 829 2708 vul·
875 2685 936 2707 tur.

127 2725 239 2757 gatum
255 2719 357 2749 coelum
373 2720 518 2749 nitescere.
563 2719 663 2750 Solum
678 2720 760 2750 bene
779 2722 826 2751 di·
913 2728 953 2751 ‘20
970 2732 1043 2750 nunc
1066 2720 1115 2750 ubi
1131 2721 1168 2750 sit
1183 2720 1308 2759 animus]
1327 2720 1364 2750 In
1381 2720 1463 2750 Dav.
1483 2728 1509 2749 1.
1527 2726 1573 2749 est

130 2761 212 2790 citur
240 2762 375 2792 nitescere
404 2764 545 2802 tempore
573 2772 685 2800 verno,
714 2764 768 2794 ubi
797 2771 828 2793 et
870 2763 918 2793 ubi
939 2764 999 2794 ubi.
1022 2774 1088 2794 non
1112 2763 1207 2794 male.
1223 2765 1277 2793 sed
1300 2764 1344 2794 sic
1368 2763 1415 2792 ubi
1439 2762 1573 2801 intelligi

133 2804 201 2842 agri
213 2804 315 2835 nitent.
870 2813 984 2846 potest.

176 2851 210 2880 17
232 2846 313 2878 Vim
335 2845 477 2887 Iaetq'ficae]
505 2847 556 2878 Sic
579 2849 648 2879 edd·
665 2855 741 2879 vett.
758 2858 829 2879 om·
916 2856 953 2879 21
975 2850 1010 2878 In
1026 2848 1117 2878 animi
1140 2848 1311 2888 cognitione]
1336 2849 1356 2878 i.
1373 2857 1401 2878 e.
1418 2857 1494 2877 curn
1520 2856 1574 2876 :m-

893 2902 960 2933 82
