1778 3095
227 113 305 158 276
570 111 824 150 TUSCUL.
854 112 1300 151 QUAESTIONUM

229 234 324 275 quae
344 226 511 261 constat
527 233 577 261 ex
593 219 909 263 enumeratione
938 221 1222 263 humanorum
1254 219 1481 262 malorum.
1503 220 1572 262 cui
1598 229 1666 262 ra-

229 276 365 318 tiones
385 291 461 326 eae,
483 291 578 332 quae
603 277 848 332 exquisitius
879 293 904 319 a
932 274 1195 333 philosophis
1225 277 1500 332 colliguntur,
1519 276 1669 318 defue-

231 341 343 382 runt,
380 334 548 374 ubertas
580 333 780 374 orationis
812 349 897 376 non
931 331 1079 376 defuit.
1111 334 1234 375 clarae
1268 348 1364 375 vero
1399 341 1556 374 mortes
1589 346 1668 388 pro

232 389 366 445 patria
397 390 612 445 oppetitae,
645 404 729 431 non
761 391 899 432 solum
931 390 1128 446 gloriosae
1161 390 1415 440 rhetoribus,
1437 388 1512 430 sed
1540 389 1668 430 etiam

234 447 369 487 beatae
388 446 515 487 videri
536 446 685 487 solent.
706 456 905 502 repetunt
925 449 977 488 ab
998 447 1251 488 Erichtheo:
1283 446 1404 503 cujus
1425 446 1552 486 etiam
1575 445 1671 486 filiae

106 503 387 558 pau-cupide
418 511 601 544 mortem
629 503 916 558 expetiverunt
945 518 1022 559 pro
1051 503 1134 544 vita
1159 503 1338 544 civium:
1372 502 1580 552 Codrum,
1599 498 1673 557 qui

195 561 224 582 ²·
237 574 281 600 se
302 559 343 601 in
364 559 527 601 medios
558 559 732 600 immisit
763 559 920 610 hostes,
942 568 1053 600 veste
1075 559 1284 610 famulari,
1306 574 1358 600 ne
1378 566 1520 614 posset
1539 571 1674 613 agno-

236 616 310 668 sci,
332 614 365 656 si
386 625 496 657 esset
516 624 667 657 ornatu
689 615 806 670 regio
825 632 834 655 z
864 615 981 671 quod
1002 615 1222 656 oraculum
1251 625 1340 657 erat
1360 616 1523 665 datum,
1544 616 1580 655 si
1600 628 1673 655 rex

235 668 479 714 interfectus
515 681 639 722 esset,
675 671 864 712 victrices
898 671 1088 712 Athenas
1124 671 1230 712 fore.
1291 673 1540 713 Menoeceus
1575 684 1673 711 vero

236 744 321 770 non
356 728 720 785 praetermittitur:
753 727 825 782 qui
863 727 1036 769 oraculo
1067 727 1182 768 edito
1217 727 1395 783 largitus
1428 736 1492 768 est
1526 726 1673 782 patriae

236 801 360 827 suum
383 785 646 840 sanguinem.
707 783 931 839 Iphigenia
951 783 1109 825 Aulide
1133 793 1150 817 ⁹
1168 783 1266 824 duci
1294 798 1338 824 se
1369 782 1674 825 immolandam

231 842 370 898 jubet,
400 850 448 882 ut
482 840 667 881 hostium
701 840 871 896 sanguis
906 840 1095 882 eliciatur
1126 854 1218 881 suo.
1275 839 1466 881 Veniunt
1495 839 1591 880 inde
1621 838 1675 880 ad

154 890 226 946 49
237 899 449 953 propiora.
510 896 773 938 Harmodius
794 897 836 938 in
853 912 940 948 ore,
960 905 1002 938 et
1022 894 1307 951 Aristogiton,
1326 894 1675 936 Lacedaemonius

237 953 462 1004 Leonidas,
475 953 702 994 Thebanus
718 953 1030 1009 Epaminondas
1048 953 1203 1009 vigent.
1220 961 1388 993 nostros
1403 966 1486 993 non
1500 960 1677 993 norunt:

239 1020 277 1043 10
295 1026 403 1067 quos
424 1025 670 1051 enumerare
690 1010 869 1065 longum
899 1019 962 1051 est
980 1027 989 1051 :
1021 1010 1080 1051 ita
1101 1018 1198 1051 sunt
1221 1006 1361 1060 multi,
1381 1008 1535 1065 quibus
1562 1007 1676 1048 vide-

237 1083 332 1109 mus
353 1066 560 1123 optabiles
581 1076 739 1107 mortes
761 1067 889 1108 fuisse
910 1081 1007 1108 cum
1029 1066 1182 1121 gloria.

153 1128 226 1169 117
294 1125 409 1181 Quaev
426 1139 523 1165 cum
543 1122 602 1164 ita
623 1121 719 1173 sint,
742 1137 898 1178 magna
917 1132 1060 1164 tamen
1090 1118 1332 1178 eloquentia
1360 1129 1426 1162 est
1454 1120 1678 1171 utendum,

237 1190 364 1238 atque
396 1180 455 1222 ita
483 1180 597 1221 velut
626 1179 840 1234 superiore
861 1179 1002 1220 eloco
1022 1177 1375 1227 concionandum,
1405 1184 1454 1218 ut
1483 1176 1678 1218 homines

236 1246 420 1279 mortem
440 1237 503 1278 vel
526 1244 671 1292 optare
692 1234 908 1290 incipiant,
929 1234 993 1275 vel
1015 1242 1127 1275 certe
1153 1234 1302 1276 timere
1332 1233 1549 1274 desistant.
1580 1248 1678 1274 nam

238 1295 273 1336 si
294 1308 514 1349 supremus
536 1292 608 1332 ille
630 1291 718 1332 dies
738 1306 823 1332 non
845 1288 1184 1342 exstinctionem,
1205 1287 1281 1331 sed
1300 1288 1679 1331 commutationem

239 1351 360 1392 affert
378 1349 477 1400 loci,
501 1348 604 1405 quid
624 1347 853 1403 optabilius
872 1350 885 1389 ?
919 1347 983 1389 sin
1005 1356 1147 1389 autem
1179 1346 1363 1402 perimit,
1384 1360 1432 1386 ac
1453 1345 1567 1387 delet
1587 1360 1681 1386 om-

238 1407 355 1456 nino,
389 1404 492 1462 quid
525 1404 691 1455 melius,
724 1419 852 1460 quam
886 1405 927 1446 in
959 1403 1108 1446 mediis
1143 1403 1242 1445 vitae
1274 1401 1491 1444 laboribus
1521 1401 1682 1443 obdor-

238 1463 430 1514 miscere,
462 1470 507 1503 et
539 1461 599 1502 ita
630 1462 925 1503 conniventem
963 1475 1114 1503 somno
1148 1459 1362 1515 consopiri
1390 1458 1679 1513 sempiterno?

239 1519 358 1576 quod
377 1519 412 1560 si
437 1519 521 1569 fiat,
543 1518 693 1559 melior
721 1518 862 1569 Ennii,
884 1532 1009 1574 quam
1043 1517 1211 1560 Solonis
1242 1516 1393 1559 oratio.
1452 1515 1538 1557 Hic
1567 1514 1680 1557 enim

239 1585 396 1628 noster,

349 1669 455 1706 Nemo
472 1681 521 1704 me
539 1668 693 1718 lacrymis
711 1667 850 1711 decoret,
871 1667 1007 1716 inquit,
1025 1666 1320 1716 necfunerafletu

456 1721 574 1758 Faxit.

241 1798 305 1840 At
324 1811 422 1838 vero
444 1796 610 1852 sapiens
628 1795 714 1847 ille,

351 1889 451 1925 Mors
470 1900 545 1924 mea
564 1899 604 1922 ne
620 1891 733 1922 careat
752 1885 908 1933 lacrymis
922 1901 933 1921 .·
965 1880 1156 1934 linquamus
1175 1880 1291 1921 amicis

457 1941 652 1982 Maerorem,
671 1948 709 1975 ut
728 1937 887 1975 celebrent
895 1939 1028 1987 funera
1048 1951 1122 1975 cum
1136 1938 1281 1987 gemitu.

160 2039 175 2069 ι
188 2037 233 2070 18
244 2023 339 2065 Nos
357 2037 471 2074 vero,
493 2022 528 2062 si
549 2021 649 2078 quid
670 2021 753 2062 tale
773 2020 987 2072 acciderit,
1005 2029 1054 2061 ut
1073 2035 1098 2061 a
1119 2019 1200 2061 deo
1230 2019 1522 2062 denuntiatum
1542 2020 1684 2063 videa·

245 2090 329 2131 tur,
364 2088 412 2120 ut
444 2093 641 2120 exeamus
675 2092 698 2118 e
728 2077 826 2128 vita,
847 2076 950 2129 laeti,
982 2086 1026 2118 et
1056 2086 1230 2132 agentes
1261 2076 1419 2132 gratias
1448 2091 1685 2132 pareamus,

245 2136 468 2192 emittique
489 2150 566 2176 nos
588 2149 611 2175 e
630 2133 836 2185 custodia,
857 2143 900 2175 et
920 2133 1046 2175 levari
1065 2133 1237 2174 vinculis
1258 2133 1524 2184 arbitremur,
1544 2144 1592 2176 ut
1611 2143 1685 2177 aut

245 2191 288 2234 in
321 2200 535 2242 aeternam,
571 2200 613 2232 et
644 2191 767 2246 plane
799 2191 841 2231 in
871 2197 1057 2231 nostram
1090 2189 1265 2231 domum
1296 2189 1590 2244 remigremus,
1611 2199 1685 2231 aut

245 2250 364 2290 omni
384 2263 523 2300 sensu,
543 2247 822 2302 molestiaque
841 2261 1085 2288 careamus:
1118 2246 1180 2287 sin
1210 2255 1352 2287 autem
1385 2245 1489 2298 nihil
1521 2245 1686 2287 denun-

201 2306 437 2356 b,tiabit11r,
467 2320 519 2347 eo
553 2313 695 2345 tamen
729 2304 859 2345 simus
892 2303 1049 2353 animo,
1069 2312 1119 2344 ut
1147 2301 1393 2344 horribilem
1422 2301 1543 2342 illum
1572 2302 1684 2344 diem

245 2362 352 2414 aliis,
388 2362 510 2403 nobis
544 2361 730 2402 faustum
765 2369 979 2415 putemuS,
1014 2358 1203 2413 nihilque
1239 2359 1282 2399 in
1313 2358 1434 2398 malis
1465 2357 1685 2412 ducamus,

247 2418 364 2474 quod
396 2418 450 2459 sit
480 2418 544 2458 vel
574 2432 598 2458 a
629 2416 707 2458 diis
737 2416 1063 2465 immortalibus,
1083 2415 1146 2456 vel
1164 2429 1188 2455 a
1214 2422 1363 2455 natura
1390 2422 1563 2469 parente
1592 2429 1687 2456 om-

246 2475 363 2516 nium
399 2474 693 2515 constitutum.
728 2487 813 2513 non
847 2472 959 2513 enim
993 2480 1164 2522 temere,
1200 2485 1276 2511 nec
1309 2470 1487 2512 fortuito
1520 2471 1613 2522 sati,
1644 2480 1686 2515 et

247 2531 378 2572 creati
399 2545 561 2580 sumus,
582 2529 654 2570 sed
674 2529 866 2584 profecto
889 2528 970 2569 fuit
989 2527 1183 2584 quaedam
1205 2527 1279 2578 vis,
1299 2541 1394 2582 quae
1414 2527 1562 2582 generi
1582 2542 1687 2569 con-

247 2586 405 2629 suleret
424 2586 639 2627 humano:
671 2599 748 2626 nec
775 2584 818 2625 id
842 2584 1051 2640 gigneret,
1073 2593 1145 2625 aut
1174 2584 1318 2634 aleret,
1340 2583 1471 2639 quod,
1490 2598 1588 2624 cum
1611 2598 1684 2624 ex-

247 2643 487 2685 antlavisset
520 2656 667 2683 omnes
701 2641 882 2692 labores,
913 2650 1005 2682 tum
1035 2640 1238 2682 incideret
1267 2640 1310 2681 in
1342 2640 1491 2681 mortis
1523 2640 1686 2684 malum

285 2765 307 2790 9
336 2756 403 2786 duci
432 2767 460 2786 se
489 2755 692 2785 immolandam
713 2752 818 2795 jubet]
851 2754 941 2785 Forte
984 2752 1108 2793 longum.
1124 2754 1169 2785 sic
1185 2763 1310 2795 semper
1333 2753 1443 2785 Cicero
1459 2760 1489 2784 et
1510 2754 1575 2784 alii.
1590 2755 1636 2784 sie
1659 2761 1689 2784 et

242 2799 368 2842 ῥητίνη,
384 2806 460 2829 nam
466 2798 555 2839 jubet
568 2799 614 2829 sic
631 2807 696 2828 non
710 2798 851 2827 struitur.
985 2796 1048 2828 Ms.
1063 2797 1170 2828 Guelf.

291 2850 330 2874 10
358 2853 426 2885 quos
455 2852 549 2874 enum.
579 2851 716 2882 magnum
748 2838 804 2881 est]
833 2839 942 2871 Immo
