1768 3095
533 73 713 112 LIBER
741 71 1051 111 QUARTUS.
1466 79 1517 114 43

82 200 191 236 rum,
223 200 318 241 quae
356 182 578 239 vigilantes
614 181 817 224 videmus.
877 179 1111 222 Plurimum
1146 179 1332 221 interest.
1368 181 1443 223 sed
1478 181 1522 224 id
1533 186 1582 218 ⁵2

83 242 344 285 omittamus.
363 238 469 282 illud
493 239 607 280 enim
637 237 832 290 dicimus,
852 252 939 279 non
958 236 1136 279 eandem
1156 249 1247 277 esse
1266 236 1365 288 vim,
1386 252 1523 294 neque

82 299 370 355 integritatem
400 295 719 346 dormientium,
748 303 793 337 et
820 294 1103 350 vigilantium,
1133 307 1211 334 nec
1248 302 1408 345 mente,
1446 309 1525 337 nec

84 371 225 398 sensu.
281 355 351 395 Ne
379 352 581 394 vinolenti
610 351 783 408 quidem
813 367 909 407 quae
939 351 1114 402 faciunt,
1135 349 1283 391 eadem
1313 350 1525 406 approba-

82 413 199 454 tione
219 410 389 460 faciunt,
410 423 495 466 qua
525 409 655 451 sobrii
674 426 683 449 ε
715 409 926 460 dubitant,
948 408 1158 458 haesitant,
1181 416 1378 448 revocant
1397 422 1442 449 se
1460 408 1525 449 in-

84 469 265 517 terdum,
281 466 430 521 iisque,
451 481 546 522 quae
565 465 773 517 videntur,
795 464 1047 507 imbecillius
1067 463 1379 506 assentiuntur:
1407 479 1527 506 cum-

86 540 167 581 que
196 523 523 574 edormiverunt,
553 522 626 564 illa
655 523 742 563 visa
772 537 898 578 quam
928 522 1036 563 levia
1063 521 1235 571 fuerint,
1264 520 1525 577 intelligunt.

86 580 201 637 quod
228 579 342 620 idem
372 579 586 635 contingit
615 579 802 631 insanis3
834 588 882 620 ut
910 587 953 620 et
981 577 1228 633 incipientes
1258 577 1412 628 furere,
1433 593 1527 620 sen-

86 639 206 688 tiant,
226 646 269 678 et
286 636 442 687 dicant,
463 635 638 692 aliquid,
660 636 778 692 quod
799 651 884 677 non
905 635 975 686 sit,
995 635 1040 677 id
1058 634 1188 677 videri
1207 634 1289 677 sibi
1308 651 1318 676 :
1349 643 1407 687 et,
1427 650 1527 677 cum

86 694 337 745 relaxentur,
359 693 556 746 sentiant,
575 701 703 749 atque
721 692 794 734 illa
812 692 957 734 dicant
975 691 1236 734 Alcmaeonis
1251 707 1264 743 3

194 783 264 822 Sed
280 783 361 821 mihi
378 784 574 835 neutiquam
593 797 648 820 cor
666 783 825 820 consentit
844 797 918 820 cum
936 783 1101 820 oculorum
1118 782 1291 834 adspectu.

89 857 149 901 At
168 857 281 899 enim
309 857 399 914 ipse.
430 856 595 912 sapiens
613 856 796 898 sustinet
817 870 862 897 se
881 856 924 897 in
946 856 1103 907 furore,
1124 869 1177 897 ne
1196 855 1406 912 approbet
1424 855 1531 898 falsa
1542 863 1590 895 53

87 929 164 971 pro
193 914 314 956 veris.
372 915 429 955 Et
457 912 559 955 alias
589 913 762 970 quidem
794 927 921 969 saepe,
954 913 988 954 si
1016 922 1090 954 aut
1110 912 1152 953 in
1182 912 1374 954 sensibus
1399 912 1531 969 ipsius

89 980 154 1013 est
189 971 330 1027 aliqua
363 971 472 1012 forte
505 972 703 1027 gravitas,
739 978 813 1011 aut
840 969 1030 1020 tarditas,
1058 979 1131 1011 aut
1158 969 1407 1011 obscuriora
1435 978 1535 1011 sunt

89 1043 186 1084 quae
214 1028 422 1079 videntur,
443 1037 516 1069 aut
540 1042 565 1068 a
589 1026 883 1083 perspiciendo
914 1026 1121 1083 temporis
1151 1026 1357 1068 brevitate
1388 1027 1533 1068 exclu-

91 1085 217 1126 ditur.
240 1099 498 1141 quamquam
528 1092 669 1126 totum
702 1084 801 1135 hoc,
824 1083 1055 1139 sapientem
1079 1082 1307 1139 aliquando
1329 1084 1536 1125 sustinere

92 1142 394 1193 assensionem,
415 1149 563 1182 contra
589 1155 663 1183 vos
693 1148 772 1182 est.
800 1140 836 1181 si
862 1140 977 1181 enim
996 1140 1106 1182 inter
1126 1141 1213 1184 visa
1232 1139 1337 1181 nihil
1358 1141 1535 1182 interes-

93 1207 172 1250 set,
202 1207 275 1240 aut
300 1213 467 1254 semper
491 1198 732 1248 sustineret,
763 1207 838 1239 aut
862 1212 1111 1254 numquam.
1172 1196 1259 1239 Sed
1280 1211 1331 1238 ex
1352 1196 1436 1239 hoc
1455 1212 1535 1253 ge-

93 1269 194 1296 nere
220 1265 314 1297 toto
341 1254 524 1310 perspici
554 1262 697 1310 potest
720 1253 865 1295 levitas
892 1254 1095 1296 orationis
1115 1268 1279 1305 eorum,
1300 1254 1374 1310 qui
1393 1254 1539 1296 omnia

93 1310 273 1367 cupiunt
301 1311 574 1353 confundere.
633 1310 877 1368 Quaerimus
906 1310 1137 1366 gravitatis,
1167 1310 1433 1363 constantiae,
1470 1311 1539 1352 fir-

93 1368 269 1420 mitatis,
291 1368 507 1423 sapientiae
521 1367 762 1425 judicium:
793 1367 953 1408 utimur
982 1367 1186 1422 exemplis
1218 1367 1537 1419 somniantium,

93 1424 366 1476 furiosorum,
396 1424 675 1465 ebriosorum.
705 1422 811 1464 illud
839 1423 1099 1465 attendimus
1126 1423 1170 1464 in
1199 1424 1283 1465 hoc
1312 1424 1430 1465 omni
1458 1438 1537 1480 ge·-

94 1495 206 1532 nere,
237 1496 365 1537 quam
394 1481 682 1522 inconstanter
710 1479 951 1536 loquamur.
982 1495 1069 1521 non
1098 1479 1212 1520 enim
1250 1480 1538 1536 proferremus

94 1538 204 1589 vino,
235 1547 308 1580 aut
338 1552 490 1579 somno
522 1551 764 1593 oppress08,
786 1546 860 1578 aut
883 1545 1027 1578 mente
1046 1545 1211 1592 captos,
1230 1545 1319 1578 tam
1338 1537 1539 1590 absurde,

96 1603 144 1636 ut
170 1609 269 1636 cum
303 1594 540 1636 diceremus
571 1594 776 1636 interesse
795 1593 904 1635 inter
922 1593 1189 1649 vigilantium
1218 1593 1318 1644 visa,
1338 1603 1381 1635 et
1402 1594 1539 1635 sobri-

96 1665 235 1704 orum,
265 1661 308 1693 et
338 1666 553 1702 sanorum,
583 1660 627 1692 et
655 1665 805 1692 eorum
836 1651 909 1706 qui
938 1659 1080 1692 essent
1102 1650 1224 1692 aliter
1243 1650 1412 1692 affecti:
1444 1659 1538 1693 tum
1550 1666 1583 1698 b.

98 1708 202 1750 nihil
232 1708 448 1750 interesse.
505 1709 576 1749 Ne
602 1707 686 1749 hoc
718 1707 892 1764 quidem
916 1716 1108 1758 cernunt,
1129 1707 1273 1748 omnia
1297 1721 1343 1748 se
1363 1707 1540 1750 reddere
1552 1715 1604 1749 54

97 1765 271 1817 incerta,
293 1765 408 1822 quod
435 1764 601 1806 nolunt.
630 1779 680 1806 ea
705 1764 802 1806 dico
823 1764 997 1816 incerta,
1019 1779 1114 1820 quae
1144 1763 1263 1814 ἄδηλα
1282 1763 1437 1806 Graeci.
1496 1764 1542 1807 Si

98 1822 211 1864 enim
232 1837 298 1864 res
319 1836 365 1863 se
385 1823 445 1863 ita
463 1822 664 1873 habeant,
684 1829 734 1863 ut
754 1820 859 1863 nihil
879 1821 1059 1873 intersit,
1075 1829 1219 1862 utrum
1236 1821 1296 1862 ita
1315 1821 1383 1862 cui
1400 1821 1541 1863 videa-

98 1887 183 1930 tur,
212 1888 261 1920 ut
289 1880 451 1929 insano,
480 1892 533 1919 an
564 1893 694 1920 sano:
725 1878 795 1920 cui
823 1878 960 1935 possit
987 1877 1252 1933 exploratum
1281 1892 1374 1919 esse
1393 1877 1446 1919 de
1468 1893 1545 1920 sua

100 1935 306 1976 sanitate?
340 1935 455 1991 quod
483 1935 591 1977 velle
620 1934 799 1986 efficere,
833 1944 867 1967 11
885 1949 971 1976 non
999 1934 1226 1976 mediocris
1255 1934 1429 1976 insaniae
1464 1944 1543 1978 est.

100 1992 405 2034 Similitudines
441 2005 538 2033 vero
575 2001 649 2033 aut
685 1992 970 2048 geminorum,
1008 1999 1082 2033 aut
1119 1992 1339 2048 signorum
1379 1992 1544 2034 annulis

101 2049 419 2104 impressorum,
458 2048 676 2105 pueriliter
716 2057 1028 2091 consectantur.
1069 2048 1163 2104 quis
1198 2048 1312 2090 enim
1349 2057 1544 2091 nostrum

102 2106 399 2148 similitudines
430 2114 561 2161 negat
587 2120 694 2158 esse,
724 2120 822 2147 cum
853 2120 915 2146 eae
944 2104 1137 2161 plurimis
1167 2105 1211 2146 in
1251 2105 1378 2146 rebus
1413 2120 1544 2162 appa-

103 2164 252 2205 reant?
286 2163 376 2215 sed,
406 2163 440 2204 si
470 2162 570 2203 satis
600 2171 664 2204 est
694 2162 748 2204 ad
776 2161 1009 2204 tollendam
1048 2162 1356 2218 cognitionem,
1395 2162 1548 2204 similia

104 2234 196 2262 esse
224 2220 361 2261 multa
386 2219 621 2261 multorum
643 2236 653 2261 z
684 2233 760 2261 cur
786 2234 838 2260 eo
860 2233 944 2260 non
965 2218 1065 2260 estis
1086 2219 1292 2270 contenti,
1312 2219 1546 2274 praesertim

105 2276 438 2318 concedentibus
477 2277 631 2318 nobis?
665 2286 710 2318 et
747 2290 822 2318 cur
859 2275 902 2316 id
940 2275 1083 2332 potius
1123 2275 1393 2326 contenditis,
1431 2275 1547 2331 quod

105 2347 245 2376 rerum
278 2342 428 2375 natura
460 2348 545 2375 non
575 2333 750 2389 patitur,
779 2342 828 2374 ut
858 2347 944 2373 non
976 2346 1054 2373 suo
1086 2330 1272 2388 quidque
1303 2345 1460 2387 genere
1493 2332 1549 2374 sit

107 2391 206 2442 tale,
235 2391 358 2446 quale
387 2391 478 2432 est?
512 2405 590 2432 nec
622 2391 676 2432 sit
707 2390 749 2431 in
770 2389 938 2432 duobus
959 2397 1032 2431 aut
1050 2389 1243 2445 pluribus
1265 2388 1381 2430 nulla
1399 2402 1445 2430 re
1463 2388 1547 2430 dif-

108 2447 244 2489 ferens
272 2447 359 2489 ulla
385 2447 669 2489 communitas
686 2448 700 2488 ἓ
732 2456 782 2489 ut
808 2446 888 2489 sibi
907 2447 991 2488 sint
1009 2456 1053 2488 et
1073 2461 1152 2487 ova
1171 2460 1362 2496 ovorum,
1383 2454 1427 2488 et
1447 2460 1548 2502 apes

109 2505 252 2559 apium
270 2504 510 2545 simillimae.
569 2504 687 2561 Quid
707 2518 873 2560 pugnas
900 2503 1060 2559 igitur?
1093 2511 1168 2544 aut
1187 2502 1289 2559 quid
1316 2502 1394 2544 tibi
1424 2503 1484 2544 vis
1504 2503 1548 2544 in
1559 2519 1608 2550 55

105 2562 321 2616 geminis?
355 2561 604 2602 conceditur
630 2561 744 2602 enim
763 2560 922 2602 similes
951 2574 1042 2601 esse
1063 2576 1073 2601 ε
1105 2575 1190 2616 quo
1211 2567 1437 2601 contentus
1457 2573 1549 2600 esse

111 2628 323 2673 potueras.
344 2626 393 2659 tu
423 2626 565 2660 autem
583 2618 643 2659 vis
666 2617 840 2660 eosdem
860 2618 986 2674 plane
1005 2631 1114 2668 esse,
1133 2631 1220 2659 non
1240 2615 1412 2659 similes.
1433 2616 1550 2673 quod

115 2772 191 2836 Mn
218 2776 269 2838 nlon
289 2765 436 2795 mediocris
458 2764 581 2796 insaniae
602 2763 657 2806 est]
680 2765 747 2804 Sic,
770 2774 836 2796 non
851 2763 979 2803 insania,
1000 2763 1120 2797 habent
1137 2764 1208 2797 edd.
1222 2764 1305 2796 Ven.
1321 2763 1409 2796 Med.
1424 2762 1508 2795 vict.
1522 2767 1553 2793 et

153 2817 193 2838 ss.
209 2818 229 2848 p
246 2818 325 2844 ures.
348 2815 442 2841 recte.
