1778 3095
214 113 293 145 250
570 106 824 145 TUSCUL.
855 106 1296 145 QUAESTIONUM

213 223 385 266 terram,
406 222 450 256 et
468 214 511 256 in
531 230 646 257 mare
665 215 876 266 ferantur3
908 216 1079 272 reliquae
1110 215 1204 257 duae
1231 223 1384 271 partes,
1405 229 1490 257 una
1509 215 1645 272 ignea,
1684 269 1688 271 μ

214 269 344 312 altera
370 271 576 323 animalis,
599 281 645 313 ut
674 272 756 314 illae
777 273 1010 334 superiores
1041 288 1083 314 m
1113 272 1298 314 medium
1329 272 1471 313 locum
1500 273 1647 315 mundi

213 329 419 383 gravitate
449 329 634 371 ferantur
664 339 706 370 et
738 330 936 385 pondere,
958 344 1016 371 sic
1048 329 1114 370 hae
1134 344 1297 370 rursum
1320 329 1445 370 rectis
1465 329 1615 370 lineis'
1605 344 1648 372 m

216 384 429 426 caelestem
448 385 587 426 locum
611 387 846 437 subvolent
877 387 960 427 sive
989 386 1079 441 ipsa
1106 395 1253 427 natura
1273 393 1310 421 7⁵³
1329 386 1544 441 superiora
1571 400 1648 441 ap-

216 450 402 497 petente,
425 442 508 483 sive
536 443 650 498 quod
677 458 701 483 a
728 418 989 499 gravioribus
1021 443 1174 483 leviora
1204 453 1352 484 natura
1380 442 1648 498 repellantur.

217 513 314 554 quae
344 513 442 539 cum
476 509 685 550 constent,
716 500 982 562 perspicuum
1017 499 1143 540 debet
1173 514 1262 540 esse
1292 500 1467 549 animos,
1499 513 1596 539 cum
1625 512 1649 540 e

218 569 394 619 corpore
415 557 680 606 excesserint,
700 557 783 596 sive
814 555 873 596 illi
901 556 983 595 sint
1015 556 1228 606 animales,
1250 555 1292 596 id
1320 567 1397 606 est,
1421 555 1651 611 spirabiles,

154 616 201 650 41
219 611 301 652 sive
323 612 450 675 ignei,
472 620 511 648 74
527 613 568 654 in
602 612 781 653 sublime
811 612 921 652 ferri.
981 612 1025 652 Si
1052 626 1148 652 vero
1169 622 1242 653 aut
1262 627 1458 653 numerus
1479 611 1652 668 quidam

219 667 273 708 sit
292 669 471 719 animus,
480 668 620 743 quod,
642 668 850 709 subtiliter
869 669 1020 722 magiS,
1041 682 1167 723 quam
1187 668 1369 709 dilucide
1391 669 1558 718 dicitur,
1579 677 1653 710 aut

220 724 367 780 quinta
387 725 457 765 illa
480 733 516 760 70
533 740 616 766 non
638 725 852 765 nominata
870 724 1023 779 magis,
1043 739 1169 788 quam
1192 740 1274 766 non
1301 726 1513 766 intellecta
1530 734 1652 767 natu-

220 795 285 822 ra:
310 788 348 816 76
363 782 500 822 multo
521 782 647 822 etiam
668 781 911 836 integriora,
932 795 980 821 ac
1000 781 1170 836 puricra
1190 792 1301 844 sunt,
1321 792 1368 822 ut
1388 797 1412 823 a
1433 792 1542 823 terra
1560 782 1653 823 lon-

220 837 394 891 gissime
414 852 456 878 56
485 838 672 878 efferant.
703 837 853 879 horum
886 838 1016 893 igitur
1044 837 1202 894 aliquid
1231 838 1394 879 animus
1423 846 1656 888 est,1⁷nec

222 904 308 934 tam
332 904 480 957 iegeta
500 909 617 935 mens
637 904 710 935 aut
732 896 772 935 in
794 895 937 946 corde,
959 895 1194 945 cerebrove,
1214 904 1287 936 aut
1303 894 1344 935 in
1369 894 1655 950 Empedocleo

145 947 210 994 18
224 950 426 1005 sanguine
464 950 653 991 demersa
680 951 832 1007 jaceat.
891 951 1188 992 Dicaearchum
1223 966 1320 992 vero
1356 967 1454 993 cum
1490 951 1657 992 Aristo-

224 1021 332 1048 xeno
354 1007 503 1063 aequali
524 1018 566 1048 et
587 1008 878 1063 condiscipulo
899 1023 990 1057 suo,
1012 1008 1162 1048 doctos
1182 1022 1280 1049 sane
1300 1008 1508 1058 homines,
1528 1007 1656 1049 omit-

223 1071 392 1104 tamus:
425 1079 604 1120 quorum
625 1065 730 1106 alter
760 1079 811 1105 ne
843 1064 1109 1105 condoluisse
1126 1064 1296 1120 quidem
1317 1080 1521 1130 umquam
1542 1063 1657 1105 vide-

223 1128 308 1167 tur,
329 1120 400 1176 qui
421 1136 609 1161 animum
641 1135 685 1162 se
716 1121 867 1162 habere
899 1136 981 1161 non
1016 1121 1193 1162 sentiat.
1225 1121 1328 1162 alter
1348 1123 1406 1163 ita
1425 1121 1658 1162 delectatur

225 1177 310 1217 suis
331 1177 539 1227 cantibus,
561 1188 609 1218 ut
627 1192 699 1218 eos
720 1178 847 1219 etiam
868 1177 920 1218 ad
940 1177 1032 1218 haec
1053 1178 1277 1218 transferre
1293 1187 1486 1218 conetur.
1546 1178 1659 1219 Har-

224 1234 411 1274 moniam
432 1243 574 1275 autem
600 1248 651 1274 ex
679 1233 902 1275 intervallis
924 1248 1125 1275 sonorum
1147 1248 1270 1274 nosse
1289 1248 1530 1288 possumuS,
1551 1248 1659 1289 quo-

225 1304 318 1330 rum
348 1290 458 1330 varia
484 1290 738 1353 compositio
763 1290 889 1330 etiam
918 1290 1158 1331 harmonias
1178 1289 1305 1331 efficit
1324 1290 1463 1346 plures
1483 1306 1492 1331 :
1523 1304 1660 1332 mem·

226 1346 398 1388 brorum
432 1361 527 1387 vero
560 1347 735 1397 situs,e
712 1355 755 1388 et
786 1346 919 1402 figura
948 1347 1151 1402 corporis,
1177 1361 1326 1388 vacans
1356 1347 1512 1397 animo,
1533 1360 1660 1403 quam

226 1402 362 1457 possit
381 1402 643 1444 harmoniam
665 1404 843 1453 efficere,
864 1418 949 1445 non
967 1403 1109 1444 video:
1129 1403 1199 1446 sed
1220 1403 1288 1445 hic
1306 1403 1492 1459 quidem,
1513 1417 1662 1460 quam-

96 1478 127 1508 p
143 1472 214 1502 157-
227 1458 286 1499 vis
315 1459 505 1501 eruditus
533 1460 601 1511 sit,
621 1461 731 1501 sicut
751 1471 828 1512 est,
848 1459 939 1501 haec
960 1460 1167 1516 magistro
1187 1460 1392 1501 concedat
1411 1459 1660 1502 Aristoteli:

186 1519 215 1540 a.
227 1530 378 1556 canere
398 1517 485 1572 ipse
507 1516 670 1558 doceat.
692 1518 799 1558 bene
818 1516 928 1557 enim
949 1517 1021 1558 illo
1042 1517 1262 1572 proverbio
1283 1518 1532 1559 Graecorum
1554 1531 1661 1572 prae-

225 1572 393 1628 cipitur,

338 1666 449 1714 Quam
469 1665 603 1715 quisque
622 1665 706 1701 norit
725 1671 843 1710 artem,
863 1665 897 1701 in
916 1664 980 1702 hac
997 1678 1030 1701 se
1047 1673 1209 1702 exerceat.

163 1755 215 1788 42
230 1749 353 1791 Illam
382 1763 479 1790 vero
515 1748 704 1790 funditus
737 1749 952 1805 ejiciamus
986 1749 1296 1791 individuorum
1328 1763 1557 1805 corporum
1589 1749 1663 1791 lae-

228 1807 339 1847 vium
362 1815 406 1847 et
426 1805 706 1847 rotundorum
739 1806 1060 1847 concursionem
1091 1805 1336 1847 fortuitam:
1369 1820 1495 1861 quam
1522 1814 1664 1848 tamen

227 1863 502 1904 Democritus
533 1862 859 1903 concalefactam
894 1872 937 1903 et
968 1861 1224 1917 spirabilem,
1254 1861 1296 1902 id
1327 1872 1406 1913 est,
1439 1862 1662 1905 animalem

228 1934 318 1961 esse
340 1919 485 1960 voluit.
516 1921 550 1961 is
580 1929 723 1960 autem
744 1919 923 1969 animus,
945 1919 1031 1974 qui,
1053 1919 1086 1959 si
1108 1929 1173 1960 est
1191 1918 1345 1960 horum
1367 1928 1570 1975 quattuor
1586 1933 1662 1975 ge-

230 1991 392 2026 nerum,
428 1990 478 2016 ex
512 1976 666 2032 quibus
701 1976 842 2016 omnia
873 1985 1064 2016 constare
1094 1975 1307 2027 dicuntur,
1327 1989 1376 2017 ex
1406 1976 1666 2018 inflammata

229 2033 370 2074 anima
400 2041 581 2082 constat,
614 2042 664 2073 ut
694 2032 963 2088 potissimum
996 2031 1125 2073 videri
1155 2031 1275 2073 video
1309 2032 1507 2082 Panaetio,
1538 2046 1663 2088 supe-

229 2089 340 2131 riora
369 2099 561 2145 capessat
591 2103 762 2131 necesse
793 2098 869 2130 est.
902 2089 1004 2130 nihil
1033 2089 1146 2130 enim
1176 2088 1335 2129 habent
1363 2088 1454 2129 haec
1482 2088 1568 2130 duo
1588 2103 1666 2145 ge-

229 2161 329 2188 nera
360 2146 496 2202 proni,
530 2155 573 2188 et
603 2160 754 2201 supera
783 2160 948 2201 semper
980 2154 1144 2201 petunt.
1173 2145 1246 2194 ita,
1277 2144 1360 2185 sive
1390 2144 1661 2201 dissipantur,

226 2203 376 2258 procul
395 2217 420 2243 a
440 2203 558 2244 terris
579 2202 622 2243 id
643 2203 798 2244 evenit:
832 2202 914 2243 sive
936 2210 1194 2258 permanent,
1218 2210 1261 2242 et
1280 2210 1527 2242 conservant
1545 2201 1666 2244 habi-

230 2268 321 2301 tum
345 2274 483 2311 suum,
505 2260 587 2300 hoc
607 2259 735 2299 etiam
766 2258 902 2315 magis
925 2273 1093 2300 necesse
1123 2268 1187 2300 est
1217 2257 1402 2299 ferantur
1423 2257 1476 2299 ad
1497 2258 1666 2310 caelum,

231 2324 273 2356 et
295 2317 347 2357 ab
368 2316 432 2364 his
463 2325 760 2371 perrumpatur
791 2324 834 2357 et
863 2315 1071 2357 dividatur
1101 2329 1264 2356 crassus
1290 2314 1358 2355 hic
1380 2324 1424 2356 et
1443 2324 1665 2357 concretus

230 2387 315 2422 aer,
337 2373 409 2428 qui
429 2382 494 2414 est
515 2383 635 2414 terrae
665 2372 898 2428 proximus.
929 2371 1104 2413 calidior
1123 2381 1187 2412 est
1205 2371 1331 2421 enim,
1353 2371 1416 2412 vel
1437 2371 1578 2427 potius
1599 2386 1666 2414 ar-

231 2429 398 2470 dentior
416 2430 596 2480 animm,
618 2444 745 2485 quam
771 2438 834 2470 est
855 2429 923 2470 hic
943 2443 1027 2480 aer,
1047 2442 1174 2484 quem
1203 2427 1333 2469 modo
1364 2427 1449 2470 dixi
1479 2443 1667 2471 crassum

276 2583 314 2612 78
342 2577 487 2617 superiora
512 2576 677 2617 appetente]
707 2579 854 2609 Davisius
877 2580 931 2609 de·
1018 2584 1057 2613 76
1074 2589 1111 2607 m.
1129 2577 1217 2607 etiam
1234 2577 1389 2616 integriora
1405 2588 1439 2606 ac
1449 2578 1570 2618 purIora
1584 2576 1668 2620 sunt]

232 2621 278 2650 dit
291 2627 466 2660 appetentes,
485 2621 600 2650 melius
620 2621 759 2660 vulgato.
975 2621 1086 2653 Genus
1109 2630 1173 2650 non
1196 2621 1345 2650 convenit
1366 2622 1589 2659 superioribus.
1607 2622 1627 2652 i.
1643 2631 1671 2651 e.

278 2668 317 2698 74
336 2663 454 2692 sublime
465 2663 567 2703 ferri]
594 2664 725 2694 Videtur
748 2666 930 2695 addendum
974 2665 1091 2695 animis
1115 2664 1276 2694 humanis.
1300 2664 1385 2693 unde
1407 2664 1556 2695 Davisius
1579 2665 1675 2695 edidit

233 2705 276 2743 in,
304 2707 399 2745 idque
423 2713 455 2736 et
477 2706 510 2736 in
536 2707 606 2736 edd.
630 2714 705 2737 vett.
730 2707 817 2737 Med.
841 2709 931 2738 Junt.
976 2707 1142 2747 integriores
1157 2718 1192 2736 ac
1204 2707 1331 2746 puriores
1347 2714 1422 2736 sunt.

233 2749 307 2780 Ald.
322 2756 380 2786 est,
398 2750 474 2779 item
488 2750 520 2779 in
537 2749 598 2779 Ms.
618 2749 725 2779 Guelf.
1019 2757 1055 2786 77
1076 2748 1258 2789 nec—jacet]
1282 2749 1335 2779 Sic
1358 2750 1478 2780 habent
1498 2750 1568 2781 edd.
1583 2751 1670 2781 Med.

278 2799 317 2828 75
329 2803 381 2822 non
393 2792 539 2822 nominata
553 2791 660 2832 magis]
675 2793 726 2822 Sc.
741 2793 773 2822 in
786 2803 931 2823 sermone
975 2795 991 2824 J
996 2801 1064 2824 unt.
1081 2801 1112 2824 et
1127 2794 1190 2823 Ms.
1209 2792 1315 2823 Guelf.
1336 2794 1422 2832 quod
1442 2792 1572 2834 vulgato
1595 2804 1671 2823 ne·—

236 2836 347 2866 Latino
363 2846 435 2876 quae
451 2845 570 2866 nomen
587 2845 652 2866 non
669 2837 773 2866 habet.
967 2838 1084 2877 jaceat,
1096 2838 1181 2876 jure,
1197 2837 1322 2876 opinor,
1339 2835 1474 2876 praetuli.
