1768 3095
533 79 714 118 LIBER
751 77 1069 115 QUARTUS.
1469 80 1521 120 39

87 191 278 234 fendunt.
299 205 393 248 quae
421 197 520 230 sunt
543 188 645 229 item
671 187 759 229 duo
777 203 787 228 t
819 199 970 238 unum,
989 197 1154 233 eorum,
1174 197 1269 238 quae
1287 182 1521 234 videantur,

87 249 170 291 alia
196 263 294 291 vera
321 261 425 297 esse,
455 245 538 287 alia
566 244 699 286 falsa:
731 243 927 294 alterum,
957 256 1085 283 omne
1113 240 1265 290 visum,
1285 240 1402 294 quod
1427 241 1481 280 sit
1498 254 1522 280 a

87 321 202 358 vero,
232 305 316 347 tale
344 317 449 353 esse,
479 301 604 358 quale
633 301 761 342 etiam
791 314 817 341 a
844 299 953 341 falso
983 298 1118 354 possit
1141 311 1246 337 esse.
1307 297 1417 336 Haec
1437 295 1522 336 duo
1534 299 1586 332 42

88 362 307 419 proposita
332 375 416 401 non
446 357 757 415 praetervolant,
778 356 852 398 sed
881 356 941 397 ita
964 355 1157 405 dilatant,
1178 362 1228 394 ut
1252 367 1339 395 non
1358 351 1525 393 medio-

88 434 205 461 crem
247 432 392 460 curam
429 416 657 457 adhibeant
699 423 744 456 et
781 412 1062 470 diligentiam.
1101 410 1293 452 dividunt
1332 409 1446 451 enim
1483 408 1528 450 in

89 484 243 532 partes,
263 482 308 516 et
326 488 395 515 eas
414 472 586 529 quidem
606 485 809 527 magnas:
838 470 1024 527 primum
1044 469 1086 510 in
1106 482 1252 509 sensus
1272 484 1282 507 z
1314 466 1467 508 deinde
1483 465 1527 506 in

90 547 153 583 ea,
190 546 284 588 quae
318 530 532 572 ducuntur
569 544 594 570 a
631 528 836 580 sensibus,
874 535 918 568 et
956 527 1010 568 ab
1048 525 1167 566 omni
1204 523 1527 573 consuetudine,

91 596 128 625 87
149 602 277 644 quam
296 586 512 629 obscurari
532 585 693 627 volunt.
714 594 807 626 tum
827 583 1075 640 perveniunt
1090 581 1144 623 ad
1163 596 1257 623 eam
1280 588 1459 636 partem,
1478 589 1528 621 ut

89 659 141 685 ne
174 644 336 685 ratione
373 643 562 700 quidem,
599 651 644 684 et
679 641 925 698 conjectura
959 640 1046 681 ulla
1080 653 1145 680 res
1182 638 1342 694 percipi
1378 636 1527 693 possit.

89 702 198 744 Haec
227 709 372 742 autem
403 700 595 742 universa
623 698 858 740 concidunt
887 697 1016 738 etiam
1047 696 1266 737 minutius.
1327 696 1391 736 Ut
1412 694 1527 735 enim

88 757 142 799 de
171 758 362 799 sensibus
392 757 591 799 hesterno
622 769 818 797 sermone
847 754 1023 805 vidistis,
1043 753 1146 794 item
1176 752 1338 794 faciunt
1356 751 1410 793 de
1429 750 1528 793 reli-

89 815 208 871 quis:
239 814 282 855 in
303 814 564 870 singulisque
592 813 733 863 rebus,
754 826 858 868 quas
886 811 930 852 in
954 810 1132 853 minima
1160 809 1428 865 dispertiunt,
1454 822 1530 850 vo-

88 871 183 912 lunt
208 871 386 923 efficere,
407 871 472 912 his
492 870 706 921 omnibus,
727 884 822 925 quae
842 868 928 909 visa
955 867 1055 919 sint,
1076 866 1197 918 veris,
1219 866 1421 923 adjuncta
1439 878 1531 907 esse

87 928 208 980 falsa,
238 944 333 984 quae
363 943 388 969 a
417 928 523 969 veris
554 926 659 969 nihil
688 926 909 968 differant:
942 939 992 966 ea
1021 939 1120 966 cum
1151 923 1254 965 talia
1288 923 1387 976 sint,
1426 921 1532 964 nihil

88 998 213 1040 posse
232 984 552 1041 comprehendi.

145 1043 271 1083 Hanc
302 1056 386 1097 ego
420 1041 714 1092 subtilitatem,
742 1039 1016 1096 philosophia
1041 1037 1216 1095 quidem
1235 1035 1529 1093 dignissimam
1550 1035 1618 1083 14.

82 1096 248 1154 judico,
269 1099 343 1140 sed
363 1099 416 1140 ab
434 1113 584 1140 eorum
606 1112 747 1148 causa,
768 1097 841 1153 qui
862 1097 920 1138 ita
939 1096 1165 1146 disserunt,
1186 1094 1593 1142 remotissimam.43

89 1154 354 1197 definitiones
383 1156 497 1197 enim
527 1164 571 1197 et
600 1155 862 1210 partitioneS,
893 1162 937 1196 et
966 1152 1122 1194 horum
1152 1151 1384 1193 luminibus
1409 1158 1533 1192 utens

92 1212 244 1263 oratio,
274 1221 366 1253 tum
398 1211 695 1253 similitudines
725 1209 1189 1265 dissimilitudinesque,
1219 1217 1263 1250 et
1290 1222 1437 1250 earum
1467 1216 1533 1248 te-

91 1268 185 1309 nuis
215 1278 259 1309 et
288 1277 412 1309 acuta
441 1268 673 1320 distinctio,
693 1267 914 1308 fidentium
943 1275 1009 1308 est
1037 1266 1290 1316 hominum3
1321 1265 1395 1307 illa
1423 1278 1534 1316 vera,

91 1334 135 1366 et
166 1324 299 1375 firma,
329 1333 372 1366 et
401 1333 517 1366 certa
546 1339 652 1375 esse,
683 1339 778 1380 quae
809 1331 1026 1365 tutentur:
1058 1337 1143 1363 non
1163 1336 1329 1373 eorum,
1350 1321 1423 1378 qui
1443 1321 1532 1363 cla-

91 1390 226 1431 ment,
257 1381 390 1423 nihilo
420 1381 558 1437 magis
588 1395 684 1422 vera
712 1379 786 1421 illa
822 1394 929 1431 esse,
960 1394 1089 1435 quam
1120 1377 1238 1419 falsa.
1278 1378 1380 1434 quid
1419 1378 1530 1419 enim
1546 1391 1576 1422 p.
1595 1388 1644 1412 12-

91 1446 236 1492 agant,
258 1438 308 1489 si,
328 1452 426 1479 cum
453 1437 613 1492 aliquid
644 1436 897 1488 definierint,
918 1445 1043 1491 roget
1073 1450 1145 1476 eos
1175 1435 1401 1491 quispiam,
1431 1449 1534 1476 num
1548 1435 1576 1456 ³·

91 1494 165 1536 illa
193 1494 383 1536 definitio
413 1494 549 1549 possit
576 1493 671 1534 88in
701 1493 827 1534 aliam
858 1507 948 1534 rem
970 1492 1185 1533 transferri
1210 1492 1468 1548 quamlibet:
1501 1491 1536 1533 si

91 1565 217 1606 posse
237 1551 419 1592 dixerint
437 1568 446 1592 :
480 1558 519 1585 89
534 1550 636 1606 quid
668 1550 808 1592 dicere
827 1550 1026 1599 habeant,
1047 1563 1123 1590 cur
1142 1548 1215 1589 illa
1232 1563 1330 1589 vera
1346 1548 1537 1590 definitio

93 1607 177 1649 sit?
211 1608 246 1649 si
276 1607 549 1663 negaverint:
582 1606 802 1648 fatendum
834 1607 903 1657 sit,
943 1615 984 1640 90
998 1605 1199 1661 quoniam
1230 1605 1295 1646 vel
1333 1605 1405 1646 illa
1442 1620 1539 1646 vera

94 1664 285 1707 definitio
305 1664 522 1706 transferri
554 1679 639 1705 non
658 1663 795 1719 possit
814 1663 854 1704 in
877 1662 1030 1704 falsum
1047 1678 1058 1713 ;
1090 1661 1207 1718 quod
1226 1676 1276 1703 ea
1295 1662 1539 1704 definitione

94 1721 341 1777 explicetur,
361 1721 405 1762 id
426 1720 585 1776 percipi
604 1735 729 1776 posse
747 1737 756 1761 ε
789 1720 905 1776 quod
925 1719 1100 1761 minime
1121 1719 1182 1760 illi
1201 1719 1363 1760 volunt.
1387 1719 1537 1760 eadem

94 1777 179 1820 dici
199 1787 401 1833 poterunt
419 1778 464 1819 in
484 1777 683 1819 omnibus
703 1778 907 1832 partibus.
969 1777 1013 1818 Si
1034 1776 1147 1817 enim
1169 1775 1326 1827 dicent,
1348 1785 1383 1810 91
1402 1791 1465 1826 ea,
1485 1775 1539 1817 de
1549 1786 1602 1821 44

95 1835 250 1890 quibus
267 1835 488 1885 disserant,
507 1848 551 1875 se
569 1834 754 1876 dilucide
773 1834 1026 1890 perspicere,
1043 1848 1120 1874 nec
1136 1832 1225 1874 ulla
1237 1834 1540 1875 communione

95 1891 281 1933 visorum
311 1890 536 1946 impediri:
569 1890 930 1946 comprehendere
960 1905 1009 1932 ea
1039 1905 1083 1931 se
1112 1904 1240 1946 posse
1278 1890 1539 1932 fatebuntur.

96 1947 159 1990 sin
181 1956 323 1989 autem
344 1947 564 2003 negabunt
580 1962 675 1988 vera
694 1947 780 1989 visa
798 1962 823 1989 a
843 1948 960 1989 falsis
981 1961 1108 2004 posse
1127 1947 1348 2003 distingui,
1369 1947 1442 2002 qui
1460 1961 1541 2002 po-

96 2012 240 2047 terunt
268 2004 439 2060 longius
469 2004 704 2060 progredi?
738 2013 986 2046 occurretur
1014 2003 1144 2054 enim,
1175 2004 1284 2045 sicut
1314 2017 1541 2046 occursum

96 2069 174 2103 est.
204 2076 302 2102 nam
329 2060 526 2102 concludi
552 2069 852 2117 argumentum
886 2076 970 2102 non
991 2069 1149 2116 potest,
1169 2061 1249 2101 nisi
1269 2060 1349 2112 his,
1371 2075 1466 2116 quae
1487 2060 1542 2102 ad

97 2117 441 2161 concludendum
471 2125 613 2159 sumta
641 2126 780 2169 erunt,
813 2118 873 2159 ita
901 2117 1106 2173 probatis,
1136 2125 1185 2159 ut
1214 2117 1323 2159 falsa
1350 2117 1540 2174 ejusdem

96 2175 216 2218 modi
244 2175 360 2217 nulla
388 2174 551 2231 possint
577 2189 681 2216 esse.
703 2188 808 2230 ergo
829 2175 879 2225 si,
901 2175 1026 2216 rebus
1047 2174 1363 2230 comprehensis
1383 2183 1427 2216 et
1444 2189 1541 2230 per-

141 2308 179 2338 87
204 2313 293 2345 quam
315 2301 461 2332 obscurari
481 2299 600 2341 volunt]
619 2301 798 2332 Consuetu-
838 2300 1160 2341 gaverint,fiztendum
1176 2300 1225 2331 sit.

97 2346 165 2376 dini
181 2345 307 2376 nullam
321 2345 389 2375 vim
405 2345 500 2375 tribui
520 2344 646 2382 volunt,
662 2345 695 2374 in
711 2353 800 2374 eam·
887 2351 926 2377 90
949 2344 1085 2386 quoniam
1099 2344 1154 2373 vel
1167 2343 1220 2372 illa
1235 2342 1303 2373 veri
1321 2341 1550 2382 dqfinitio—vcl

98 2398 161 2429 que
176 2395 298 2429 partem
312 2388 486 2428 disputant.
530 2388 677 2418 Davisius
700 2387 801 2418 male·
843 2387 920 2429 quod
934 2398 968 2416 ea
983 2386 1043 2427 dqfi
1061 2386 1220 2426 explicetur
1243 2385 1318 2424 δια]
1335 2385 1389 2415 vel
1401 2386 1544 2425 primum

98 2432 155 2463 bat
167 2431 328 2461 obscurare.
373 2431 434 2462 Sed
449 2431 495 2461 nil
511 2431 649 2462 interest.
661 2432 706 2461 sic
722 2440 801 2461 mox
843 2437 891 2460 est
914 2439 970 2470 pro
986 2430 1076 2467 adeo,
1101 2430 1199 2460 etiam
1210 2441 1220 2460 ι
1244 2429 1391 2460 Davisius
1417 2428 1546 2465 delevit,

100 2484 157 2515 pro
172 2474 276 2505 volunt
291 2473 410 2515 efficere,
427 2481 547 2514 poterat
561 2474 659 2505 etiam
679 2475 741 2505 dici
757 2473 801 2515 ef-
844 2483 911 2504 non
927 2474 1115 2504 necessario.
1130 2474 1184 2504 sed
1200 2483 1255 2513 pro
1271 2471 1337 2501 veri
1356 2479 1438 2502 recte
1459 2481 1548 2511 repo-

90 2518 151 2558 fici
164 2516 280 2548 volunt.
844 2516 908 2547 suit
924 2527 1008 2552 vera,
1025 2518 1110 2556 quod
1126 2523 1158 2547 et
1171 2517 1242 2547 edd.
1263 2522 1337 2546 vett.
1352 2516 1434 2546 Ven.
1453 2522 1548 2549 1474.

147 2567 186 2591 88
210 2560 241 2589 in
270 2559 363 2590 aliam
392 2558 467 2601 rem]
497 2560 613 2591 Addidi
639 2569 698 2588 rem
723 2568 802 2589 cum
846 2560 934 2590 Med.
958 2559 1032 2590 Ald.
1059 2560 1189 2590 habent.
1213 2559 1268 2589 illa
1291 2560 1369 2589 adeo
1389 2558 1545 2593 definitio,

102 2603 245 2641 Davisio,
261 2603 316 2643 qui
338 2604 371 2634 in
392 2604 472 2634 Mss.
488 2605 612 2643 reperit,
633 2602 754 2632 habent
771 2608 804 2632 et
845 2612 945 2642 quam
968 2603 1026 2642 ipsi
1048 2612 1156 2634 veram
1171 2603 1288 2632 dicant.
1334 2602 1393 2632 Sed
1410 2601 1548 2631 alterum

103 2647 176 2678 edd.
190 2647 273 2678 Ven.
291 2652 385 2682 1471.
403 2652 497 2682 1474.
514 2647 602 2677 Med.
618 2645 691 2676 Ald.
709 2646 769 2675 ὅτε.
847 2645 901 2675 vel
912 2645 1095 2684 deleverim,
1111 2647 1197 2686 quod
1212 2645 1322 2676 locum
1341 2645 1394 2675 hic
1411 2654 1475 2674 non
1492 2645 1549 2673 ha-

148 2696 189 2723 89
204 2689 278 2731 quid
286 2689 383 2720 dicere
392 2690 527 2729 habeant]
547 2689 653 2729 Vulgo
673 2696 721 2718 est
736 2687 809 2729 quid
848 2688 920 2719 bere
936 2695 1048 2728 potest,
1065 2689 1243 2729 delevitque
1257 2689 1354 2719 etiarn
1370 2688 1528 2718 Davisius.

107 2731 192 2763 enim.
213 2732 314 2763 delevi
341 2732 426 2763 enim.
456 2734 544 2773 quod
567 2739 614 2763 est
638 2731 805 2762 alienum:
894 2739 931 2765 91
958 2744 1004 2770 ea,
1020 2733 1055 2761 de
1075 2733 1177 2774 quibus
1193 2731 1341 2771 disserent]
1362 2731 1441 2761 Puto
1457 2731 1549 2760 corr‘·

108 2783 167 2805 nec
182 2776 270 2807 enirn
286 2782 332 2806 est
346 2777 550 2816 parenthesis.
595 2776 657 2806 Sed
680 2784 808 2814 respon·
849 2775 993 2814 gendum
1009 2775 1161 2806 disserant.

108 2818 154 2848 sio
170 2819 209 2849 ad
230 2818 322 2858 illud,
339 2819 363 2849 si
378 2825 458 2860 posse
472 2818 614 2858 dixerint,
626 2825 663 2851 ut
678 2824 747 2859 post
759 2828 807 2847 ne-

788 2872 873 2911 1³4
