1778 3095
564 156 766 197 ‘LIBER
799 155 1139 193 SECUNDUS.
1494 160 1573 204 476

146 260 284 317 Ipsius
313 269 456 305 autem
484 270 620 318 partes
649 277 724 312 eae,
747 276 841 316 quae
869 271 968 302 sunt
998 261 1105 303 infra
1128 261 1184 313 id,
1204 260 1318 316 quod
1339 260 1575 314 devoratur,

144 319 392 361 dilatantur.
413 335 507 383 quae
528 328 667 359 autem
691 332 830 373 supra,
850 318 1168 359 contrahuntur
1205 317 1288 359 Sed
1310 331 1407 358 cum
1428 333 1575 372 aspera
1591 327 1666 364 136

143 377 307 426 arteria,
330 376 405 429 (sic
425 390 533 416 emm
551 389 576 415 a
593 374 765 415 medicis
785 374 1035 429 appellatur)
1057 375 1211 415 ostium
1233 374 1400 423 habeat,
1421 374 1572 430 adjun-

143 443 258 473 ctum
276 433 430 487 linguae
448 431 671 480 radicibus,
685 431 828 486 paullo
844 446 982 486 supra,
997 445 1125 485 quam
1141 431 1194 471 ad
1211 431 1398 485 linguam
1417 439 1575 472 stoma-

142 488 247 531 chus
264 489 512 553 annectitur,
532 502 663 543 eaque
679 488 730 528 ad
751 487 969 551 pulmones
988 501 1120 542 usque
1138 487 1357 541 pertineat,
1374 487 1575 541 excipiat-

143 560 224 601 que
241 546 422 586 animam
441 559 550 595 eam,
571 560 665 600 quae
684 545 811 585 ducta
827 544 880 584 sit
900 543 1062 599 spiritu,
1083 543 1345 606 eandemque
1362 557 1386 583 a
1403 543 1572 597 pulmo-

142 602 264 642 nibus
300 601 484 655 respiret,
517 610 560 642 et
591 600 762 642 reddat:
794 601 952 656 tegitur
978 599 1162 655 quodam
1197 599 1316 654 quasi
1343 599 1572 653 operculo:

142 657 256 713 quod
278 658 334 698 ob
353 672 445 697 eam
467 672 637 698 causam
659 658 804 698 datum
826 667 902 707 est,
924 671 989 707 ne,
1011 656 1187 712 siquid
1178 671 1219 697 m
1248 670 1340 696 eam
1361 655 1444 696 cibi
1464 656 1573 698 forte

140 713 366 764 incidisset,
389 714 557 768 spiritus
589 714 874 778 impediretur.
935 713 1016 754 Sed
1047 729 1142 754 cum
1174 712 1253 753 alvi
1283 723 1444 761 natura,
1471 713 1616 753 sub-b·

131 769 246 825 jecta
268 771 503 821 stomacho,
526 772 608 812 cibi
629 782 672 812 et
699 771 882 835 potionis
904 771 958 811 sit
977 770 1318 825 receptaculum.
1351 768 1573 823 pulmones

138 835 294 876 autem,
317 836 359 867 et
388 842 462 868 cor
486 828 740 868 extrinsecus
770 827 961 882 spiritum
989 826 1227 867 adducant:
1259 841 1301 866 1n
1327 825 1418 866 alvo
1439 824 1576 866 multa

140 892 239 922 sunt
269 883 515 925 miiabiliter
547 885 709 934 effecta,
741 892 777 919 47
796 899 890 939 quae
921 894 1088 924 constat
1118 883 1203 923 fere
1233 897 1256 923 e
1293 883 1439 923 nervis.
1497 883 1575 924 Est

137 947 280 979 autem
310 940 530 995 multiplex
558 951 601 981 et
631 950 837 989 tortuosa,
860 949 1057 995 arcetque
1077 949 1119 980 et
1141 939 1343 989 continet,
1366 938 1448 979 sive
1467 937 1574 980 illud

138 995 302 1036 aridum
333 1006 409 1046 est,
433 997 516 1037 sive
546 997 785 1046 humidum,
806 1005 844 1028 48
863 996 978 1051 quod
1006 996 1168 1050 recipit,
1198 1005 1245 1036 ut
1275 995 1316 1035 id
1345 995 1500 1036 mutari
1530 1005 1575 1037 et

137 1053 346 1107 concoqui
377 1053 537 1107 possit3
569 1067 712 1117 eaque
728 1062 821 1094 tum
846 1053 1136 1107 adstringitur,
1156 1063 1246 1093 tum
1269 1052 1490 1102 relaxatur,
1511 1062 1575 1094 at-

137 1122 220 1163 que
252 1123 394 1159 omne,
430 1109 545 1164 quod
584 1110 749 1164 accipit,
780 1110 899 1165 cogit
929 1119 971 1150 et
1007 1108 1257 1150 confundit.
1298 1117 1346 1148 ut
1376 1108 1498 1149 facile
1531 1118 1574 1151 et

136 1172 176 1198 49
189 1165 342 1228 calore,
374 1181 500 1229 quem
530 1166 714 1207 multum
745 1167 886 1217 habet,
918 1165 1144 1207 exterendo
1174 1165 1270 1206 cibo
1299 1173 1342 1205 et
1372 1175 1574 1219 praeterea

136 1221 285 1275 spiritu
305 1237 447 1263 Omma
468 1233 590 1264 cocta
616 1232 742 1277 atque
770 1224 965 1264 conlecta
997 1223 1038 1263 in
1068 1222 1274 1277 reliquum
1295 1235 1449 1276 corpus
1470 1221 1548 1262 dn
1529 1238 1574 1263 1-

137 1276 304 1319 dantur.
350 1279 397 1318 In
409 1279 693 1342 pulmonibus
715 1290 856 1320 autem
880 1280 987 1320 inest
1008 1280 1151 1319 raiitas
1174 1277 1384 1333 quaedam,
1407 1288 1450 1319 et
1469 1279 1571 1319 assi·
1587 1275 1656 1325 55

136 1334 248 1374 milis
268 1336 454 1390 spongiis
483 1335 723 1386 mollitudo,
742 1337 794 1377 ad
817 1336 1092 1376 hauriendum
1115 1335 1307 1389 spiritum
1329 1334 1570 1388 aptissima:

134 1390 206 1445 qui
227 1399 319 1431 tum
340 1406 383 1432 se
404 1393 659 1433 contrahunt
680 1393 752 1433 ads
736 1393 952 1447 pi1antes,
974 1401 1065 1433 tum
1091 1391 1285 1446 respiritu
1313 1390 1503 1442 dilatant,
1525 1402 1574 1434 ut

135 1447 376 1502 frequenter
406 1448 585 1489 ducatur
616 1458 654 1480 ⁵0
668 1449 788 1490 cibus
825 1449 1030 1499 animalis,
1067 1462 1153 1504 quo
1187 1447 1370 1488 maxime
1403 1447 1573 1491 aluntur

133 1504 380 1545 animantes
442 1506 500 1545 Fx
529 1506 735 1546 intestinis
765 1515 923 1556 autem,
945 1514 987 1546 et
1017 1505 1107 1545 alvo
1139 1514 1323 1545 secretus
1355 1518 1379 1544 3
1408 1504 1570 1560 reliquo
1587 1518 1659 1558 137

131 1560 228 1600 cibo
249 1575 398 1601 succus
419 1561 468 1611 is,
490 1576 575 1625 quo
597 1561 762 1613 alimur,
783 1571 1002 1616 permanat
1031 1561 1085 1602 ad
1110 1561 1247 1625 jecur,
1269 1575 1343 1615 per
1366 1560 1569 1616 quasdam

131 1624 168 1648 ⁵1
190 1631 215 1656 a
234 1617 374 1657 medio
395 1617 594 1658 intestino
615 1633 749 1682 usque
769 1618 822 1659 ad
844 1628 985 1673 portas
1000 1618 1173 1674 jecoris,
1194 1617 1270 1668 (sic
1291 1617 1402 1657 enim
1424 1618 1569 1673 appel-

129 1672 233 1725 lant)
260 1674 408 1714 ductas
437 1683 477 1714 et
509 1674 688 1715 directas
715 1675 814 1725 vias,
844 1690 938 1730 quae
969 1675 1180 1738 pertinent
1210 1673 1262 1713 ad
1287 1673 1423 1729 jecur,
1446 1675 1569 1730 eique

131 1729 360 1771 adhaerent.
420 1731 564 1795 Atque
600 1739 638 1762 ⁵2
656 1731 753 1772 inde
788 1731 880 1771 aliae
914 1731 1168 1786 pertinentes
1205 1740 1317 1780 sunt,
1351 1744 1426 1785 per
1465 1745 1568 1786 quas

132 1794 170 1818 ⁵3
184 1787 297 1827 cadit
317 1787 435 1827 cibus
456 1802 480 1828 a
492 1788 639 1843 jecore
658 1788 868 1842 delapsus.
927 1788 999 1828 Ab
1019 1802 1071 1828 eo
1092 1787 1188 1827 cibo
1210 1800 1306 1827 cum
1327 1796 1391 1827 est
1410 1796 1570 1829 secreta

132 1842 270 1893 bilis,
262 1844 373 1907 iique
394 1843 607 1893 humores,
629 1845 701 1900 qui
721 1859 771 1885 ex
795 1845 963 1885 renibus
986 1843 1318 1907 profunduntur·
1345 1843 1505 1898 reliqua
1524 1859 1568 1885 se

132 1899 174 1939 in
197 1900 443 1954 sanguinem
464 1910 644 1950 vertunt,
661 1901 712 1941 ad
731 1901 986 1956 easdemque
1006 1910 1147 1956 portas
1163 1899 1318 1956 jecoris
1336 1901 1568 1952 confluunt,

133 1955 188 1996 ad
211 1971 312 2011 quas
339 1970 485 1997 omnes
515 1958 606 2012 ejus
629 1957 705 1998 viae
725 1958 958 2012 pertinent.
990 1972 1063 2013 per
1085 1971 1187 2012 quas
1208 1956 1350 2012 lapsus
1371 1957 1535 2008 cibus,
1525 1973 1567 1999 m

133 2011 248 2052 hoc'
239 2027 330 2068 ipso
352 2013 478 2053 loco
469 2028 509 2052 m
532 2028 624 2054 eam
645 2028 808 2064 venam,
830 2029 924 2069 quae
946 2028 1045 2055 cava
1074 2013 1322 2068 appellatur,
1345 2013 1568 2056 confundi-

130 2077 213 2119 tur,
236 2083 391 2124 perque
409 2083 501 2109 eam
535 2069 587 2110 ad
618 2084 691 2111 cor
714 2079 752 2102 ⁵4
766 2071 982 2111 confectus
1010 2070 1102 2126 jam
1132 2079 1364 2125 coctusque
1386 2071 1566 2125 perlabi-

131 2133 225 2166 tur:
255 2140 280 2166 a
308 2125 435 2166 corde
465 2135 606 2167 autem
636 2127 678 2167 in
708 2135 846 2168 totum
877 2141 1029 2183 empus
1060 2126 1325 2168 distribuitur
1348 2141 1423 2182 per
1443 2142 1566 2169 venas

171 2246 209 2274 47
237 2250 302 2280 quae
320 2248 447 2270 constant
459 2242 530 2282 fere
552 2254 566 2272 e
587 2241 699 2280 nervis]
719 2243 743 2273 E
761 2243 825 2272 Ms

132 2281 239 2312 Ursini
255 2284 403 2314 Davisius
420 2288 535 2325 recepit
553 2293 661 2314 constat
677 2293 712 2315 ut
727 2286 765 2315 ad
782 2285 827 2315 al-

128 2333 207 2355 vum
236 2327 394 2358 referatur.
426 2329 516 2358 bene.
549 2338 625 2358 nam
652 2328 827 2357 mirabiliter

130 2369 232 2407 ffcta
248 2379 312 2399 non
329 2371 367 2400 ad
384 2372 549 2402 materiam
573 2372 633 2401 alvi
655 2373 824 2411 pertinent,

129 2411 183 2440 sed
199 2413 236 2442 ad
254 2412 363 2443 alvum
380 2415 492 2452 ipsam.

175 2461 213 2484 48
238 2455 314 2495 quod
328 2456 442 2495 recipit]
463 2457 580 2487 Melius
595 2457 736 2487 videatur
752 2467 826 2486 rece-

124 2495 195 2535 pit.
193 2507 198 2513 ·
222 2499 275 2528 sed
291 2504 320 2528 et
336 2509 427 2536 mox,
445 2501 478 2530 in
495 2500 591 2531 simili
608 2508 766 2531 structura
781 2506 827 2530 est

129 2539 245 2578 accipt't.

175 2589 216 2614 49
238 2581 343 2620 calore,
370 2595 453 2625 quem
479 2585 601 2615 multum
627 2585 724 2621 habet,
748 2591 826 2615 exte-

130 2624 216 2653 tendo
228 2625 288 2654 cibo
304 2632 330 2654 et
340 2633 374 2665 p.
377 2628 391 2666 j
405 2628 512 2667 Vulgo
524 2629 628 2659 male
623 2637 826 2668 interpunxe-

131 2677 163 2697 te
179 2674 248 2707 post
264 2668 347 2705 cib03
370 2677 406 2700 ut
421 2677 479 2699 ext.
497 2683 521 2701 c.
538 2673 705 2710 pertineret
720 2673 758 2701 ad
774 2681 826 2701 ca—

129 2710 242 2741 lorem.
266 2721 341 2741 nam
359 2719 418 2741 ext.
436 2724 459 2743 c.
477 2721 522 2743 est
537 2716 684 2750 alterum,
702 2724 767 2753 quo
782 2715 826 2744 ci-

129 2752 189 2783 bus
205 2755 386 2791 conficitur,
404 2765 462 2785 nec
476 2757 579 2787 calore
594 2759 765 2789 conteritur
780 2758 824 2787 ci-

129 2795 203 2832 bus,
218 2799 347 2828 tertium
364 2798 492 2838 spiritus.

127 2881 147 2913 d
176 2846 216 2870 50
237 2840 314 2870 cibus
340 2840 490 2880 animalis]
519 2841 684 2881 Eleganter
704 2845 749 2874 sic
772 2845 825 2873 aet

151 2882 252 2914 icitur.

915 2249 950 2273 51
976 2254 994 2271 α
1011 2242 1099 2271 medio
1115 2240 1257 2280 intestino]
1278 2241 1333 2271 Gr.
1348 2240 1522 2282 μεσεντερίῳ.

915 2292 952 2315 52
978 2285 1042 2314 inde
1057 2285 1126 2313 aliae
1137 2284 1312 2323 pertinentes
1327 2282 1403 2322 sunl]
1418 2285 1565 2323 pertinen-

870 2334 910 2356 tes
926 2328 978 2357 hic
995 2338 1058 2357 non
1076 2336 1253 2366 concoquo.
1276 2333 1353 2366 puto
1369 2329 1401 2357 in
1417 2337 1454 2357 eo
1470 2329 1565 2359 verbo

870 2370 976 2407 latere,
994 2371 1079 2409 quod
1102 2377 1287 2409 corruptum
1309 2371 1368 2399 sit:
1394 2370 1452 2400 nisi
1471 2371 1565 2410 plane

870 2420 915 2442 est
945 2414 1125 2443 insitiuum.
1159 2423 1235 2443 nam
1265 2419 1365 2452 potest
1394 2415 1564 2445 commode

869 2457 988 2487 abesse.

915 2506 951 2530 53
977 2498 1057 2528 cadi!
1072 2499 1149 2528 cibus
1168 2511 1187 2528 a
1200 2499 1298 2538 jecore
1313 2497 1455 2538 delapsus]
1475 2499 1564 2529 Edidi

870 2551 947 2572 cum
973 2543 1101 2572 Davisio
1127 2541 1277 2581 delapsus:
1303 2551 1378 2571 narn
1405 2541 1493 2581 vulg.
1520 2542 1566 2571 di-

870 2584 965 2624 lapsus
981 2595 1104 2625 prorsus
1120 2592 1166 2615 est
1180 2586 1220 2615 ab
1236 2586 1269 2614 h.
1283 2585 1305 2614 l.
1321 2585 1475 2615 alienum.
1513 2585 1565 2615 Ci-

870 2628 918 2657 bus
935 2635 979 2658 est
996 2629 1032 2664 is,
1049 2638 1148 2667 quem
1172 2629 1227 2658 Gr.
1251 2627 1362 2669 chylum
1382 2627 1561 2667 appellant:

869 2679 942 2701 ante
957 2672 1120 2701 dicebatur
1134 2682 1241 2701 succus.

914 2722 953 2745 54
977 2715 1120 2755 corfictus
1133 2714 1202 2753 jam
1226 2711 1388 2754 coctusque]
1416 2709 1566 2753 coctusque

868 2767 924 2796 pro
944 2758 1072 2797 vulgato
1095 2765 1262 2799 coactusque
1283 2757 1364 2786 edidi
1388 2765 1464 2786 cum
1489 2755 1562 2785 Ald.

868 2801 948 2831 min.
965 2801 1079 2840 recepit
1095 2808 1126 2831 et
1141 2801 1299 2831 Davisius.
1316 2800 1360 2828 sic
1376 2805 1406 2828 et
1418 2808 1446 2828 c.
1461 2806 1510 2829 54.
1528 2799 1560 2828 in

867 2843 932 2873 fine
944 2843 1058 2881 juncta
1072 2850 1148 2873 sunt
1162 2843 1302 2883 cmgfectus
1317 2848 1472 2882 coctusque.
