1778 3095
550 92 731 130 LIBER
765 91 1080 130 QUARTUS,
1451 95 1528 129 345

106 202 262 244 utiliter
293 217 317 244 a
346 210 494 244 natura
519 201 666 242 datas?
712 215 892 255 quorum
924 209 988 240 est
1015 199 1110 240 talis
1137 198 1285 239 oratio.
1346 199 1531 243 Primum

106 259 252 301 multis
272 260 403 300 verbis
424 257 680 299 iracundiam
703 256 898 297 laudant:
921 265 1061 296 cotem
1082 254 1340 295 fortitudinis
1360 270 1447 296 esse
1468 258 1532 298 di-

107 324 235 367 cunt3
267 316 483 370 multoque
514 323 556 354 et
585 314 627 354 in
657 313 839 363 hostem,
863 322 905 353 et
929 313 969 353 in
992 312 1232 366 improbum
1255 311 1387 352 civem
1408 313 1530 353 vehe-

109 348 332 414 mentiores
365 372 565 412 iratorum
600 371 781 434 impetus
815 383 929 409 esse:
961 368 1070 409 leves
1106 376 1245 409 autem
1279 368 1532 408 ratiunculas

108 443 271 479 eorum,
292 435 330 459 62
348 428 420 482 qui
448 428 507 467 ita
534 427 798 481 cogitarent,
828 424 1024 480 proelium
1050 433 1212 465 iectum
1233 434 1296 464 est
1316 424 1397 464 hoc
1419 424 1532 465 fieri:

107 485 302 525 convenit
321 483 519 524 dimicare
538 497 614 547 pro
634 482 817 537 legibuS,
839 496 916 536 pro
936 481 1142 529 libertate,
1164 495 1239 535 pro
1267 480 1412 535 patria.
1443 480 1533 521 'naec

109 541 316 582 fflnullam
346 540 502 579 habent
527 539 624 588 vim,
645 539 722 579 nisi
751 539 811 578 ira
839 538 1065 578 excanduit
1093 537 1311 578 fortitudo.
1343 551 1418 577 nec
1438 551 1534 578 xero

108 596 160 637 de
182 596 453 636 bellatoribus
474 595 610 636 solum
633 595 860 648 disputant.
892 595 1069 649 imperia
1089 594 1293 634 severiora
1313 593 1428 634 nulla
1444 608 1535 634 esse

106 661 257 707 putant
287 652 373 692 sine
403 652 543 707 aliqua
570 652 795 692 acerbitate
824 651 1078 692 iracundiae:
1115 658 1325 690 oratorem
1356 650 1536 704 denique

107 723 190 749 non
210 708 338 749 modo
358 719 639 758 accusantem,
661 708 734 749 sed
763 722 814 748 ne
844 707 1134 748 defendentem
1157 706 1327 761 quidem
1357 707 1536 761 probant

110 764 198 805 sine
219 765 373 805 aculeis
394 764 633 805 iracundiae.
665 779 759 819 quae
776 764 903 804 etiam
923 764 956 804 si
978 779 1061 804 non
1083 763 1204 812 adsit,
1225 772 1366 803 tamen
1386 763 1535 813 verbis,

107 829 233 876 atque
254 830 376 861 motu
396 821 675 862 simulandam
696 821 963 870 arbitrantur,
981 830 1028 860 ut
1048 819 1277 860 auditoris'
1268 834 1371 860 1ram
1394 829 1535 860 orato-

107 892 162 918 ris
193 877 388 918 incendat
418 878 543 918 actio.
583 878 712 918 virum
745 876 923 931 denique
955 876 1081 916 videri
1114 886 1283 940 negant,
1315 876 1383 931 qni
1416 876 1536 916 irasci

110 934 283 975 nesciat.
305 948 495 989 eamque,
512 948 639 989 quam
659 934 872 974 lenitatem
893 947 968 973 nos
985 933 1179 983 dicimus,
1196 933 1345 973 vitioso
1367 933 1538 973 lentitu-

107 989 215 1030 dinis
238 991 405 1031 nomine
426 990 650 1045 appellant.
692 991 785 1030 Nec
806 1004 901 1030 vero
923 990 1059 1030 solum
1081 989 1188 1029 hanc
1208 989 1423 1029 libidinem
1445 990 1600 1029 lau-44

106 1045 209 1087 dant
235 1050 314 1098 (est
344 1046 453 1087 enim
485 1047 558 1098 ira,
587 1056 635 1087 ut
661 1046 790 1086 modo
818 1046 995 1096 definivi,
1022 1045 1253 1086 ulciscendi
1283 1045 1429 1098 libido)
1465 1046 1537 1086 sed

107 1102 248 1158 ipsum
280 1103 383 1143 illud
412 1118 546 1158 genus
577 1102 638 1143 vel
669 1102 868 1153 libidinis,
888 1102 951 1142 vel
980 1101 1221 1157 cupiditatis
1250 1102 1302 1142 ad
1329 1117 1539 1142 summam

108 1159 335 1200 utilitatem
353 1174 442 1200 esse
458 1160 603 1200 dicunt
621 1174 643 1199 a
659 1170 807 1200 natura
826 1159 970 1199 datum
989 1176 998 1199 ε
1021 1158 1124 1199 nihil
1142 1159 1254 1199 enim
1269 1173 1540 1214 quemquam,

109 1215 187 1255 nisi
215 1217 330 1270 quod
359 1216 501 1265 libeat,
523 1215 722 1270 praeclare
751 1216 886 1256 facere
915 1230 1053 1270 posse.
1085 1227 1215 1255 noctu
1234 1215 1478 1256 ambulabat
1499 1216 1540 1256 in

111 1272 284 1326 publico
301 1272 624 1321 Themistocles,
640 1271 753 1327 quod
768 1287 963 1312 somnum
982 1286 1130 1326 capere
1144 1286 1227 1312 non
1245 1284 1406 1326 posset:
1425 1287 1541 1327 quae-

110 1329 385 1383 sentibusque
406 1328 700 1383 respondebat,
720 1328 926 1368 Miltiadis
948 1328 1115 1391 tropaeis
1137 1343 1180 1368 se
1200 1343 1222 1367 e
1243 1343 1361 1368 somn
1366 1343 1391 1368 o
1412 1329 1542 1368 susci-

109 1385 203 1424 tari.
234 1385 303 1425 cui
332 1400 414 1425 non
444 1394 542 1425 sunt
569 1384 724 1425 auditae
756 1384 1061 1425 Demosthenis
1089 1384 1270 1439 vigiliae?
1305 1384 1376 1440 qui
1400 1384 1585 1429 doleres

110 1455 155 1480 se
184 1440 337 1489 aiebat,
364 1442 397 1481 si
428 1440 598 1496 quando
628 1441 826 1495 opificum
854 1441 1101 1481 antelucana
1128 1441 1260 1481 victus
1287 1450 1396 1481 esset
1417 1441 1541 1481 indu-

110 1496 224 1537 stria.
255 1472 532 1552 philosophiae
555 1497 735 1552 denique
765 1497 894 1551 ipsius
915 1497 1122 1551 principes
1143 1512 1372 1551 numquam
1396 1497 1436 1538 in
1459 1498 1542 1538 suis

109 1551 258 1593 studiis
285 1561 423 1593 tantos
450 1567 698 1608 progressus
729 1554 816 1593 sine
844 1553 1036 1607 flagranti
1059 1553 1288 1608 cupiditate
1309 1555 1445 1594 facere
1467 1569 1544 1608 po-

109 1609 304 1650 tuissent.
334 1609 504 1650 ultimas
530 1619 660 1650 terras
686 1610 884 1650 lustrasse
909 1610 1211 1665 Pythagoram,
1232 1610 1545 1660 Democritum,

112 1665 331 1706 Platonem
352 1665 607 1721 accepimus.
638 1672 677 1697 64
694 1666 764 1707 ubi
783 1666 895 1706 enim
916 1665 1018 1721 quid
1039 1675 1162 1716 esset,
1185 1666 1300 1721 quod
1321 1666 1424 1707 disci
1447 1681 1544 1721 pos-

112 1731 190 1772 set,
221 1736 272 1762 eo
308 1723 555 1763 veniendum
585 1721 894 1778 judicaverunt.
953 1723 1072 1763 Num
1107 1730 1305 1777 putamus
1336 1722 1426 1763 haec
1459 1723 1603 1765 fier545

112 1778 200 1819 sine
220 1793 388 1819 summo
403 1779 646 1834 cupiditatis
662 1779 809 1820 ardore
825 1778 1036 1834 potuisse?
1071 1780 1211 1833 Ipsam
1234 1779 1542 1833 aegritudinem,
1558 1787 1627 1834 (20

111 1849 239 1888 quam
269 1850 344 1875 nos
376 1844 423 1876 ut
450 1845 630 1885 taetram,
652 1844 695 1876 et
715 1836 941 1876 immanem
964 1835 1164 1885 belluam,
1186 1836 1431 1890 fugiendam
1453 1850 1543 1876 esse

111 1891 308 1941 diximus,
329 1906 412 1932 non
443 1891 531 1932 sine
555 1906 712 1946 magna
737 1891 918 1933 utilitate
948 1907 972 1932 a
1002 1901 1149 1932 natura
1168 1892 1316 1933 dicunt
1337 1893 1544 1933 constitu-

111 1958 214 1998 tam,
234 1956 283 1988 ut
310 1948 503 1988 homines
533 1948 895 2002 castigationibuS,
921 1948 1328 2003 reprehensionibus,
1358 1949 1544 2004 ignomi-

111 2004 189 2044 niis
209 2005 317 2045 affici
335 2019 378 2045 se
399 2005 440 2044 in
462 2004 617 2045 delicto
642 2004 847 2045 dolerent.
879 2005 1105 2059 impunitas
1134 2006 1245 2045 enim
1272 2020 1544 2060 peccatorum

111 2060 209 2100 data
229 2060 393 2102 videtur
414 2060 487 2112 eis,
509 2061 581 2116 qui
609 2070 651 2101 et
679 2061 955 2115 ignominiam
984 2072 1026 2101 et
1056 2061 1269 2102 infamiam
1298 2062 1436 2103 ferunt
1456 2062 1544 2103 sine

111 2116 273 2158 dolore.
304 2117 489 2158 morderi
517 2126 580 2158 est
608 2117 757 2157 melius
785 2117 1054 2158 conscientia.
1084 2132 1134 2158 ex
1156 2133 1241 2173 quo
1262 2127 1326 2158 est
1345 2125 1384 2150 ⁶³
1399 2118 1503 2160 illud
1522 2132 1546 2158 e

110 2173 194 2215 vita
213 2173 390 2214 ductum
411 2174 464 2214 ab
486 2173 678 2215 Afranio.
711 2188 808 2213 nam
829 2188 928 2214 cum
949 2173 1179 2215 dissolutus
1202 2174 1324 2225 filius,

219 2255 297 2291 Heu
317 2267 366 2290 me
382 2255 532 2291 miserum
546 2255 561 2289 J

113 2338 205 2372 tum
227 2344 389 2371 severus
408 2338 542 2384 pater,

221 2409 408 2447 Dummodo
427 2409 536 2447 doleat
555 2408 698 2459 aliquid,
719 2413 758 2439 66
773 2408 880 2445 dolcat
900 2409 988 2460 quod
1005 2409 1106 2447 lubet.

157 2521 196 2545 6¹2
221 2516 270 2556 qui
287 2515 329 2544 ita
345 2514 514 2555 cogitarent]
532 2517 716 2556 Legendum
733 2517 808 2556 cogi·
851 2519 949 2547 Junta
963 2519 1087 2548 datum.
1124 2518 1226 2548 Aldus
1242 2524 1351 2547 autem
1375 2524 1464 2547 vetus
1487 2527 1549 2547 ser-

114 2565 185 2589 tent.
851 2561 945 2590 vavit.

159 2606 197 2632 63
215 2600 324 2629 nullam
340 2600 403 2629 vim
419 2599 537 2640 habent]
553 2601 700 2631 Davisius
713 2602 809 2631 edidit
896 2608 934 2633 65
960 2602 1036 2632 illud
1057 2614 1070 2631 e
1092 2603 1160 2632 vita
1182 2601 1310 2640 ductum]
1337 2603 1356 2632 i.
1373 2612 1400 2632 e.
1424 2613 1463 2632 ex
1486 2612 1547 2632 usu

115 2654 133 2673 e
160 2643 291 2673 Bentleii
319 2644 509 2673 correctione
532 2644 643 2673 habere.
670 2652 706 2673 ut
733 2654 808 2683 pen·
851 2646 934 2675 vitae.

115 2687 185 2716 deat
207 2696 226 2716 a
248 2686 397 2724 superiori
419 2685 528 2716 dicunt.
552 2696 617 2716 non
639 2687 734 2717 male.
757 2689 809 2717 sed
898 2693 938 2718 66
961 2688 1054 2717 doleat
1077 2688 1153 2729 quod
1173 2685 1265 2727 lubet]
1284 2688 1360 2717 Edd.
1382 2695 1455 2717 vett.
1479 2686 1550 2728 quid

117 2730 159 2759 ita
174 2736 203 2758 et
219 2739 272 2768 pos
260 2737 286 2759 t
304 2729 477 2767 legendum
494 2729 687 2760 excanduerit.
855 2729 954 2760 lubet
949 2741 968 2761 1.
982 2741 1009 2760 e.
1027 2732 1100 2772 quid
1114 2731 1194 2761 libet.
1217 2732 1263 2761 sic
1278 2738 1309 2761 et
1324 2731 1470 2760 Davisius
1485 2729 1549 2759 edi-

161 2777 200 2801 64
224 2771 272 2800 ubi
295 2772 369 2800 enim
393 2771 466 2811 quil
480 2771 565 2811 esset]
584 2772 635 2801 Sic
651 2773 722 2802 edd.
736 2779 810 2802 vett.
854 2774 912 2803 dit.

119 2823 182 2844 non
199 2814 343 2855 quidquid
357 2822 392 2845 ut
407 2820 452 2844 est
466 2814 499 2844 in
513 2814 621 2854 vulgg.
637 2815 777 2854 primum
793 2824 813 2844 a
