1778 3095
254 148 330 181 582
695 143 770 180 DE
807 143 1233 182 DIVINATIONE

253 250 317 291 At
347 249 587 305 haruspices
621 248 760 290 divini.
792 264 897 306 quos
928 264 1025 291 cum
1046 250 1112 292 Ti.
1135 248 1354 292 Gracchus
1380 260 1551 306 propter
1569 264 1683 294 rnor-

255 315 342 347 tem
377 306 638 362 repentinam
674 305 779 361 ejus,
818 308 890 362 qui
922 313 958 338 61
984 308 1025 348 in
1057 307 1334 363 praerogativa
1367 307 1582 348 referenda
1614 323 1685 349 su-

255 362 349 404 bito
377 362 642 411 concidisset,
673 363 714 403 in
747 377 936 404 senatum
966 363 1279 414 introduxisset,
1309 378 1391 404 non
1423 363 1587 419 justum
1615 379 1686 405 ro·-

197 431 245 471 75
258 428 451 475 gatorem
483 419 612 460 fuisse
643 418 848 461 dixerunt.
910 420 1095 460 Primum
1129 420 1236 471 vide,
1273 436 1325 461 ne
1359 420 1402 460 in
1438 435 1535 461 eum
1569 420 1691 462 dixe-,

257 477 354 527 rint,
391 476 461 531 qui
496 485 672 531 rogator
706 477 904 517 centuriae
940 476 1099 517 fuisset.
1142 477 1175 517 is
1209 478 1320 518 euim
1357 486 1445 517 erat
1479 485 1688 519 mortuus.

256 533 300 573 id
329 542 471 573 autem
501 531 590 573 sine
621 533 887 582 divinatione,
912 532 1156 588 conjectura
1185 542 1349 588 poterat
1379 533 1532 574 dicere.
1571 533 1689 574 dein-

258 590 311 630 de
332 589 507 630 fortasse
525 604 652 639 casu;
685 590 756 644 qui
788 589 904 630 nullo
933 589 1063 630 modo
1088 598 1152 629 est
1180 605 1231 630 ex
1255 590 1336 631 hoc
1363 604 1515 645 genere
1536 589 1689 631 tollen-

257 646 351 686 dus.
408 646 524 702 Quid
554 646 667 687 enim
698 646 801 686 scire
832 645 997 686 Etrusci
1028 645 1267 700 haruspices
1297 656 1369 687 aut
1406 646 1458 687 dc
1495 647 1687 688 taberna-

257 702 355 743 culo
383 712 495 743 recte
515 711 655 756 capto,
674 709 747 742 aut
777 701 828 742 de
860 701 1054 756 pomoerii
1076 701 1174 758 jure
1202 705 1458 757 potuerunt?
1491 703 1689 759 equidem

257 759 462 800 assentior
483 758 534 798 C.
558 757 766 798 Marcello
794 758 948 812 potiUS,
969 773 1095 813 quam
1116 758 1231 814 App.
1256 758 1461 800 Claudio:
1491 759 1563 815 qui
1597 775 1689 800 am-

257 815 315 856 bo
334 815 418 855 mei
438 815 615 869 collegae
636 815 805 855 fuerunt
828 831 836 855 ε
869 815 1146 870 existimoque
1171 816 1243 871 jus
1274 830 1501 870 augurum,
1521 816 1598 858 etsi
1624 816 1690 857 di-

257 871 477 913 vinationis
508 871 706 926 opinione
736 871 942 927 principio
974 871 1252 913 constitutum
1284 871 1351 922 sit,
1372 881 1514 912 tamen
1543 882 1691 927 postea

175 925 246 977 36
260 927 502 983 reipublicae
536 942 663 969 causa
694 938 982 969 conservatum
1020 943 1067 969 ac
1106 939 1331 969 retentum.
1399 928 1483 968 Sed
1520 927 1572 968 de
1608 928 1689 970 hoc

198 984 356 1043 761000
388 988 427 1016 62
444 985 565 1041 plura
589 985 632 1025 in
659 985 774 1026 aliis:
807 1000 917 1026 nunc
948 985 1167 1026 hactenus.
1224 986 1407 1026 Externa
1424 985 1535 1026 enim
1553 999 1691 1040 augu-

258 1041 334 1091 ria,
355 1056 449 1097 quae
471 1051 568 1082 sunt
589 1056 673 1082 non
706 1049 792 1082 tam
821 1042 1056 1092 artificiosa,
1081 1057 1207 1097 quam
1228 1041 1533 1097 superstitiosa,
1552 1041 1694 1083 videa-

257 1113 369 1138 mus.
429 1098 638 1139 Omnibus
661 1099 749 1138 scre
770 1099 914 1139 avibus
935 1107 1140 1140 utuntur:
1181 1113 1256 1139 nos
1277 1098 1509 1139 admodum
1533 1098 1691 1152 paucis.

259 1155 340 1195 alia
360 1155 442 1195 illis
462 1155 629 1195 sinistra
650 1162 760 1205 sunt,
782 1155 863 1197 alia
884 1155 1050 1196 nostris.
1111 1155 1283 1196 Solebat
1303 1169 1353 1196 ex
1373 1169 1442 1195 me
1463 1154 1694 1210 Dejotarus

258 1212 525 1266 percunctari
556 1212 687 1252 nostri
719 1212 885 1267 augurii
914 1211 1192 1267 disciplinam,
1214 1226 1297 1267 ego
1318 1226 1368 1252 ex
1390 1211 1463 1252 illo
1483 1212 1559 1252 sui.
1618 1211 1694 1252 Dii

258 1267 548 1309 immortales!
579 1276 785 1323 quantum
817 1267 1063 1310 differebat?
1098 1278 1145 1310 ut
1176 1268 1371 1325 quaedam
1399 1276 1539 1309 essent
1567 1267 1694 1308 etiam

259 1325 482 1365 contraria.
540 1325 686 1380 Atque
711 1325 780 1366 ille
806 1325 856 1366 iis
885 1339 1049 1380 semper
1068 1326 1294 1367 utebatur:
1326 1340 1416 1376 nos,
1437 1324 1517 1366 nisi
1535 1331 1574 1356 63
1591 1323 1696 1365 dum

259 1394 285 1420 a
314 1381 475 1437 populo
505 1381 693 1436 auspicia
717 1390 891 1437 accepta
920 1382 1138 1432 habemus,
1160 1397 1287 1438 quam
1317 1382 1502 1423 multum
1531 1380 1581 1422 iis
1610 1380 1696 1422 uti-

215 1448 249 1479 b.
261 1439 385 1478 mur?
417 1437 620 1479 Bellicam
652 1454 740 1479 rem
769 1438 1052 1480 administrari
1083 1439 1262 1495 majores
1288 1438 1436 1488 nostri,
1456 1437 1533 1479 nisi
1555 1437 1696 1493 auspi-

259 1503 373 1544 cato,
397 1494 636 1536 noluerunt.
669 1510 795 1551 quam
825 1495 948 1536 multi
969 1495 1066 1536 anni
1086 1504 1198 1547 sunt,
1220 1510 1317 1537 cum
1337 1494 1451 1536 bella
1469 1509 1493 1535 a
1513 1509 1696 1550 procon-

260 1551 421 1592 sulibus
451 1559 494 1592 et
523 1552 853 1607 propraetoribus
883 1551 1255 1594 administrantur?
1293 1553 1365 1608 qui
1393 1551 1579 1606 auspicia
1611 1565 1697 1592 non

198 1615 247 1657 77
260 1606 432 1648 habent.
494 1609 645 1664 Itaque
666 1623 742 1650 nec
762 1623 906 1650 amnes
926 1617 1142 1650 transeunt
1160 1610 1392 1664 auspicato,
1414 1621 1491 1648 nec
1511 1606 1696 1662 tripudio

258 1664 543 1719 auspicantur.
603 1666 718 1706 Nam
747 1680 797 1706 ex
826 1665 1091 1706 acuminibus
1117 1664 1302 1720 quidem,
1322 1663 1438 1720 quod
1458 1672 1598 1706 totum
1620 1678 1696 1704 au-

258 1720 440 1775 spicium
464 1720 645 1762 militare
669 1730 747 1772 est,
769 1721 861 1778 jam
890 1722 956 1762 M.
978 1721 1226 1772 Marcellus,
1245 1721 1316 1762 ille
1344 1719 1566 1776 quinquies
1592 1733 1697 1760 con-

258 1776 340 1826 sul,
359 1784 498 1818 totum
521 1777 678 1829 omisit,
696 1778 808 1819 idem
829 1779 1073 1833 imperator,
1091 1777 1204 1819 idem
1221 1791 1358 1832 augur
1373 1776 1574 1832 optimus.
1609 1775 1700 1818 Ubi

258 1847 364 1888 ergo
380 1834 518 1874 avium
536 1833 760 1875 divinatio?
786 1850 895 1890 quae,
914 1834 1113 1890 quoniam
1131 1835 1184 1874 ab
1204 1834 1268 1885 iis,
1287 1834 1359 1889 qui
1378 1832 1564 1888 auspicia
1583 1832 1699 1874 nulla

260 1888 436 1941 habent,
470 1891 583 1932 bella
613 1891 971 1940 administrantur,
1000 1890 1053 1931 ab
1078 1891 1249 1932 urbanis
1279 1899 1443 1931 retenta
1471 1888 1646 1939 videtur,
1673 1902 1699 1930 a.

257 1945 421 1988 bellicis
440 1961 530 1988 esse
552 1948 731 1988 sublata.
778 1949 834 1989 Et
853 1947 1025 2003 quidem
1048 1947 1117 1988 ille
1137 1947 1305 1988 dicebat
1323 1963 1332 1987 ε
1365 1947 1399 1987 si
1419 1945 1587 2001 quando
1607 1960 1696 1996 rem

260 2016 388 2057 agere
417 2004 555 2055 vellet,
581 2018 633 2044 ne
662 2004 937 2059 impediretur
965 2003 1176 2059 auspiciis,
1206 2003 1359 2045 lectica
1387 2010 1534 2058 operta
1562 2002 1699 2043 facere

260 2058 341 2099 iter
367 2073 411 2100 se
440 2060 588 2102 solere.
651 2061 766 2101 Huic
798 2060 933 2101 simile
963 2069 1040 2110 est,
1063 2060 1179 2117 quod
1201 2075 1277 2101 nos
1301 2073 1484 2115 augures
1503 2058 1696 2114 praecipi-

260 2130 371 2167 mus,
405 2130 457 2157 ne
486 2118 596 2172 juge
628 2117 865 2173 auspicium
896 2117 1104 2168 obveniat,
1135 2127 1184 2158 ut
1205 2117 1403 2173 jumenta
1422 2115 1605 2181 jubeant
1634 2115 1698 2157 di-

199 2184 249 2225 78
255 2171 453 2228 jungere.
503 2173 620 2230 Quid
639 2182 704 2215 est
723 2173 839 2215 aliud
860 2173 971 2214 nolle
990 2174 1153 2215 moneri
1172 2188 1195 2214 a
1215 2174 1333 2224 Jove,
1355 2173 1434 2214 nisi
1454 2172 1632 2222 efficere,
1648 2179 1698 2213 ut

177 2239 248 2293 37
262 2236 334 2269 aut
355 2244 408 2270 ne
430 2230 517 2271 fieri
535 2231 670 2285 possit
689 2230 938 2286 auspicium,
961 2236 999 2262 64
1010 2238 1096 2281 aut,
1115 2230 1148 2271 si
1169 2230 1255 2281 fiat,
1271 2230 1426 2271 videri?
1458 2229 1572 2271 Nam
1591 2227 1697 2270 illud

261 2285 492 2327 admodum
525 2287 766 2338 ridiculum,
797 2286 914 2342 quod
939 2301 1069 2342 negas
1099 2287 1369 2343 Dejotarum,
1397 2285 1697 2341 auspiciorum,

261 2356 358 2397 quae
390 2343 468 2384 sibi
502 2343 556 2384 ad
590 2344 838 2400 Pompeium
872 2343 1154 2399 proficiscenti
1188 2344 1300 2385 facta
1331 2351 1442 2394 sunt,
1476 2340 1698 2397 poenitere,

305 2493 342 2517 61
368 2489 399 2517 in
408 2489 614 2529 praerogativa
637 2488 798 2529 referenda]
818 2490 903 2520 Cum
920 2490 959 2520 ad

260 2531 429 2560 consulem
461 2533 584 2562 referret
620 2534 770 2572 suffragia
806 2534 958 2562 centutiae

261 2575 484 2613 praerogativae,
514 2576 649 2614 quisque
686 2576 726 2605 ab
763 2584 800 2606 ea
835 2581 958 2605 creatus

262 2622 354 2646 esset.

306 2664 344 2689 62
365 2658 454 2698 plura
476 2658 507 2688 in
529 2659 611 2697 aliis]
636 2661 769 2700 Opinor,
790 2660 958 2699 generibus

260 2702 474 2739 divinationis,
490 2703 528 2732 de
543 2703 659 2742 quibus
676 2710 744 2742 post
759 2704 913 2733 dicemus.

306 2750 344 2775 63
368 2745 435 2775 dum
458 2758 477 2774 a
498 2745 602 2784 populo
622 2746 753 2785 auspicia
772 2752 888 2785 accepta
905 2745 957 2774 Ιια-

259 2786 370 2827 bemus]
389 2789 524 2819 Pertinet
538 2789 576 2819 ad
593 2790 790 2828 magistratus
807 2789 956 2826 majores,

260 2831 315 2869 qui
332 2831 520 2861 exercitibus
543 2842 621 2862 cum
645 2833 776 2872 irnperio
793 2839 956 2871 praeerant.

261 2883 339 2907 mox
362 2886 447 2915 quam
471 2875 592 2905 multum
615 2874 652 2905 iis
673 2875 795 2914 utimur,
813 2876 832 2906 i.
845 2886 872 2907 e.
889 2884 957 2906 raro

1002 2499 1090 2520 nunc
1114 2491 1247 2526 utimur,
1269 2488 1356 2527 quia,
1376 2494 1412 2517 ut
1434 2493 1502 2526 post
1525 2493 1584 2525 est,
1608 2494 1696 2518 nunc

1000 2532 1084 2562 bella
1106 2532 1337 2567 administrant,
1360 2531 1501 2570 adeoque
1524 2531 1697 2569 imperium

1000 2575 1120 2603 habent
1137 2575 1246 2611 etiam,
1263 2575 1318 2613 qui
1340 2583 1407 2605 non
1429 2579 1505 2603 sunt
1527 2573 1696 2610 Consules,

1001 2618 1141 2656 adeoque
1158 2618 1298 2656 auspicia
1313 2626 1378 2647 non
1394 2616 1525 2646 habent.

1045 2664 1085 2690 64
1108 2666 1160 2688 au!
1189 2660 1212 2689 si
1231 2660 1309 2700 fiat,
1340 2658 1452 2697 videri]
1482 2659 1521 2689 In
1547 2658 1697 2698 exemplo

1001 2712 1074 2732 meo
1090 2703 1170 2733 Ven.
1190 2710 1282 2738 1494.
1297 2703 1459 2742 adscripsit
1474 2711 1589 2732 manus
1605 2702 1698 2731 docta

999 2756 1064 2781 non,
1096 2746 1197 2776 immo
1236 2747 1265 2776 id
1296 2745 1538 2784 intelligendum
1569 2754 1610 2774 ex
1638 2754 1696 2774 an-

999 2789 1215 2819 tecedentibus
1241 2800 1275 2818 ne
1296 2788 1404 2828 possit.-
1426 2788 1451 2818 si
1475 2787 1551 2826 quid
1578 2788 1693 2817 adden-

998 2832 1090 2868 dum,
1118 2833 1221 2872 potius
1246 2843 1281 2863 ne
1305 2832 1431 2863 dicam:
1466 2841 1501 2861 ue
1526 2830 1623 2862 videri
1648 2838 1694 2861 ει).

999 2881 1106 2914 possit.
