1778 3095
582 79 766 118 LIBER
793 78 1080 116 TERTIUS.
1493 82 1569 118 303

126 189 254 232 rebus
291 196 477 233 mentem
514 202 704 237 vacuam,
743 194 781 217 14
796 185 1062 241 appellarunt
1100 183 1305 234 insanam,
1346 194 1571 242 propterea

126 247 244 302 quod
266 249 307 289 in
326 246 572 304 perturbato
593 244 750 294 animo,
773 243 883 284 sicut
914 243 956 283 in
986 255 1179 296 corpore,
1201 241 1355 281 sanitas
1376 257 1466 283 esse
1485 258 1568 284 non

125 314 285 359 posset.
344 305 437 345 Nec
474 302 612 342 minus
652 300 757 341 illud
798 310 936 350 acute,
974 298 1089 354 quod
1123 298 1251 338 animi
1286 297 1566 351 affectionem,
1584 304 1616 352 5

125 360 456 402 luminementis
486 367 714 407 carentem,
745 356 1066 397 nominaverunt
1095 354 1340 404 amentiam,
1367 355 1566 395 eandem-
1587 379 1634 410 10

125 431 210 472 que
232 416 502 458 dementiam.
534 429 583 455 ex
604 428 689 470 quo
711 412 1035 468 intelligendum
1059 419 1137 460 est,
1159 425 1248 462 eOS,
1277 411 1348 466 qui
1380 411 1471 452 haec
1503 426 1567 452 re-

125 473 204 514 bus
239 472 409 513 nomina
441 480 688 526 posuerunt,
711 471 888 511 sensisse
921 469 1003 509 hoc
1038 468 1167 518 idem,
1193 469 1309 523 quod
1342 483 1366 508 a
1396 469 1569 509 Socrate

123 539 345 584 acceptum
383 528 608 583 diligenter
649 527 781 567 Stoici
818 526 1095 575 retinuerunt,
1133 540 1281 565 omnes
1326 524 1570 580 insipientes

124 599 215 626 esse
235 599 319 625 non
342 599 480 625 sanos.
515 585 587 640 qui
617 584 729 624 enim
762 583 926 624 animus
947 591 1011 623 est
1034 582 1074 622 in
1096 581 1239 637 aliquo
1261 582 1412 622 morbo
1437 584 1568 633 (mor-

122 642 200 683 bos
220 652 378 690 autem,
400 641 478 682 hos
498 641 767 696 perturbatos
794 649 950 690 motus,
972 648 1021 679 ut
1042 638 1174 679 modo
1204 638 1304 687 dixi,
1325 638 1571 693 philosophi

123 697 353 753 appellant)
392 712 477 738 non
510 698 647 753 magis
683 708 748 738 est
783 712 923 747 sanus,
955 710 1083 751 quam
1116 695 1158 736 id
1189 709 1357 750 corpus,
1381 695 1497 750 quod
1528 695 1568 735 in

121 754 273 795 morbo
305 763 382 795 est.
413 754 472 795 ita
494 755 554 804 fit,
578 764 623 794 ut
646 754 863 809 sapientia,
886 754 1039 793 sanitas
1063 752 1117 793 sit
1137 752 1267 792 animi
1287 770 1295 793 :
1328 752 1570 807 insipientia

120 819 281 861 autern,
303 811 424 866 quasi
448 820 484 843 1⁵
500 811 699 852 insanitas
725 810 936 866 quaedam,
962 810 1074 864 [quae
1095 819 1158 849 est
1180 809 1376 863 insania],
1397 809 1569 849 eadem-

120 881 203 923 que
222 867 446 909 dementia.
478 868 702 923 multoque
724 867 874 907 melius
895 866 986 906 haec
1008 873 1154 906 notata
1175 875 1273 906 sunt
1292 865 1427 906 verbis
1450 866 1570 906 Lati-

120 924 199 972 nis,
221 939 347 979 quam
372 924 534 966 Graecis
556 941 565 964 τ
595 924 711 980 quod
729 924 819 964 aliis
841 937 1012 979 quoque
1032 921 1178 962 multis
1198 922 1302 963 locis
1322 922 1568 978 reperietur.

119 980 194 1021 sed
229 981 272 1021 id
308 982 434 1022 alias:
475 995 603 1033 nunc,
640 981 755 1037 quod
791 981 932 1021 instat.
991 979 1150 1020 Totum
1191 979 1323 1034 igitur
1356 979 1414 1030 id,
1451 979 1566 1034 quod
1587 989 1630 1019 11

119 1038 363 1093 quaerimus,
398 1038 500 1095 quid
534 1046 578 1079 et
607 1037 732 1094 quale
763 1038 830 1087 sit,
859 1036 974 1077 verbi
1004 1036 1062 1076 vis
1092 1035 1183 1091 ipsa
1209 1035 1408 1076 declarat.
1443 1043 1479 1067 16
1494 1050 1569 1077 eos

118 1094 232 1135 enim
271 1110 394 1136 sanos
437 1095 638 1151 quoniam
678 1094 859 1149 intelligi
897 1108 1065 1134 necesse
1107 1105 1185 1143 est,
1225 1107 1407 1148 quorum
1449 1107 1569 1133 niens

118 1160 256 1202 motu,
287 1153 406 1207 quasi
437 1152 605 1203 morbo,
636 1151 882 1206 perturbata
914 1150 1029 1191 nullo
1059 1150 1126 1190 sit.
1159 1149 1231 1205 qui
1261 1158 1409 1190 contra
1429 1149 1569 1190 affecti

119 1216 231 1259 sunt,
253 1208 332 1249 hos
366 1209 533 1250 insanos
566 1207 769 1263 appellari
799 1221 968 1247 necesse
999 1216 1077 1248 est.
1106 1207 1249 1262 itaque
1275 1206 1378 1246 nihil
1399 1206 1568 1257 melius,

119 1279 248 1320 quam
271 1265 385 1321 quod
406 1275 470 1306 est
491 1265 533 1306 in
555 1264 863 1306 consuetudine
893 1263 1098 1304 sermonis
1129 1263 1283 1313 Latini,
1306 1277 1401 1303 cum
1433 1263 1568 1304 exisse

119 1335 171 1362 ex
193 1331 405 1377 potestate
426 1321 606 1363 dicimus
637 1335 725 1372 eOS,
748 1321 820 1377 qui
850 1320 1040 1361 effrenati
1070 1320 1263 1360 feruntur
1283 1329 1356 1360 aut
1377 1319 1566 1370 libidine,

119 1387 192 1419 aut
222 1378 452 1419 iracundia.
484 1393 742 1434 quamquam
775 1378 866 1432 ipsa
897 1376 1112 1418 iracundia
1141 1376 1326 1417 libidinis
1356 1386 1420 1417 est
1454 1391 1567 1432 pars.

118 1434 178 1475 sic
214 1435 328 1475 enim
358 1435 557 1476 definitur
586 1434 815 1484 iracundia,
847 1433 1077 1474 ulciscendi
1109 1432 1255 1473 libido.
1315 1433 1405 1474 Qui
1435 1433 1566 1489 igitur

117 1491 250 1532 exisse
270 1505 321 1532 ex
342 1500 554 1546 potestate
585 1491 796 1541 dicuntur,
817 1490 975 1531 idcirco
1002 1490 1217 1539 dicuntur,
1239 1489 1339 1545 quia
1361 1504 1445 1529 non
1466 1500 1567 1532 sunt

115 1546 159 1587 in
180 1556 395 1602 potestate
415 1548 595 1589 mentis:
626 1547 695 1588 cui
726 1562 905 1602 regumn
939 1547 1070 1587 totius
1105 1546 1234 1586 animi
1265 1562 1289 1586 a
1320 1555 1469 1587 natura
1488 1547 1563 1588 tri-

114 1605 270 1646 butum
303 1615 381 1646 est.
443 1605 584 1645 Graeci
614 1614 755 1645 autem
778 1604 912 1656 μανίαν
936 1612 970 1639 17
990 1602 1102 1643 unde
1135 1602 1366 1658 appellent,
1388 1618 1473 1644 non
1499 1604 1561 1645 fa·
1575 1613 1607 1643 b.

114 1661 196 1702 cile
228 1661 418 1704 dixerim.
461 1676 554 1702 eam
590 1670 733 1702 tamen
770 1661 904 1716 ipsam
942 1659 1243 1715 distinguimus
1281 1675 1356 1700 nos
1396 1659 1564 1708 melius,

113 1733 244 1773 quam
277 1718 352 1759 illi.
383 1719 491 1759 hanc
524 1718 635 1759 enim
671 1718 889 1768 insaniam,
920 1732 1014 1773 quae
1041 1717 1193 1773 juncta
1222 1716 1412 1757 stultitiae
1446 1726 1565 1772 patet

112 1774 255 1826 latius,
285 1790 309 1816 a
339 1776 481 1816 furore
512 1774 809 1831 disjungimus.
874 1783 910 1805 18
929 1774 1071 1815 Graeci
1100 1773 1249 1815 volunt
1280 1773 1343 1814 illi
1374 1773 1563 1830 quidem,

113 1830 188 1872 sed
208 1846 359 1887 parum
380 1832 520 1873 valent
539 1832 666 1872 verbo
686 1848 696 1872 t
727 1846 854 1887 quem
887 1846 963 1872 nos
989 1831 1191 1882 furorem,
1211 1830 1479 1886 μελαγχολίαν
1500 1831 1562 1873 illi

114 1897 281 1929 vocant.
314 1889 434 1944 quasi
465 1903 560 1929 vero
597 1897 687 1929 atra
715 1888 788 1928 bili
818 1888 958 1929 solum
990 1902 1125 1938 mens,
1159 1902 1207 1928 ac
1239 1902 1323 1928 non
1355 1902 1467 1943 saepe
1496 1888 1562 1929 vel

114 1943 332 1986 iracundia
351 1945 558 2000 graviore,
578 1945 641 1986 vel
661 1946 829 1996 timore,
850 1944 913 1985 vel
934 1944 1083 1986 dolore
1108 1954 1341 1985 moveatur.
1375 1959 1462 2000 quo
1483 1959 1563 2001 ge·-

114 2015 213 2042 nere
246 2002 571 2052 Athamantem,
604 2001 914 2052 Alcmaeonem,
949 2002 1144 2058 Ajacem,
1186 2002 1382 2043 Orestem
1423 2002 1561 2043 furere

113 2056 294 2099 dicimus
316 2075 325 2099 ε
357 2059 430 2114 qui
450 2059 509 2099 ita
529 2059 583 2099 sit
604 2059 792 2107 aflectus,
815 2073 911 2099 eum
943 2058 1164 2099 dominum
1186 2073 1278 2099 esse
1300 2072 1439 2099 rerum
1462 2073 1560 2099 sua-

114 2129 211 2155 rum
241 2124 381 2156 vetant
409 2115 636 2156 duodecim
670 2115 841 2156 tabulae.
873 2116 1016 2170 itaque
1046 2130 1130 2156 non
1162 2124 1225 2155 est
1257 2115 1477 2170 scriptum,
1513 2129 1556 2156 SI

118 2185 356 2223 INSANUS,
392 2172 465 2213 sed
503 2186 545 2212 SI
585 2186 836 2213 Fumosus
876 2185 994 2212 ESSE
1032 2185 1246 2212 INCIPIT.
1280 2180 1317 2205 19
1335 2171 1559 2214 stultitiam

158 2313 195 2337 14
211 2305 396 2346 appellarunt
417 2306 561 2345 insanam]
585 2306 636 2336 Sic
659 2316 714 2346 pro
736 2306 813 2335 insa-

111 2348 191 2378 niam
215 2349 276 2389 legi
298 2350 426 2380 volebat
445 2350 626 2380 Turnebus.
651 2351 741 2380 bene.
767 2359 813 2379 res

112 2399 159 2422 est
175 2393 217 2422 ita
231 2394 373 2430 evidens,
389 2400 426 2423 ut
441 2394 483 2423 ita
503 2394 592 2423 edere
608 2403 673 2422 non
689 2393 814 2423 dubita-

112 2435 224 2466 verim.
246 2437 300 2466 sed
315 2438 361 2467 sic
377 2443 423 2466 est
438 2443 465 2465 et
481 2437 514 2466 in
531 2436 596 2467 Ms.
612 2436 719 2466 Guelf.
736 2445 813 2466 mox

114 2479 237 2517 reposui
247 2485 353 2518 posset,
370 2480 425 2510 ubi
443 2479 528 2518 vulg.
540 2479 641 2519 possit.

159 2528 197 2551 15
215 2522 354 2551 insanitas
377 2523 523 2564 quaedam,
542 2534 607 2564 quae
622 2529 662 2552 est
678 2521 810 2562 insania]

117 2563 240 2594 Ultima
255 2575 452 2604 supervacua
473 2574 549 2596 sunt
573 2572 603 2595 et
626 2567 732 2604 inepta
754 2575 813 2595 nec

115 2606 181 2637 ullo
196 2609 293 2638 modo
309 2618 327 2638 a
343 2608 504 2639 Cicerone.
520 2609 635 2639 inclusi
652 2609 756 2638 uncis.

162 2655 199 2679 16
215 2661 257 2680 eos
273 2651 346 2681 enim
361 2662 442 2680 sanos
456 2652 590 2693 quoniam
607 2653 628 2682 i.
642 2663 671 2681 n.
689 2652 728 2690 e.]
743 2663 814 2693 quo-

116 2691 195 2721 niam
210 2703 227 2722 e
242 2694 322 2724 Mss.
337 2695 482 2725 additum
500 2702 546 2725 est
561 2705 579 2725 a
594 2696 723 2725 Davisio
737 2706 743 2724 :
768 2702 814 2726 at—

115 2744 179 2773 que
202 2736 233 2765 id
252 2743 354 2767 nexus
376 2739 526 2767 orationis
545 2739 687 2778 requirit,
703 2745 814 2777 estque

115 2778 213 2807 etiam
232 2779 264 2808 in
281 2779 389 2810 Guelf.
404 2782 458 2811 sed
480 2790 536 2819 pro
559 2780 686 2821 intelligi
707 2792 815 2811 necesse

117 2827 158 2850 ert
169 2821 247 2850 forte
262 2821 435 2861 legendum
451 2823 650 2863 intelligimus.
674 2833 750 2855 nam
766 2835 814 2853 nc-

176 2875 290 2905 v01..
314 2877 385 2906 IV.
406 2877 448 2906 P.
466 2878 502 2908 1.

858 2317 929 2335 cesse
945 2313 986 2335 est
1000 2307 1038 2336 ad
1055 2305 1299 2336 conclusionem
1316 2313 1346 2335 et
1362 2316 1562 2347 consequens

857 2350 1004 2389 pertinet,
1022 2350 1107 2379 unde
1124 2351 1188 2379 huc
1205 2350 1373 2388 repetitum
1390 2350 1524 2381 videtur.

904 2398 938 2427 17
957 2392 1030 2421 unde
1052 2391 1212 2432 appellent]
1231 2392 1338 2432 Vulgo
1361 2392 1445 2422 male
1460 2393 1561 2433 appel-

858 2435 932 2471 lant,
948 2442 982 2465 ut
1000 2436 1077 2466 vidit
1099 2443 1129 2465 et
1153 2436 1339 2467 Lambinus.
1385 2436 1559 2469 Latinitatis

857 2480 935 2509 ratio
951 2478 1096 2518 appellent
1119 2479 1270 2518 postulat,
1288 2487 1324 2509 ut
1345 2478 1395 2510 vel
1413 2480 1470 2510 tiro
1486 2490 1558 2511 sen—

857 2523 922 2552 tiat.
946 2528 1040 2561 atque
1056 2524 1101 2553 sic
1116 2529 1146 2552 et
1162 2523 1258 2552 habet
1273 2522 1337 2552 Ms.
1355 2522 1464 2553 Guelf.

904 2572 939 2595 18
959 2565 1059 2595 Graeci
1082 2565 1187 2594 volunt
1210 2565 1257 2594 illi
1279 2564 1410 2607 quidem]
1439 2567 1490 2596 Sc.
1510 2568 1558 2597 in·

855 2608 979 2638 saniam
1008 2618 1027 2638 a
1056 2609 1161 2638 furore
1189 2609 1392 2648 distinguere.
1422 2610 1557 2641 verbum

858 2651 960 2681 Graeci
976 2651 1069 2682 deleri
1086 2652 1213 2682 volebat
1227 2653 1388 2682 Davisius.

904 2702 941 2727 19
970 2694 1128 2724 stultitiam
1154 2695 1230 2724 enim
1257 2706 1281 2725 c.
1309 2694 1383 2733 &c.]
1415 2696 1499 2725 Ouia
1527 2695 1559 2724 in

857 2744 923 2768 tota
938 2739 999 2767 hac
1015 2739 1155 2768 oratione
1172 2738 1286 2767 insania
1301 2745 1332 2767 et
1345 2739 1436 2778 fiaror
1451 2738 1561 2768 distin·

857 2787 1015 2820 guuntur‚
1028 2783 1171 2811 videatur
1194 2791 1250 2821 pro
1272 2781 1432 2810 stultitiam
1453 2781 1560 2819 legen«

858 2825 938 2853 dum
964 2823 1106 2853 insaniam
1129 2825 1214 2864 quod
1239 2830 1269 2854 et
1294 2822 1415 2854 in'Ms.
1441 2823 1557 2857 Elienri

903 2878 934 2905 X
