1778 3095
523 171 698 210 LIBER
726 169 1058 210 SECUNDUS.
1429 174 1507 217 439

81 294 171 323 rere
198 281 241 323 in
267 281 482 337 republica
510 279 786 334 religionem·
816 277 1011 318 consules
1039 289 1251 317 summum
1282 275 1503 340 imperium

83 339 225 379 statim
255 339 474 393 deponere,
494 350 620 390 quam
652 334 696 375 id
725 344 866 375 tenere
895 341 1098 397 punctum
1129 333 1331 387 temporis
1361 341 1506 374 contra

82 394 345 450 religionem.
403 394 566 446 Magna
594 405 804 446 augurum
835 389 1077 430 auctoritas.
1135 388 1282 445 Ouid?
1314 388 1503 443 haruspi-
1521 399 1566 431 12

81 464 180 491 cum
199 466 265 492 ars
285 464 420 491 nonne
444 448 604 489 divina.
597 449 609 478 ³
643 447 733 488 haec
763 445 1083 487 innumerabilia
1101 458 1150 485 ex
1138 431 1322 485 eodem
1352 459 1506 507 genere

83 507 155 561 qui
176 507 324 557 videat,
346 519 483 546 nonne
503 513 683 568 cogatur
702 503 891 544 confiteri
912 501 1013 542 deos
1044 503 1162 541 esse?
1195 515 1375 556 quorum
1394 501 1505 541 enim

82 562 324 626 interpretes
356 571 466 611 sunt,
488 575 559 601 eos
594 561 706 615 ipsos
738 574 827 600 esse
855 568 966 600 certe
990 571 1158 598 necesse
1180 567 1258 598 est.
1316 558 1549 598 Deorumb

81 627 221 659 autem
245 619 488 672 interpretes
513 626 637 658 sunt:
669 616 771 657 deos
791 615 920 670 igitur
948 629 1038 655 esse
1067 614 1284 655 fateamur.
1343 614 1404 654 At
1424 614 1509 654 for-

84 683 194 716 tasse
216 689 297 715 non
319 675 462 714 omnia
481 674 688 723 eveniunt,
710 688 803 728 quae
826 671 1026 721 praedicta
1045 680 1154 711 sunt.
1205 672 1274 711 Ne
1295 670 1397 725 aegri
1416 669 1509 725 qui-

83 731 181 771 dem
211 730 309 785 quia
338 745 421 771 non
454 745 601 771 omnes
634 729 941 778 convalescunt,
963 727 1119 768 idcirco
1149 741 1213 767 ars
1243 726 1358 767 nulla
1376 726 1508 766 medi-

83 787 175 828 cina
206 796 281 827 est.
342 787 473 841 Signa
503 786 782 827 ostenduntur
815 801 839 825 a
871 785 949 825 diis
979 799 1117 825 rerum
1149 784 1400 825 futurarum.
1461 783 1510 824 In

82 842 145 883 his
167 842 201 883 si
223 842 295 898 qui
314 852 565 892 erraverunt,
587 858 669 883 non
691 842 865 882 deorum
888 851 1049 891 natura,
1072 840 1144 881 sed
1165 840 1383 881 hominum
1408 854 1511 880 con-

74 897 240 954 jectura
274 900 473 954 peccavit.
536 901 683 954 Itaque
714 899 877 939 winter
912 912 1058 938 omnes
1093 897 1278 937 omnium
1317 896 1510 952 gentium

81 955 286 996 sententia
317 965 494 996 constat.
525 956 720 996 omnibus
751 955 862 995 enim
895 954 1081 994 innatum
1115 963 1190 1003 est,
1221 963 1263 994 et
1295 953 1337 993 in
1368 953 1509 993 animo

82 1012 200 1067 quasi
223 1012 495 1067 insculptum,
516 1026 605 1052 esse
624 1011 739 1052 deos.
799 1010 959 1052 Quales
989 1010 1085 1060 sint,
1105 1010 1262 1050 varium
1284 1018 1371 1050 est·
1403 1008 1556 1059 esse‚5

81 1082 205 1109 nemo
236 1077 377 1123 negat.
438 1067 664 1109 Cleanthes
695 1067 863 1123 quidem
893 1074 1034 1107 noster
1061 1074 1263 1122 quattuor
1291 1066 1343 1106 de
1375 1067 1571 1116 causislg

78 1124 182 1165 dixit
214 1125 255 1165 in
287 1124 435 1165 anlmis
468 1124 689 1165 hominum
723 1125 970 1165 informatas
990 1123 1166 1163 deorum
1196 1137 1286 1163 esse
1307 1123 1512 1164 notiones.

85 1181 266 1222 Primam
296 1181 438 1236 posuit
467 1195 575 1231 eam,
597 1182 650 1222 de
682 1196 765 1237 qua
794 1180 922 1221 modo
956 1179 1054 1230 dixi,
1076 1194 1169 1234 quae
1202 1188 1293 1220 orta
1325 1188 1436 1220 esset
1464 1194 1514 1220 ex

84 1237 366 1293 praesensione
387 1252 525 1278 rerum
557 1238 821 1278 futurarum:
853 1237 1041 1300 alteram,
1062 1251 1187 1291 quam
1211 1236 1444 1290 ceperimus
1465 1250 1515 1276 ex

83 1293 376 1358 magnitudine
396 1294 735 1344 commodorum,
756 1309 850 1349 quae
879 1293 1167 1348 percipiuntur
1188 1292 1279 1333 caeli
1306 1302 1515 1348 tempera-

83 1349 212 1400 tione,
258 1350 528 1391 faecunditate
586 1359 805 1414 terrarum,
855 1350 1113 1404 aliarumque
1160 1348 1514 1391 commoditatum

86 1407 370 1462 complurium
392 1407 534 1461 copia:
563 1407 743 1457 tertiam,
764 1422 859 1462 quae
880 1414 1051 1446 terreret
1071 1405 1233 1446 animos
1254 1405 1515 1456 fulminibus,
1531 1409 1575 1442 14

85 1463 471 1518 tempestatibus,n
446 1463 613 1513 nimbis,
637 1463 813 1513 nivibus,
834 1462 1122 1518 grandinibus,
1153 1462 1356 1512 vastitate,
1387 1462 1516 1517 pesti-

87 1519 230 1568 lentia,
250 1527 370 1560 terrae
392 1520 594 1569 motibus,
621 1528 663 1560 et
693 1533 802 1574 saepe
824 1521 851 1560 f.
852 1519 1073 1582 emitibuS,
1093 1518 1351 1582 lapideisque
1372 1518 1518 1559 imbri-

82 1576 178 1626 bus,
197 1584 240 1616 et
257 1575 391 1630 guttis
413 1575 609 1616 imbrium
632 1576 750 1631 quasi
770 1576 975 1616 ementis:
999 1585 1088 1616 tum
1111 1575 1194 1630 lapi
1197 1574 1336 1626 dibus,
1357 1584 1430 1616 aut
1450 1589 1517 1615 re—

85 1631 267 1687 pentinis
303 1639 504 1672 terrarum
544 1632 754 1673 hiatibus:
797 1640 905 1682 tum,
942 1641 1093 1686 praeter
1131 1641 1337 1681 naturam,
1378 1631 1517 1673 homi-

86 1703 187 1729 num
218 1687 514 1743 pecudumque
547 1689 778 1743 portentis:
812 1698 902 1729 tum
934 1688 1095 1728 facibus
1125 1688 1218 1728 visis
1250 1688 1517 1729 caelestibus:

86 1754 179 1786 tum
200 1744 329 1786 stellis
351 1744 414 1795 iis,
433 1759 535 1800 quas
556 1745 695 1786 Graeci
716 1754 919 1796 cometaS,
941 1753 981 1776 ‘2⁴
997 1744 1128 1785 nostri
1150 1744 1317 1784 crinitas
1341 1752 1518 1786 vocant:

89 1816 184 1857 quae
207 1814 341 1855 nuper
360 1800 473 1842 bello
495 1801 726 1842 Octaviano
757 1816 1006 1856 magnarum
1033 1801 1201 1842 fuerunt
1231 1800 1519 1842 calamitatum

88 1857 359 1911 praenuntiae:
391 1866 480 1898 tum
519 1858 608 1898 sole
641 1858 873 1913 geminato,
910 1857 1040 1913 quod,
1077 1866 1124 1898 ut
1161 1872 1184 1898 e
1220 1867 1338 1912 patre
1369 1857 1521 1908 audivi,

88 1913 298 1954 Tuditano
319 1921 362 1953 et
384 1914 573 1969 Aquillio
594 1915 835 1955 consulibus
864 1922 1079 1964 evenerat3
1112 1928 1196 1969 quo
1217 1913 1389 1969 quidem
1409 1928 1520 1955 anno

90 1971 134 2011 P.
155 1969 380 2010 Africanus
405 1970 469 2010 sol
498 1969 601 2010 alter
629 1971 857 2012 exstinctus
886 1979 962 2011 est.
994 1971 1147 2025 quibus
1176 1970 1363 2011 exterriti
1382 1970 1522 2011 homi-

89 2041 161 2067 nes
183 2026 264 2066 vim
295 2025 505 2082 quandam
534 2041 624 2067 esse
650 2027 861 2068 caelestem
892 2035 935 2067 et
965 2027 1144 2067 divinam
1177 2027 1376 2081 suspicati
1406 2036 1518 2068 sunt.

90 2084 296 2125 Quartam
329 2096 495 2123 causam
507 2097 624 2146 nesse,
644 2098 822 2138 eamque
843 2083 904 2124 vel
925 2083 1203 2133 maximam,
1190 2083 1518 2138 aequabilitatem
1535 2092 1580 2122 15

90 2148 247 2190 motus,
278 2147 316 2170 2¹1
333 2153 644 2180 conxers1onem
678 2140 793 2180 caeli:
826 2139 939 2190 solis,
968 2141 1093 2190 lunae,
1125 2140 1394 2195 siderumque
1426 2148 1560 2181 orn-p·
1574 2145 1624 2171 29-

91 2195 207 2236 nium
239 2195 567 2245 distinctionem,
593 2196 900 2246 “6xar1etatem,
931 2196 1271 2250 pulcritudinem,
1302 2191 1548 2238 ordinem:

90 2266 267 2306 quarum
288 2266 427 2292 rerum
448 2251 699 2316 adspectus
690 2266 777 2307 ipse
798 2253 896 2293 satis
918 2252 1133 2302 indicaret,
1155 2267 1237 2293 non
1259 2267 1347 2293 esse
1366 2268 1416 2293 ea
1436 2254 1523 2293 for—

88 2309 209 2349 tuita.
270 2309 333 2349 Ut
364 2309 397 2348 si
428 2308 520 2363 quis
552 2324 592 2349 m
627 2309 800 2349 domum
835 2308 1035 2364 aliquam,
1062 2316 1135 2349 aut
1164 2309 1206 2348 in
1235 2309 1521 2372 gymnasium,

88 2373 162 2405 aut
181 2365 222 2406 in
244 2365 384 2406 forum
406 2365 588 2406 venerit.
621 2379 718 2406 cum
750 2364 886 2407 videat
915 2365 1105 2406 omnium
1131 2379 1268 2406 selum
1299 2365 1522 2416 rationem,

135 2483 173 2506 23
191 2477 264 2507 inter
278 2490 302 2508 ο.
319 2491 343 2508 o.
357 2478 486 2517 gentium
504 2479 641 2507 scnfmtia
657 2478 781 2519 constat]

871 2485 910 2509 25
936 2478 1142 2508 con-versionem
1164 2478 1245 2518 caelij
1277 2480 1348 2509 Hoc
1371 2479 1415 2509 sic
1435 2479 1525 2509 abso-

92 2519 239 2549 Davisius
259 2530 276 2550 e
300 2521 377 2551 Mss.
395 2521 489 2550 edidit
516 2522 568 2550 hic
591 2532 712 2557 summa,
730 2532 784 2561 pro

828 2521 894 2551 lute
915 2522 1051 2560 positum
1076 2521 1156 2550 nihil
1181 2522 1275 2551 habet
1299 2523 1524 2552 admirationis.

93 2562 250 2590 sententia:
277 2570 404 2594 secutus
428 2570 473 2593 est
500 2564 666 2594 BuheriuS.
689 2566 733 2595 sic
756 2571 785 2594 et

96 2605 158 2634 Ms.
190 2604 296 2635 Guelf.
329 2607 453 2636 utinam
490 2607 708 2646 explicassent.
754 2607 785 2637 Si

96 2648 258 2677 adderetur
277 2649 459 2686 consensione,
476 2657 512 2680 ut
527 2650 600 2680 alibi
617 2651 649 2680 in
665 2652 726 2681 hac
742 2660 787 2688 re,

92 2689 239 2728 placeret.
286 2691 457 2721 Lambinus
481 2693 616 2731 conjecit
631 2693 707 2722 inter
728 2705 786 2723 om-

95 2742 143 2760 nes
155 2743 180 2761 o.
194 2743 226 2771 g.
242 2732 363 2761 homines
380 2741 497 2763 constas.

139 2781 178 2804 24
195 2776 283 2804 nostri
298 2774 431 2814 crinitas]
452 2776 514 2806 Ms.
532 2778 637 2807 Guelf.
655 2778 786 2813 critziIas,

97 2816 142 2845 sic
167 2823 197 2846 et
219 2817 272 2848 alii
295 2825 326 2848 et
347 2819 416 2848 edd.
440 2825 513 2850 vett.
557 2820 661 2859 Vulgo
685 2831 790 2851 recen-

99 2859 190 2888 tiores
220 2860 407 2891 cincinnatas.
452 2861 556 2892 Etiam
586 2863 637 2893 alii
674 2871 791 2894 veteres

99 2901 218 2932 crinitas
233 2903 486 2944 interpretantur.

829 2565 935 2604 itaque
961 2565 1107 2594 Davisius
1135 2565 1258 2603 corrigit
1283 2566 1312 2593 in
1334 2565 1524 2601 conversione,

830 2614 865 2637 ut
891 2617 969 2637 cum
996 2608 1199 2638 antecedente
1221 2609 1387 2638 cohaereat.
1412 2607 1524 2637 malim

830 2650 1108 2691 conversionumque.

873 2698 912 2722 25
937 2692 1106 2731 utilitatem]
1135 2693 1185 2722 Sic
1212 2693 1280 2722 libri
1305 2702 1474 2722 consensu.
1494 2699 1525 2721 at

829 2736 863 2765 P.
878 2736 1044 2765 Manutius
1054 2737 1227 2774 corrigebat
1238 2736 1425 2771 varietatem,
1440 2736 1526 2773 quod

830 2779 910 2808 bene
934 2779 1088 2807 consentit
1107 2778 1312 2816 pulcritudini.
1335 2779 1373 2807 de
1396 2778 1527 2807 utilitate

834 2827 906 2850 ante
921 2822 1054 2850 dietum.
1079 2821 1222 2860 probavit
1242 2828 1273 2850 et
1295 2831 1371 2850 cum
1392 2819 1528 2849 Buherio

835 2864 993 2893 Davisius.
1015 2873 1073 2893 nec
1089 2864 1226 2894 dubitavi
1246 2864 1307 2903 ipse
1325 2864 1467 2902 recipere.
1484 2861 1528 2891 sie
1564 2864 1566 2867 ⁴

836 2913 867 2934 et
882 2915 910 2935 c.
928 2911 956 2936 6.
975 2913 1030 2936 est.

836 2946 937 2998 Ff4
