1778 3095
233 159 313 194 422
620 159 694 196 DE
723 159 982 198 NATURA
1009 160 1275 199 DEORUM

236 258 431 312 busdam,
447 276 574 317 quam
595 263 707 317 apud
729 278 803 304 nos
820 264 873 305 de
891 265 1159 307 sanctissimis
1177 264 1344 321 templis
1364 272 1407 306 et
1427 264 1659 308 simulacris

176 320 225 352 82
237 314 427 358 deorum.
486 319 653 359 Etenim
684 320 780 361 fana
807 321 940 362 multa
969 322 1210 377 exspoliata,
1240 331 1282 362 et
1311 320 1533 362 simulacra
1555 321 1659 364 deo-

236 387 329 413 rum
349 373 400 414 de
420 374 522 415 locis
544 375 812 418 sanctissimis
832 378 972 419 ablata
993 379 1181 420 videmus
1199 395 1223 419 a
1246 377 1410 419 nostris.
1430 385 1473 418 at
1488 392 1585 418 vero
1605 393 1657 420 ne

236 429 364 470 fando
393 430 566 485 quidem
595 433 784 475 auditum
812 444 889 484 est,
911 435 1187 484 crocodilum,
1208 446 1280 476 aut
1301 434 1417 483 ibim,
1438 444 1512 475 aut
1530 433 1655 476 felem

234 485 435 527 violatum
454 488 507 527 ab
525 489 749 544 AEgyptio.
786 490 902 546 Quid
922 491 1052 545 igitur
1069 505 1210 533 censes
1226 493 1239 532 ?
1262 490 1389 545 Apim
1413 489 1546 541 illum,
1564 505 1658 532 san-

235 551 351 583 ctum
387 543 691 600 AEgyptiorum
726 547 892 596 bovem,
923 562 1059 587 nonne
1089 547 1213 589 deum
1245 547 1371 588 videri
1406 547 1654 602 AEgyptiis?

236 606 323 638 tam
361 597 513 650 hercle,
550 617 676 656 quam
712 603 788 642 tibi
824 602 938 642 illam
977 613 1157 644 nostram
1196 604 1422 659 Sospitam,
1454 617 1578 658 quam
1611 612 1659 644 tu

236 669 467 710 numquam
487 672 539 697 ne
558 658 601 698 in
621 659 777 699 somnis
794 659 965 713 quidem
986 659 1208 709 vides,‘nisi
1229 675 1325 700 cum
1346 660 1455 715 pelle
1475 659 1659 714 caprina,

236 725 333 752 cum
363 712 497 763 hasta,
516 728 613 753 cum
635 714 816 764 scutulo,
838 730 935 755 cum
956 715 1151 756 calceolis
1175 716 1379 772 repandis.
1438 717 1500 757 At
1523 725 1559 748 10
1574 731 1659 756 non

236 776 300 808 est
321 768 414 809 talis
435 769 581 823 Argia,
605 784 680 810 nec
700 771 888 811 Romana
908 773 1034 812 Juno.
1093 773 1208 827 Ergo
1237 773 1317 813 alia
1343 773 1499 827 species
1526 774 1550 814 J
1556 787 1662 813 uno-

237 823 300 864 nis
319 825 504 879 ArgiviS,
524 825 604 866 alia
623 827 861 868 Lanuvinis.
911 829 965 868 Et
985 827 1153 883 quidem
1174 828 1254 868 alia
1274 829 1392 869 nobis
1415 828 1660 883 Capitolini,

154 876 317 924 30alia
336 880 452 921 Afris
472 881 698 923 Ammonis
721 884 851 925 Jovis.
908 885 1009 924 Non
1037 884 1168 939 pudet
1199 884 1328 939 igitur
1358 884 1596 941 physicum,
1618 884 1662 927 id

173 951 220 983 83
235 945 313 986 est,
335 937 640 992 speculatorem
664 950 986 996 venatoremque
1007 951 1164 982 naturae
1185 942 1237 982 ab
1259 940 1407 982 animis
1434 952 1660 982 consuetu-

234 992 331 1034 dine
350 994 537 1044 imbutis,
558 1003 700 1050 petere
730 997 1015 1037 testimonium
1042 998 1253 1038 veritatis?
1277 998 1358 1037 isto
1391 997 1500 1037 enim
1530 998 1661 1038 modo

234 1049 375 1090 dicere
406 1049 563 1102 licebit,
582 1053 730 1093 Jovem
760 1066 923 1109 semper
952 1055 1188 1104 barbatum,
1218 1054 1461 1109 Apollinem
1495 1068 1660 1109 semper

234 1105 482 1158 imberbem,
509 1108 655 1150 caesios
686 1109 832 1151 oculos
865 1110 1082 1161 Minervae,
1103 1110 1303 1152 caeruleos
1333 1125 1423 1151 esse
1453 1111 1659 1166 Neptuni.

232 1164 290 1203 Et
316 1163 488 1218 quidem
523 1165 702 1206 Athenis
736 1166 956 1207 laudamus
989 1168 1229 1208 Vulcanum
1260 1182 1374 1217 eum,
1404 1181 1528 1222 quem
1560 1166 1661 1207 fecit

231 1219 485 1261 Alcamenes
504 1237 513 1261 ε
559 1222 600 1262 in
640 1237 725 1277 quo
762 1232 911 1272 stante,
948 1232 1076 1278 atque
1115 1224 1278 1273 vestitO,
1310 1223 1452 1264 leviter
1487 1232 1660 1278 apparet

232 1274 484 1317 claudicatio
507 1292 590 1318 non
612 1278 824 1320 deformis.
865 1279 1074 1321 Claudum
1098 1280 1227 1335 igitur
1245 1280 1495 1320 habebimus
1516 1279 1659 1330 deum,

233 1333 433 1386 quoniam
456 1333 508 1374 de
529 1334 722 1376 Vulcano
744 1336 802 1376 sic
823 1337 1077 1391 accepimus.
1130 1345 1163 1367 ¹1
1184 1339 1280 1391 Age
1301 1345 1343 1377 et
1362 1335 1426 1376 his
1447 1336 1660 1377 vocabulis

171 1390 221 1422 84
234 1388 335 1430 (1005
356 1403 445 1430 0550
466 1390 684 1442 faciamus,
705 1393 856 1448 quibus
879 1408 903 1434 a
923 1393 1042 1433 nobis
1064 1393 1345 1434 nominantur.
1395 1393 1456 1433 At
1475 1392 1659 1448 primum

125 1445 341 1501 P·18·quot
368 1445 588 1488 hominum
619 1447 790 1504 linguae,
811 1458 876 1490 tot
902 1450 1074 1490 nomina
1094 1449 1283 1490 deorum.
1341 1450 1443 1490 Non
1465 1450 1591 1499 enim,
1614 1458 1662 1490 ut

194 1490 224 1511 a.
236 1511 283 1542 tu
302 1501 504 1552 Velleius,
526 1518 795 1561 quocumque
817 1505 988 1557 veneris,
1009 1505 1066 1546 sic
1089 1505 1200 1547 idem
1222 1506 1263 1546 in
1286 1505 1409 1546 Italia
1425 1506 1660 1556 Vulcanus,

232 1557 344 1599 idem
377 1559 418 1599 in
448 1559 608 1611 Africa,
633 1561 743 1602 idem
777 1563 817 1603 in
849 1562 1067 1617 Hispania.
1126 1562 1294 1603 Deinde
1325 1562 1546 1603 nominum
1576 1577 1658 1602 non

230 1629 410 1670 maguus
432 1631 643 1668 numeruS,
666 1634 716 1659 ne
746 1619 787 1659 in
818 1619 1041 1674 pontificiis
1071 1619 1240 1674 quidem
1273 1618 1449 1659 nostris:
1483 1618 1659 1659 deorum

230 1680 372 1712 autern
395 1673 723 1715 innumerabilis.
781 1675 849 1715 An
878 1676 965 1716 sine
991 1675 1230 1715 nominibus
1262 1676 1386 1715 sunt?
1420 1674 1532 1715 istud
1564 1675 1658 1730 qui-

231 1727 327 1768 dem
349 1728 407 1769 ita
426 1729 541 1769 vobis
562 1730 701 1771 dicere
720 1745 887 1772 necesse
907 1740 984 1772 est.
1015 1731 1116 1787 quid
1138 1731 1248 1771 enim
1271 1731 1436 1781 attinet,
1456 1745 1553 1771 cum
1575 1745 1660 1772 una

230 1784 355 1824 facies
377 1784 444 1835 sit,
465 1785 586 1840 plura
605 1801 695 1827 esse
715 1788 913 1829 nomina?
937 1803 1064 1844 quam
1085 1787 1244 1828 bellum
1264 1795 1365 1836 erat,
1386 1787 1538 1838 Vellei,
1555 1802 1658 1828 con-

231 1840 336 1881 fiteri
365 1842 521 1896 potius,
553 1844 725 1895 nescire,
756 1845 869 1900 quod
909 1845 1102 1895 nescires,
1132 1859 1258 1899 quam
1290 1844 1368 1884 ista
1398 1844 1656 1884 effutientem

231 1910 443 1948 nauseare,
466 1908 591 1954 atque
614 1909 648 1931 12
667 1901 803 1955 ipsum
826 1901 901 1942 tibi
922 1901 1170 1956 displicere?
1203 1901 1263 1941 At
1295 1908 1343 1941 tu
1374 1900 1457 1940 mei
1478 1900 1657 1940 similem

230 1962 353 2008 putas
372 1969 474 2005 esse,
494 1964 567 1996 aut
591 1957 652 1997 tui
679 1957 803 1998 deum
822 1960 834 1998 ?
868 1958 1060 2013 profecto
1082 1972 1164 1997 non
1186 1965 1322 2011 putas.
1382 1956 1499 1998 Quid
1520 1970 1623 2011 ergo
1641 1957 1655 1997 ?

230 2010 364 2051 solem
384 2011 537 2063 dicam,
559 2022 632 2054 aut
650 2013 808 2064 lunam,
829 2024 901 2055 aut
922 2014 1090 2064 caelum,
1110 2013 1262 2054 deum?
1286 2027 1390 2067 ergo
1412 2012 1537 2054 etiam
1560 2013 1658 2054 bea-

230 2068 347 2108 tum?
370 2068 522 2123 quibus
543 2069 747 2110 fruentem
769 2071 1079 2126 voluptatibus?
1104 2080 1147 2111 et
1166 2070 1421 2125 sapientem?
1455 2070 1540 2126 Qui
1561 2079 1658 2124 pot-

230 2131 295 2163 est
321 2138 409 2165 esse
434 2133 469 2156 13
487 2125 530 2165 in
559 2126 768 2181 ejusmodi
797 2136 947 2168 trunco
977 2126 1206 2183 sapientia?
1240 2127 1347 2166 Haec
1379 2135 1513 2167 vestra
1546 2134 1658 2167 sunt.

169 2187 215 2219 85
231 2179 275 2220 Si
296 2180 425 2236 igitur
445 2195 518 2222 nec
539 2182 726 2224 humano
742 2184 843 2233 visu,
866 2184 981 2239 quod
999 2184 1125 2225 docui
1133 2199 1145 2234 3
1177 2197 1252 2223 nec
1274 2182 1346 2223 tali
1365 2182 1522 2238 aliquo,
1543 2181 1658 2237 quod

230 2235 308 2277 tibi
338 2252 579 2292 persuasum
611 2248 700 2281 est:
732 2240 833 2296 quid
863 2241 1031 2282 dubitas
1063 2253 1230 2295 negare,
1255 2239 1356 2279 deos
1385 2240 1508 2279 esse?
1554 2239 1654 2279 Non

229 2292 373 2334 audes.
404 2295 611 2349 sapienter
635 2296 677 2337 id
706 2297 894 2352 quidem.-
922 2299 999 2338 etsi
1019 2297 1100 2338 hoc
1119 2297 1215 2337 loco
1235 2310 1320 2336 non
1340 2295 1544 2350 populum
1565 2309 1656 2335 me-

230 2349 328 2401 tuis,
349 2351 421 2392 sed
441 2351 552 2406 ipsos
574 2352 690 2393 deos.
721 2354 815 2394 novi
837 2368 919 2409 ego
940 2354 1170 2409 Epicureos
1191 2351 1333 2392 omnia
1352 2351 1491 2406 sigilla
1511 2365 1658 2391 nume-

230 2415 368 2447 rantes
389 2425 398 2448 :
430 2423 688 2464 quamquam
717 2409 836 2450 video
868 2410 1078 2451 nonnullis
1103 2409 1244 2458 videri,
1269 2407 1514 2461 Epicurum,
1535 2421 1586 2447 ne
1614 2407 1657 2447 in

229 2463 502 2505 offensionem
530 2465 857 2507 Atheniensium
876 2467 1060 2515 caderet,
1081 2464 1213 2505 verbis
1241 2463 1456 2518 reliquisse
1476 2462 1593 2514 deos,
1613 2477 1658 2504 re

229 2520 463 2562 sustulisse.
505 2523 653 2577 Itaque
672 2523 713 2563 in
735 2522 814 2563 illis
837 2523 999 2563 selectis
1020 2523 1110 2579 ejus
1130 2521 1407 2576 brevibusque
1428 2520 1658 2570 sententiis,

274 2672 312 2695 10
335 2675 387 2694 non
403 2671 443 2693 es!
460 2664 526 2693 talis
537 2663 645 2704 Argia]
665 2665 715 2694 Sic
732 2674 787 2704 pro
803 2664 923 2704 Argiva
1012 2673 1048 2696 12
1073 2665 1164 2705 ipsum
1189 2665 1242 2694 tibi
1263 2665 1425 2704 displicere]
1454 2666 1537 2696 Bene
1561 2668 1658 2698 Davi-

230 2708 377 2738 Davisius
393 2717 409 2736 e
426 2707 505 2737 Mss.
520 2708 564 2737 sic
581 2714 611 2736 et
628 2707 734 2736 Guelf.
752 2707 857 2737 habet.
965 2708 1029 2738 sius
1046 2718 1100 2747 pro
1116 2708 1169 2737 sibi
1188 2708 1271 2738 dedit
1292 2708 1346 2737 tibi
1359 2720 1369 2737 .-
1394 2718 1469 2739 nam
1492 2716 1538 2740 est
1553 2719 1657 2740 sermo

275 2758 307 2780 11
336 2751 399 2789 Age
423 2758 450 2778 c!
474 2750 515 2778 hfs
545 2761 578 2779 v.
610 2750 671 2778 deos
699 2761 753 2779 esse
765 2749 915 2790 facimus]
961 2751 999 2780 de
1023 2751 1156 2787 Velleio,
1181 2762 1247 2781 non
1273 2752 1310 2781 de
1336 2752 1519 2783 hominibus
1546 2753 1577 2784 ln
1603 2762 1657 2794 ge·

229 2793 436 2823 Valkenarius
451 2794 490 2822 ad
503 2793 653 2823 Herodot.
668 2803 697 2832 p.
716 2800 786 2825 591.
805 2793 834 2822 b.
852 2803 918 2823 cor·
961 2803 1046 2823 nere.
1540 2811 1543 2814 -

228 2837 299 2875 rigit
324 2835 488 2877 faciamus.
526 2836 618 2872 bene,
648 2837 769 2875 opinor.
807 2837 851 2866 sic
888 2843 918 2866 et
1008 2843 1042 2867 13
1068 2837 1097 2865 in
1113 2837 1245 2876 {jusmodi
1262 2836 1372 2876 trunco]
1392 2847 1422 2868 v.
1438 2836 1527 2868 Clav.

228 2879 376 2910 Manutio
391 2886 421 2910 et
437 2879 547 2911 Lamb.
563 2879 669 2910 visum
685 2884 741 2909 est.
