1778 3095
598 123 778 162 LIBER
807 120 1105 159 QUINTUS.
1478 124 1554 157 213

124 249 220 277 cum
245 234 455 284 arborum,
472 239 515 274 et
528 230 721 286 stirpium
736 228 883 270 eadem
900 241 1020 283 paene
1034 233 1184 267 natura
1202 224 1276 265 sit:
1298 223 1395 275 sive,
1409 233 1458 266 ut
1478 226 1556 267 do-

122 291 320 333 ctissimis
352 290 446 332 viris
474 288 608 329 visum
639 295 719 337 est,
749 285 885 341 major
905 284 1046 340 aliqua
1074 296 1214 333 causa,
1233 289 1360 336 atque
1381 281 1557 324 divinior

123 348 233 390 ha'nc
265 348 346 388 vim
378 345 595 401 ingenuit:
625 344 709 384 sive
739 342 822 383 hoc
853 342 912 382 ita
944 341 991 382 fit
1015 339 1207 381 fortuito.
1267 345 1305 373 47
1321 337 1556 380 Videamus

123 419 187 455 ea,
207 420 301 460 quae
321 412 428 444 terra
446 401 599 457 gignit,
619 399 864 449 corticibus,
893 406 936 438 et
968 396 1177 438 radicibus
1207 394 1342 435 valida
1371 395 1521 434 servari
1543 411 1554 445 ;

153 461 238 503 uod
268 459 477 513 contingit
509 457 759 498 animalibus
781 463 819 487 48
835 469 1034 495 sensuum
1053 451 1365 500 distributione,
1386 459 1428 491 et
1448 465 1555 506 qua·

122 476 221 558 dam
251 515 544 570 compactione
574 513 877 555 membrorum.
910 525 994 567 qua
1025 508 1198 566 quidem
1230 507 1283 563 de
1315 522 1373 558 re,
1404 522 1554 563 quam-

122 588 249 629 quam
270 571 474 613 assentior
494 572 557 622 iis,
578 570 650 626 qui
670 570 761 611 haec
783 568 925 610 omnia
955 568 1047 623 regi
1075 574 1223 607 natura
1250 572 1401 620 putant
1414 580 1426 615 3
1458 580 1554 620 quae

120 631 154 670 si
172 637 318 669 natura
337 628 540 683 negligat,
562 628 651 683 ipsa
672 642 762 667 esse
783 641 868 667 non
887 625 1070 681 possint:
1103 632 1246 664 tamen
1265 621 1470 672 concedo,
1491 631 1555 672 ut,

119 685 192 740 qui
222 684 273 725 de
301 684 383 726 hoc
403 684 667 734 dissentiunt,
687 683 929 724 existiment
959 680 1075 737 quod
1104 680 1244 729 velint,
1266 687 1306 712 49
1319 692 1367 719 ac
1387 679 1451 719 vel
1471 678 1555 719 hoc

116 740 370 796 intelligant,
404 742 439 782 si
475 741 644 797 quando
686 751 878 781 naturam
918 737 1102 780 hominis
1140 736 1294 787 dicam,
1335 735 1555 777 hominem

117 797 256 839 dicere
289 813 372 838 me.
403 798 507 839 nihil
540 797 652 838 enim
685 797 768 838 hoc
801 796 955 837 differt.
986 809 1083 835 nam
1114 793 1229 849 prius
1263 793 1421 848 poterit
1453 808 1478 833 a
1511 807 1556 833 se

118 854 296 910 quisque
321 854 551 907 discedere,
571 869 699 910 quam
729 853 964 909 appetitum
996 866 1140 892 earum
1171 864 1327 900 rerum,
1349 865 1444 905 quae
1474 849 1556 891 sibi

118 910 371 962 conducant,
391 912 598 952 amittere.
658 911 760 952 Jure
788 910 918 965 igitur
945 907 1181 964 gravissimi
1210 906 1456 963 philosophi
1475 907 1555 948 ini-

118 967 226 1009 tium
247 968 402 1009 summi
423 968 523 1009 boni
544 983 568 1009 a
588 977 735 1009 natura
755 967 1004 1022 petiverunt,
1026 974 1070 1005 et
1089 964 1208 1005 illum
1230 964 1466 1019 appetitum
1490 978 1556 1004 re-

116 1039 210 1066 rum
231 1024 284 1065 ad
306 1033 498 1066 naturam
528 1023 962 1073 accommodatarum,
983 1023 1278 1077 ingeneratum
1305 1028 1557 1075 putaverunt

117 1081 330 1132 omnibus,
350 1082 422 1137 qui
441 1082 712 1123 continentur
739 1095 789 1122 ea
818 1079 1186 1121 commendatione
1211 1088 1387 1129 naturae,
1409 1092 1493 1133 qua
1512 1091 1554 1118 se
1567 1082 1599 1114 b.

118 1137 197 1194 ipsi
218 1137 416 1194 diligunt.

175 1194 390 1250 Deinceps
422 1194 647 1236 videndum
680 1202 758 1244 est,
789 1192 989 1249 quoniam
1023 1192 1121 1233 satis
1153 1201 1345 1248 apertum
1376 1198 1454 1241 est,
1478 1189 1557 1231 sibi
1576 1185 1636 1232 12

119 1265 333 1307 quemque
354 1260 503 1293 natura
522 1266 613 1292 esse
639 1265 800 1300 carum,
821 1265 916 1305 quae
940 1250 993 1290 sit
1013 1249 1196 1290 hominis
1227 1259 1389 1290 natura.
1411 1247 1465 1288 >id
1493 1255 1558 1288 est
1569 1259 1621 1293 34

119 1305 248 1358 enim,
276 1307 328 1348 de
358 1323 444 1364 quo
474 1308 716 1363 quaerimus.
774 1306 911 1361 Atqui
941 1307 1209 1361 perspicuum
1239 1314 1317 1355 est,
1338 1304 1557 1345 hominem

117 1378 140 1404 e
160 1378 352 1419 corpore,
374 1365 601 1420 animoque
631 1372 839 1414 constare,
859 1378 957 1403 cum
979 1363 1124 1417 primae
1154 1362 1238 1402 sint.
1258 1361 1387 1402 animi
1403 1369 1557 1415 partes,

117 1420 313 1461 secundce
334 1421 537 1477 corporis.
567 1420 720 1461 deinde
742 1420 784 1461 id
806 1434 974 1475 quoque
1005 1419 1208 1469 videmus,
1242 1428 1285 1459 et
1311 1419 1370 1459 ita
1401 1417 1560 1473 figura-

118 1484 211 1517 tum
232 1491 400 1532 corpus,
421 1488 469 1519 ut
486 1477 665 1518 excellat
693 1476 799 1526 aliis,
821 1476 1093 1530 animumque
1113 1475 1171 1516 ita
1190 1475 1487 1524 constitutum,
1511 1482 1560 1515 ut

117 1542 162 1574 et
181 1534 373 1574 sensibus
399 1534 627 1575 instructus
649 1533 715 1584 sit,
735 1542 779 1573 et
799 1532 954 1572 habeat
984 1532 1269 1586 praestantiam
1300 1531 1467 1582 mentis,
1489 1529 1559 1571 cui

117 1598 210 1631 tota
231 1589 414 1631 hominis
441 1599 591 1631 natura
620 1598 778 1645 pareat,
798 1589 840 1629 in
862 1604 946 1645 qua
967 1589 1020 1629 sit
1039 1588 1240 1629 mirabilis
1271 1587 1467 1644 quaedam
1499 1587 1558 1628 vis

116 1646 304 1698 rationis,
336 1656 380 1688 et
415 1647 688 1703 cognitionis,
725 1654 768 1687 et
800 1645 1000 1695 scientiae,
1030 1645 1317 1700 virtutumque
1350 1645 1557 1685 omnium.

118 1718 214 1744 nam
237 1719 330 1760 quae
351 1704 537 1759 corporis
558 1712 670 1754 sunt,
689 1717 739 1744 ea
756 1717 833 1743 nec
856 1702 1152 1743 auctoritatem
1185 1716 1283 1742 cum
1313 1701 1442 1742 animi
1462 1715 1558 1756 par-

118 1761 232 1801 tibus
265 1760 608 1816 comparandam,
635 1769 679 1801 et
706 1759 995 1815 cognitionem
1022 1758 1179 1799 habent
1200 1758 1448 1799 faciliorem.
1478 1758 1558 1798 ita-

117 1832 199 1872 que
221 1818 274 1858 ab
294 1818 358 1858 his
380 1817 608 1858 ordiamur.
670 1816 874 1871 Corporis
894 1816 1024 1871 igitur
1050 1815 1181 1856 nostri
1211 1825 1366 1871 partes,
1384 1823 1558 1870 totaque
1571 1815 1620 1847 35

120 1874 267 1928 figura,
289 1885 332 1914 et
351 1874 502 1925 forma,
523 1883 565 1914 et
586 1882 759 1923 statura,
782 1887 909 1928 quam
930 1881 1028 1927 apta
1049 1872 1102 1912 ad
1125 1880 1317 1913 naturam
1341 1872 1407 1922 sit,
1429 1886 1560 1926 appa-

118 1941 211 1972 ret:
245 1945 380 1986 neque
412 1940 476 1971 est
507 1930 698 1979 dubium,
721 1930 822 1985 quin
854 1929 985 1979 frons,
1014 1929 1141 1979 oculi,
1156 1943 1283 1969 aures
1315 1937 1357 1969 et
1388 1929 1560 1982 reliquae

118 1997 273 2042 partes,
304 1986 448 2042 quales
481 1987 661 2042 propriae
694 1995 792 2027 sunt
820 1985 1018 2036 hominis,
1039 1986 1311 2041 intelligatur.
1345 1985 1418 2026 sed
1448 1994 1562 2025 certe

121 2058 229 2098 opus
259 2053 323 2084 est
352 2058 403 2084 ea
433 2044 582 2093 valere,
602 2051 645 2083 et
664 2042 819 2098 vigere,
842 2052 881 2075 50
897 2053 940 2083 et
959 2042 1167 2083 naturales
1198 2051 1355 2092 motus,
1377 2056 1562 2096 ususque

119 2099 290 2150 habere,
312 2110 358 2141 ut
380 2115 455 2140 nec
476 2100 585 2140 absit
615 2099 718 2154 quid
747 2114 909 2149 eorum,
933 2114 1010 2140 nec
1044 2114 1222 2154 aegrum,
1245 2099 1562 2140 debilitatumve

120 2157 186 2197 sit.
218 2157 260 2197 id
280 2157 392 2197 enim
415 2165 563 2197 natura
594 2155 818 2196 desiderat.
877 2157 953 2196 Est
972 2156 1098 2196 etiam
1120 2156 1231 2197 actio
1252 2154 1446 2211 quaedam
1469 2169 1564 2195 cor-

120 2214 248 2268 poris,
282 2229 375 2269 quae
408 2222 565 2263 motuS,
601 2222 644 2253 et
674 2221 807 2253 status
841 2222 1000 2253 naturae
1033 2221 1313 2267 congruentes
1341 2221 1486 2253 tenet:
1519 2211 1562 2251 in

121 2269 274 2325 quibus
307 2270 341 2310 si
371 2280 573 2325 peccetur
603 2269 868 2319 distortione,
892 2277 933 2309 et
955 2268 1250 2323 depravatione
1273 2268 1470 2324 quadam,
1490 2276 1564 2308 aut

121 2337 260 2377 motu,
281 2335 442 2368 statuve
473 2326 670 2376 deformi,
692 2335 753 2375 ut,
776 2326 809 2366 si
838 2335 911 2366 aut
945 2326 1139 2366 manibus
1170 2325 1433 2380 ingrediatur
1454 2324 1561 2380 quis,

121 2392 194 2424 aut
227 2398 311 2424 non
344 2392 454 2433 ante,
477 2382 550 2423 sed
580 2392 722 2432 retr03
754 2383 903 2437 fugere
932 2382 1055 2437 plane
1083 2396 1126 2422 se
1156 2382 1258 2436 ipsc,
1281 2390 1323 2422 et
1343 2381 1559 2422 hominem

121 2454 173 2480 ex
204 2440 377 2481 homine
411 2454 567 2480 exuens
604 2449 796 2479 naturam
834 2438 973 2479 odisse
1006 2438 1209 2479 videatur.
1268 2439 1563 2494 Quamobrem

121 2496 491 2537 etianrsessiones
527 2495 738 2551 quaedam,
773 2504 816 2536 et
853 2495 947 2535 flexi
984 2495 1190 2550 fractique
1226 2503 1383 2545 motus,
1419 2494 1566 2551 quales

122 2562 412 2607 protervorum
435 2553 673 2604 hominum,
697 2552 771 2592 aut
800 2552 997 2593 mollium
1028 2566 1120 2595 esse
1148 2551 1300 2602 solent,
1321 2561 1470 2593 contra
1492 2565 1565 2592 na-

167 2700 202 2729 47
233 2695 389 2725 Videamus
413 2693 460 2734 ea]
491 2696 570 2725 Puto
597 2696 648 2724 hic
672 2705 738 2724 esse
763 2694 822 2723 ini·
866 2695 947 2724 buti.

124 2738 205 2766 tium
239 2748 331 2768 novae
367 2740 545 2775 sententiae,
583 2739 822 2777 legendumque
910 2746 949 2769 49
966 2750 1000 2767 ac
1023 2737 1076 2767 vel
1095 2738 1144 2767 hoc
1167 2736 1350 2778 intelligant]
1379 2737 1434 2768 Pro
1450 2748 1484 2766 ac
1499 2738 1565 2767 sinc

128 2780 290 2816 maumas,
307 2793 339 2809 ea
357 2782 414 2810 ἃς.
866 2781 965 2810 dubio
981 2781 1152 2819 legendum
1170 2788 1217 2809 cst
1231 2788 1275 2809 at.

133 2827 136 2830 '
171 2826 208 2851 48
225 2833 351 2852 ‚rensuum
367 2821 580 2861 distributione]
601 2824 619 2851 ἰ.
638 2833 664 2852 e.
683 2833 737 2861 per
752 2833 823 2852 sen·
913 2831 952 2853 50
983 2832 1009 2852 et
1035 2822 1197 2863 tzaturm'ss]
1230 2824 1342 2854 Addidi
1374 2830 1401 2851 et
1431 2832 1469 2851 ex
1497 2823 1563 2852 cdd.

127 2875 190 2901 >uz
208 2866 261 2904 qui
285 2876 338 2905 per
361 2873 464 2896 totum
490 2875 601 2905 corpus
624 2874 698 2896 sunt
723 2866 824 2896 distri·
869 2876 915 2904 pr.

876 2921 896 2946 Ρ
920 2920 943 2961 3
