1768 3095
628 106 809 143 LIBER
849 107 1183 143 SECUNDUS.
1545 111 1614 142 135

192 214 272 254 mis
301 215 407 256 escis
439 224 482 257 et
508 215 765 270 potionibus,
786 215 993 254 minorem
1015 213 1274 268 voluptatem
1296 212 1468 267 percipi,
1490 227 1618 267 quam
1660 238 1676 253 1·

191 272 316 312 rebus
344 271 675 328 exquisitissimis
703 271 756 311 ad
783 270 1055 326 epulandum.
1115 269 1230 310 Huic
1259 283 1356 323 ego,
1385 268 1419 308 si
1448 278 1618 323 negaret

191 327 421 383 quidquam
443 329 639 369 interesse
664 328 718 368 ad
749 328 871 368 beate
897 325 1130 377 vivendum,
1153 324 1265 381 quali
1285 333 1475 366 uteretur
1492 325 1617 374 victu,

191 384 491 426 concederem:
522 384 735 425 laudarem
769 384 922 424 etiam:
954 398 1097 423 verum
1128 383 1240 423 enim
1276 380 1462 422 diceret:
1492 380 1617 435 idque

193 441 423 491 Socratem,
445 441 517 496 qui
537 441 795 496 voluptatem
828 440 945 480 nullo
971 440 1067 480 loco
1096 448 1303 488 numerat,
1326 437 1452 479 audio
1474 436 1618 477 dicen-

190 506 290 547 tem,
311 497 394 537 cibi
413 498 730 538 condimentum
756 511 847 537 esse
868 497 1020 537 famem
1043 513 1051 536 :
1082 496 1266 551 potionis
1286 494 1414 535 sitim.
1436 493 1524 543 sed,
1547 494 1619 548 qui

191 553 243 593 ad
272 553 530 608 voluptatem
561 554 703 594 omnia
734 554 928 603 referens,
958 552 1055 593 vivit
1088 561 1135 593 ut
1166 551 1403 601 Gallonius,
1432 550 1620 605 loquitur

188 619 236 649 ut
266 610 395 665 Frugi
424 610 494 651 ille
527 611 636 662 Piso,
667 617 705 643 65
726 625 807 651 non
839 610 978 650 audio.
1011 624 1087 650 nec
1117 608 1228 649 enim
1255 623 1369 658 eum,
1391 607 1505 663 quod
1527 621 1620 647 sen-

186 664 276 715 tiat,
298 665 436 707 dicere
466 667 676 708 existimo.
736 666 962 708 Naturales
984 666 1144 706 divitias
1167 665 1271 705 dixit
1290 663 1496 720 parabiles
1514 672 1675 714 esse,91

187 721 302 776 quod
323 737 448 778 parvo
468 732 578 764 esset
598 733 745 765 natura
766 731 978 764 contenta.
1000 733 1126 772 certe,
1146 722 1224 762 nisi
1243 722 1503 776 voluptatem
1525 729 1618 761 tan-

184 778 218 818 ti
238 779 513 821 aestimaretis.
571 780 664 821 Non
681 780 834 831 minor,
860 780 1010 835 inquit,
1034 778 1220 833 voluptas
1235 777 1463 833 percipitur
1484 792 1534 817 ex
1554 776 1616 817 vi-

187 833 353 876 lissimis
381 836 511 888 rebus,
539 852 663 893 quam
690 852 740 878 ex
763 835 1080 891 pretiosissimis.
1141 837 1240 875 Hoc
1275 844 1339 875 est
1371 849 1455 875 non
1488 833 1618 874 modo

184 906 260 932 cor
279 907 362 933 non
385 893 554 943 habere,
587 894 660 935 sed
689 908 740 934 ne
768 893 957 948 palatum
989 891 1175 947 quidem.
1199 891 1270 947 qui
1292 892 1404 931 enim
1426 890 1617 945 volupta-

184 957 270 989 tem
292 949 426 1004 ipsam
447 960 739 1001 contemnunt,
756 950 804 990 iis
824 950 923 991 licet
941 949 1092 999 dicere,
1114 962 1156 988 se
1173 948 1456 1003 acipenserem
1479 962 1615 987 menae

183 1020 267 1046 non
299 1017 566 1062 anteponere.
587 1008 655 1048 cui
683 1022 780 1048 vero
813 1007 854 1047 in
881 1007 1096 1061 voluptate
1122 1019 1334 1045 summum
1355 1005 1516 1045 bonum
1537 1014 1614 1054 est,
1625 1016 1656 1046 Ρ·
1675 1013 1726 1038 ⁸4·

185 1061 283 1103 huic
320 1065 463 1104 omnia
494 1078 631 1113 sensu,
665 1079 747 1104 non
783 1064 943 1104 ratione
974 1072 1070 1102 sunt
1098 1061 1357 1117 judicanda:
1387 1075 1519 1116 eaque
1554 1060 1658 1100 di-a'

184 1120 317 1160 cenda
339 1122 512 1176 optima,
534 1127 574 1152 06
596 1136 689 1176 quae
710 1129 807 1161 sunt
826 1119 1081 1160 suavissima.

242 1177 403 1217 Verum
431 1188 548 1218 esto:
580 1187 862 1233 consequatur
893 1190 1076 1217 summas
1100 1175 1352 1230 voluptates,
1373 1185 1456 1214 non
1486 1173 1617 1215 modo
1631 1181 1681 1221 92

185 1245 326 1286 parvo,
356 1234 426 1274 sed
454 1249 529 1289 per
556 1248 624 1274 me
654 1234 800 1284 nihilo,
831 1234 864 1273 si
885 1241 1053 1287 potest:
1087 1232 1140 1272 sit
1162 1232 1352 1286 voluptas
1376 1246 1460 1271 non
1482 1231 1620 1271 minor

185 1288 227 1328 in
258 1291 460 1330 nasturtio
489 1290 576 1341 illo,
607 1305 691 1345 quo
719 1290 828 1330 vesci
858 1291 1000 1329 Persas
1031 1303 1121 1329 esse
1141 1288 1288 1329 solitos
1310 1287 1455 1328 scribit
1475 1289 1618 1328 Xeno-

183 1345 315 1400 phon,
347 1362 473 1401 quam
506 1348 547 1387 in
579 1346 850 1403 Syracusanis
882 1345 1049 1393 mensis,
1077 1360 1169 1400 quae
1190 1359 1213 1384 a
1236 1344 1408 1384 Platone
1439 1345 1620 1399 graviter

185 1401 498 1456 vituperantur:
531 1403 597 1454 sit,
630 1404 817 1458 inquam,
840 1411 925 1442 tam
949 1402 1096 1452 facilis,
1117 1416 1244 1456 quam
1266 1400 1405 1451 vultis,
1425 1400 1618 1456 volupta—

183 1457 236 1498 tis
267 1460 556 1513 comparatio:
590 1460 695 1515 quid,
720 1459 771 1499 de
802 1459 949 1498 dolore
980 1458 1199 1498 dicemus?
1233 1457 1354 1512 cujus
1385 1466 1501 1497 tanta
1533 1467 1632 1498 tor—⁷

183 1524 328 1555 menta
359 1526 470 1566 sunt,
500 1525 546 1556 ut
575 1516 616 1556 in
650 1516 713 1556 his
746 1516 870 1555 beata
902 1515 997 1564 vita,
1031 1515 1063 1554 si
1091 1513 1221 1554 modo
1252 1513 1375 1554 dolor
1404 1529 1616 1555 summum

182 1571 341 1612 malum
376 1582 452 1623 est,
489 1587 580 1613 esse
611 1587 696 1612 non
729 1572 875 1626 possit.
909 1571 996 1625 ipse
1033 1571 1144 1610 enim
1179 1569 1467 1620 Metrodorus,
1498 1585 1618 1625 paene

183 1627 289 1668 alter
319 1628 541 1683 EpicuruS,
572 1629 744 1669 beatum
776 1642 865 1668 esse
897 1627 1097 1668 describit
1130 1626 1193 1666 his
1225 1627 1311 1666 fere
1333 1626 1495 1667 verbis:
1529 1642 1618 1667 cum

182 1694 325 1739 corpus
346 1684 440 1726 bene
469 1685 731 1726 constitutum
762 1685 830 1735 sit,
862 1692 901 1724 et
931 1684 985 1725 sit
1015 1682 1288 1738 exploratum,
1320 1682 1379 1723 ita
1395 1682 1612 1738 futurum.

181 1740 252 1781 An
283 1741 325 1782 id
358 1742 622 1797 exploratum
653 1742 851 1797 cuiquam
881 1750 1023 1797 potest
1043 1755 1148 1790 esse,
1171 1754 1256 1795 quo
1279 1739 1409 1780 modo
1431 1755 1519 1780 sese
1541 1741 1616 1781 ha-

179 1797 368 1838 biturum
400 1800 454 1839 sit
483 1814 635 1854 corpus
667 1814 750 1838 non
780 1798 876 1838 dico
906 1797 959 1838 ad
989 1812 1161 1847 annum,
1193 1796 1265 1836 sed
1296 1796 1349 1837 ad
1369 1799 1614 1852 vesperam?

181 1853 304 1894 dolor
343 1855 488 1909 igitur,
528 1855 570 1895 id
610 1864 673 1896 est
712 1869 927 1895 summum
967 1854 1142 1903 malum,
1182 1862 1398 1895 metuetur
1438 1869 1616 1908 semper,

181 1911 309 1951 etiam
343 1911 376 1951 si
411 1926 495 1951 non
515 1912 661 1952 aderit.
678 1911 769 1966 jam
791 1912 901 1951 enim
925 1910 1072 1951 adesse
1092 1910 1260 1965 poterit.
1283 1910 1355 1965 qui
1375 1919 1517 1965 potest
1536 1911 1614 1965 igi-

179 1975 249 2007 tur
281 1967 468 2008 habitare
497 1968 537 2007 in
568 1968 690 2008 beata
718 1968 799 2007 vita
821 1968 974 2007 summi
996 1967 1094 2007 mali
1116 1968 1283 2007 metus?
1316 1967 1528 2017 Traditur,
1549 1968 1614 2008 in-

180 2024 287 2079 quit,
321 2024 373 2063 ab
410 2025 595 2079 Epicuro
630 2025 736 2064 ratio
774 2023 1019 2079 negligendi
1054 2023 1225 2065 doloris.
1285 2029 1321 2059 67
1341 2023 1438 2063 Jam
1473 2025 1673 2079 ipsum93

179 2080 425 2130 absurdum,
453 2081 682 2121 maximum
714 2081 872 2120 malum
901 2080 1075 2135 negligi.
1107 2080 1179 2120 sed
1209 2095 1302 2135 quae
1335 2080 1504 2121 tandem
1534 2081 1614 2122 ista

179 2137 287 2177 ratio
315 2139 409 2177 est?
444 2137 659 2177 Maximus
689 2137 825 2186 dolor,
854 2137 1005 2192 inquit,
1036 2137 1168 2177 brevis
1197 2147 1275 2178 est.
1303 2136 1487 2191 primum
1513 2137 1613 2194 quid

179 2203 225 2233 tu
266 2193 384 2244 dicis,
422 2193 575 2234 breve?
615 2193 766 2234 deinde
808 2193 1000 2234 dolorem
1041 2208 1167 2249 quem
1208 2193 1472 2234 maximum?
1513 2194 1613 2250 quid

179 2250 321 2290 enim?
356 2265 546 2291 summus
578 2250 701 2291 dolor
727 2249 867 2305 plures
899 2250 987 2290 dies
1018 2264 1186 2290 manere
1208 2264 1290 2290 non
1314 2252 1487 2304 potest?
1521 2251 1613 2291 vide

178 2321 230 2347 ne
261 2307 386 2347 etiam
418 2321 597 2347 menses.
631 2307 706 2347 nisi
736 2307 845 2347 forte
876 2321 973 2347 eum
1005 2306 1123 2355 dicis,
1144 2306 1216 2361 qui
1237 2306 1490 2360 simulatque
1511 2308 1613 2347 arri-

177 2364 284 2418 puit,
316 2363 525 2404 interficit.
550 2364 640 2419 quis
671 2364 797 2403 istum
819 2362 1008 2403 dolorem
1030 2362 1151 2403 timet
1170 2364 1182 2403 ?
1214 2362 1335 2403 illum
1357 2363 1529 2403 mallem
1550 2364 1612 2404 le-

177 2435 308 2470 vares,
329 2435 414 2475 quo
444 2420 653 2474 optimum
682 2430 809 2475 atque
832 2419 1183 2460 humanissimum
1204 2418 1353 2468 virum,
1379 2418 1458 2460 Cn.
1482 2420 1613 2461 Octa-

178 2477 305 2526 vium,
328 2477 394 2516 M.
418 2478 462 2516 F.
486 2476 733 2517 familiarem
766 2490 924 2527 meum,
947 2475 1097 2518 confici
1117 2475 1224 2516 vidi:
1257 2490 1332 2516 nec
1353 2490 1448 2517 vero
1469 2477 1613 2527 semel,

176 2548 254 2574 nec
283 2533 334 2574 ad
362 2533 484 2574 breve
512 2542 695 2588 tempus,
725 2532 799 2573 sed
828 2541 870 2573 et
898 2547 1009 2588 saepe
1040 2532 1177 2588 plane,
1206 2541 1248 2573 et
1278 2532 1364 2572 diu.
1395 2547 1501 2587 quos
1528 2533 1611 2584 ille,

219 2664 258 2689 65
283 2669 335 2687 non
358 2658 455 2696 audio]
481 2659 613 2689 Videtur
635 2659 787 2689 excidisse
803 2668 873 2698 pro·
917 2657 996 2687 Mss.
1012 2657 1116 2697 plures
1132 2664 1163 2686 et
1178 2658 1247 2687 edd.
1265 2656 1348 2686 vict.
1369 2657 1437 2687 Ald.
1455 2668 1510 2696 pro
1526 2665 1612 2686 sunt:

178 2710 310 2737 nomen,
333 2712 395 2730 eum
411 2713 464 2730 non
479 2702 574 2733 audio.
619 2703 751 2732 Videtur
774 2708 873 2731 trans-
916 2707 1011 2730 recte.

177 2744 315 2782 positum
339 2753 404 2773 esse
429 2754 525 2775 mox:
550 2757 600 2774 nec
623 2745 697 2774 enim
719 2755 795 2782 eum,
816 2745 872 2774 ubi
961 2748 998 2778 67
1024 2744 1097 2774 Jam
1122 2741 1212 2781 ipsum
1228 2741 1394 2781 absurdum]
1419 2743 1612 2775 Addendurn

180 2787 350 2816 commode
365 2787 512 2817 abfuerit.
916 2794 962 2816 est
978 2786 1019 2816 id.
1063 2786 1136 2815 Jam
1150 2785 1183 2814 id
1197 2786 1289 2824 ipsum
1302 2798 1331 2816 a.

223 2833 263 2858 66
287 2840 351 2870 qua’
367 2837 431 2859 sunt
454 2828 645 2870 suavissima]
670 2830 738 2860 Sim
754 2829 873 2859 habent

855 2882 938 2921 1³4
