1768 3095
213 103 265 136 24
561 99 832 138 ACADEM.
863 99 1307 139 QUAESTIONUM

212 218 350 246 rerum
384 203 713 258 disputationem
747 205 1006 261 principibus
1036 206 1212 249 civitatis
1246 221 1329 248 non
1363 206 1420 248 ita
1450 206 1647 251 decoram

213 267 377 316 putent.
435 262 533 316 Ego
562 271 721 312 autem,
754 277 852 303 cum
885 263 1056 304 Graecas
1087 263 1248 305 litteras
1279 265 1345 305 M.
1367 263 1578 306 Catonem
1603 266 1646 308 in

214 326 430 359 senectute
462 318 656 360 didicisse
685 319 935 375 acceperim,
972 321 1012 359 Ρ.
1049 328 1191 361 autem
1222 320 1427 371 Africani,
1459 321 1646 364 historiae

213 374 455 430 loquantur,
495 375 537 416 in
577 376 789 431 legatione
827 376 899 418 illa
937 375 1083 426 nobili,
1121 391 1249 433 quam
1289 386 1386 419 ante
1424 392 1646 421 censuram

215 431 336 481 obiit,
358 432 588 474 Panaetium
623 447 753 474 unum
785 433 958 474 omnino
977 433 1177 474 comitem
1201 434 1326 476 fuisse
1345 451 1354 476 :
1386 449 1463 477 neo
1483 435 1646 478 littera-

169 502 201 533 b.
215 503 306 530 rum
330 489 593 539 Graecarum,
613 504 690 530 nec
713 489 995 544 Philosophiae
1019 488 1112 545 jam
1142 490 1276 532 ullum
1301 499 1548 535 ⁹auct0rem
1578 506 1646 534 re-

176 545 348 600 6quiro.
409 546 570 595 Restat,
590 555 636 586 ut
657 546 705 587 iis
726 546 1018 601 respondeam,
1041 546 1112 601 qui
1141 547 1406 592 sermonibus
1435 549 1647 605 ejusmodi

212 601 348 643 nolint
380 616 579 658 personas
609 612 695 644 tam
730 617 876 658 graves
913 602 1081 658 illigari.
1139 604 1275 646 Quasi
1307 619 1404 647 vero
1433 606 1643 648 clarorum

210 658 392 700 virorum
423 668 495 700 aut
530 659 680 701 tacitos
711 674 962 714 congressus
995 674 1086 700 esse
1115 669 1324 715 oporteat,
1354 669 1429 703 aut
1456 662 1646 704 ludicros

208 729 438 765 sermones,
471 726 546 758 aut
574 731 713 757 rerum
743 717 957 771 colloquia
985 716 1203 758 leviorum.
1263 718 1446 769 Etenim,
1471 719 1507 760 si
1536 733 1645 774 quo-

209 771 306 813 dam
329 772 371 813 in
390 772 500 814 libro
527 787 623 814 vere
656 781 721 814 cst
749 788 774 814 a
804 774 927 814 nobis
956 773 1226 828 philosophia
1246 774 1431 825 laudata,
1451 775 1646 830 profecto

208 828 300 885 ejus
330 830 524 871 tractatio
555 831 718 886 optimo
751 839 877 885 atque
909 830 1169 885 amplissimo
1200 845 1370 887 quoque
1398 831 1648 888 dignissima.

209 894 301 927 est:
333 900 410 927 nec
431 886 661 942 quidquam
689 887 801 928 aliud
831 886 1055 928 videndum
1078 896 1141 928 est
1172 888 1308 937 nobis,
1328 903 1434 944 quos
1462 888 1646 945 populus

209 942 423 984 Romanus
457 944 539 984 hoc
570 944 611 984 in
642 944 778 999 gradu
807 944 1045 995 collocavit,
1065 944 1144 985 nisi
1165 959 1218 985 ne
1237 945 1339 1000 quid
1364 945 1533 1000 privatis
1554 954 1652 988 stu-²

207 997 285 1040 diis
303 999 356 1040 de
377 1014 507 1055 opera
526 1000 697 1056 publica
717 1000 1001 1042 detrahamus.
1060 1001 1192 1057 Quod
1213 1001 1262 1052 si,
1280 1016 1378 1043 cum
1407 1002 1528 1058 fungi
1546 1017 1645 1044 mu·-

208 1070 306 1096 nere
326 1055 570 1107 debeamus,
592 1072 677 1098 non
705 1057 836 1098 modo
856 1072 1028 1113 operam
1050 1067 1239 1099 nostram
1269 1073 1498 1114 numquam
1522 1073 1549 1100 a
1567 1073 1647 1115 po-

206 1112 341 1167 pulari
375 1123 493 1155 coetu
523 1128 801 1165 removemus,
824 1115 898 1155 sed
917 1129 970 1155 ne
990 1114 1174 1155 litteram
1196 1115 1367 1170 quidem
1386 1115 1519 1157 ullam
1537 1115 1645 1158 faci-

206 1184 316 1223 muS,
348 1170 427 1211 nisi
461 1171 698 1212 forensem:
729 1171 822 1226 quis
853 1170 1133 1226 reprehendet
1164 1180 1354 1213 nostrum
1387 1172 1540 1223 otium,
1571 1172 1646 1229 qui

205 1227 248 1267 in
269 1240 320 1267 eo
342 1241 428 1268 non
446 1228 577 1269 modo
599 1229 880 1283 nosmetipsos
900 1228 1127 1269 hebescere
1148 1236 1191 1268 et
1208 1228 1410 1283 languere
1432 1229 1647 1281 nolumus,

206 1284 280 1324 sed
297 1283 423 1324 etiam
443 1292 492 1325 ut
511 1284 702 1338 plurimis
724 1284 948 1338 prosimus,
966 1283 1195 1325 enitimur?
1229 1285 1422 1326 Gloriam
1442 1299 1539 1326 vero
1559 1300 1645 1327 non

203 1339 334 1380 modo
367 1354 450 1380 non
480 1340 629 1390 minui,
649 1339 722 1380 sed
752 1340 880 1381 etiam
905 1340 1051 1396 augeri
1079 1340 1331 1382 arbitramur
1352 1356 1515 1392 eorum,
1535 1357 1644 1399 quo·-

205 1411 297 1437 rum
321 1396 374 1437 ad
394 1397 634 1452 populares,
654 1396 921 1452 illustresque
951 1397 1112 1447 laudes,
1134 1397 1208 1438 has
1235 1397 1363 1439 etiarn
1394 1398 1534 1440 minus
1564 1413 1644 1440 no·-

171 1461 192 1501 7
209 1462 284 1503 tas,
306 1453 528 1509 minusque
548 1453 813 1508 pervulgatas
835 1453 1122 1509 adjungimus.
1182 1454 1290 1494 Sunt
1310 1455 1454 1505 etiam,
1474 1454 1547 1510 qui
1567 1470 1656 1497 ne·-

206 1518 326 1564 gent,
345 1510 386 1550 in
407 1510 470 1559 iis,
491 1511 564 1565 qui
584 1510 625 1550 in
648 1510 801 1551 nostris
820 1511 937 1551 libris
958 1511 1187 1565 disputent,
1211 1519 1250 1542 ¹0
1266 1510 1395 1552 fuisse
1410 1526 1554 1553 earum
1576 1526 1642 1554 re-

204 1581 313 1616 rum,
346 1565 398 1607 de
429 1567 585 1622 quibus
615 1567 869 1622 disputatur,
901 1567 1132 1608 scientiam.
1191 1567 1278 1624 Qui
1311 1568 1416 1609 mihi
1451 1567 1645 1611 videntur

157 1634 183 1673 3
204 1638 288 1663 non
309 1622 450 1664 solum
471 1623 583 1674 vivis,
606 1623 680 1664 sed
712 1623 839 1664 etiam
869 1623 1049 1665 mortuis
1081 1623 1276 1665 invidere.
1338 1626 1483 1678 Restat
1508 1640 1640 1667 unum

201 1693 339 1733 genus
360 1680 725 1734 reprehensorum,
746 1681 899 1735 quibus
922 1679 1167 1721 Academiae
1187 1681 1295 1722 ratio
1317 1697 1401 1722 non
1422 1682 1641 1737 probatur.

203 1735 334 1778 Quod
353 1736 520 1791 gravius
541 1737 760 1787 ferremus,
780 1737 813 1777 si
835 1737 1056 1793 quisquam
1088 1736 1220 1778 ullam
1252 1737 1516 1794 disciplinam
1545 1738 1640 1793 phi-

202 1792 407 1847 losophiae
428 1793 642 1848 probaret,
662 1803 813 1849 praeter
831 1808 941 1845 eam,
961 1808 1088 1849 quain
1110 1794 1199 1848 ipse
1228 1803 1486 1850 sequeretur.
1544 1796 1641 1837 Nos

202 1857 360 1899 autem,
382 1850 581 1905 quoniam
603 1860 750 1891 contra
769 1865 915 1892 omnes
944 1850 1098 1900 dicere,
1114 1851 1186 1906 qui
1207 1851 1312 1892 scire
1331 1852 1411 1893 sibi
1430 1851 1639 1904 videntur,

202 1906 402 1956 solemus,
424 1921 509 1947 non
540 1921 778 1961 possumuS,
800 1907 901 1963 quin
932 1906 1001 1947 alii
1030 1922 1056 1948 a
1084 1907 1206 1948 nobis
1237 1907 1500 1959 dissentiant,
1519 1923 1642 1951 recu-

202 1977 306 2003 sare.
364 1964 637 2019 Quamquam
659 1973 804 2004 nostra
832 1963 1003 2019 quidem
1025 1978 1152 2005 causa
1175 1973 1208 1995 11
1225 1964 1358 2006 facilis
1377 1973 1454 2016 est,
1476 1966 1549 2022 qui
1570 1978 1639 2006 ve-

201 2034 295 2060 rum
316 2019 500 2061 invenire
528 2020 617 2061 sine
648 2020 734 2062 ulla
761 2021 1032 2062 contentione
1063 2021 1285 2062 volumus:
1316 2021 1443 2077 idque
1472 2035 1641 2063 summa

116 2090 144 2118 p·
159 2085 188 2109 ³·
201 2091 303 2117 cura
321 2076 544 2133 studioque
564 2077 864 2132 conquirimus.
926 2077 1015 2119 Etsi
1033 2078 1144 2118 enim
1165 2078 1302 2118 omnis
1321 2078 1511 2133 cognitio
1526 2078 1639 2120 mul·

161 2132 255 2173 a’tis
286 2142 351 2174 est
382 2133 602 2174 obstructa
631 2133 965 2185 difficultatibus,
984 2149 1116 2190 eaque
1139 2142 1217 2184 est,
1237 2143 1280 2174 et
1310 2135 1351 2174 in
1381 2135 1481 2190 ipsis
1512 2135 1637 2176 rebus

201 2190 452 2241 obscuritas,
471 2200 515 2232 et
535 2191 575 2231 in
591 2191 762 2247 judiciis
783 2192 934 2234 nostris
965 2191 1197 2240 infirmitas,
1217 2199 1265 2232 ut
1285 2205 1370 2232 non
1389 2192 1477 2232 sine
1497 2206 1638 2242 causa,

199 2254 244 2287 et
272 2246 520 2298 doctissimi,
541 2256 582 2288 et
613 2247 892 2303 antiquissimi
921 2247 1103 2289 invenire
1131 2261 1176 2288 se
1202 2261 1341 2302 posse,
1361 2248 1476 2304 quod
1506 2263 1636 2304 cupe-

198 2312 305 2355 rent,
324 2303 447 2345 diffisi
475 2305 585 2345 sint:
618 2315 758 2346 tamen
791 2320 869 2346 nec
896 2304 958 2345 illi
989 2304 1251 2354 defecerunt,
1272 2318 1408 2360 neque
1439 2319 1516 2346 nos
1547 2316 1638 2347 stu·

197 2359 313 2401 dium
354 2361 599 2416 exquirendi
644 2361 864 2417 defatigati
906 2369 940 2392 ¹2
958 2360 1258 2416 relinquimus:
1307 2376 1443 2417 neque
1483 2371 1636 2403 nostrae

197 2415 502 2472 disputationes
535 2417 766 2474 quidquam
791 2417 905 2459 aliud
936 2425 1086 2473 agunt,
1115 2417 1192 2457 nisi
1221 2427 1269 2458 ut
1292 2425 1328 2449 ¹3
1347 2417 1387 2458 in
1412 2427 1635 2475 utramque

197 2551 256 2571 nec
271 2542 359 2571 enim
376 2542 445 2571 haec
462 2543 600 2580 pendent
622 2551 661 2571 ex
684 2547 763 2577 sunt,
783 2547 817 2570 ut
839 2550 895 2570 an-
939 2546 1000 2569 est.-
1031 2542 1116 2580 quod
1143 2540 1224 2571 Dav.
1250 2548 1282 2571 et
1306 2541 1506 2572 Alemannus
1535 2543 1635 2573 secuti

195 2585 379 2615 tecedentia.
395 2591 464 2614 tum
476 2591 593 2623 putant,
608 2594 672 2614 non
683 2590 786 2623 putent
798 2584 893 2614 iidem
937 2590 1013 2613 sunt
1029 2593 1092 2613 non
1113 2584 1207 2614 male.

196 2634 290 2658 recte.
982 2634 1019 2657 12
1031 2626 1234 2668 relinquemus]
1251 2627 1333 2657 Libri
1349 2627 1479 2666 quidam
1496 2626 1636 2669 relinqui-

239 2678 257 2702 9
272 2667 430 2709 auctorrm]
457 2671 664 2700 Laudatorem
681 2677 710 2700 et
727 2679 893 2700 commen·
935 2681 1005 2699 mus.
1023 2671 1148 2700 rectius.
1164 2679 1240 2700 nam
1256 2678 1286 2700 et
1302 2677 1372 2710 post
1386 2678 1432 2700 est
1448 2677 1550 2709 agunt,
1568 2680 1634 2700 non

194 2715 334 2743 datorem
352 2713 463 2743 alium.
935 2719 1032 2752 agent.

240 2764 278 2788 10
288 2757 387 2797 fuisse:
404 2768 426 2785 e.
445 2768 468 2785 r.
485 2755 520 2784 de
535 2755 634 2797 quihus
657 2756 822 2794 disputatur
838 2757 892 2785 sci·
982 2762 1017 2786 13
1035 2755 1065 2783 t'n
1080 2766 1109 2786 u.
1121 2761 1154 2794 p.
1167 2754 1282 2784 dicendo
1305 2762 1332 2784 e!
1353 2755 1492 2784 audiendo
1515 2755 1635 2785 eliciant

193 2798 316 2839 entiam]
335 2799 462 2830 Rectius
479 2799 562 2837 leges
577 2799 747 2838 disputetur.
937 2798 1010 2837 [ze]
1029 2799 1196 2828 Audiendo
1214 2799 1284 2838 quis
1308 2798 1425 2838 aliquid
1448 2798 1559 2828 elicere
1576 2808 1632 2838 po-

240 2850 271 2873 11
296 2843 406 2883 facilis
428 2839 484 2883 est]
515 2843 593 2874 Mss.
617 2843 748 2882 quidam
762 2842 891 2882 facilior
935 2843 1020 2872 test?
1047 2842 1154 2882 ltaque
1180 2842 1355 2873 Lambinus
1372 2849 1399 2871 et
1415 2841 1554 2871 audiendo
1576 2843 1631 2873 de—
