1778 3095
262 131 340 172 592
723 124 798 161 DE
836 123 1259 163 DIVINATIONE

191 276 209 286 ν
263 248 360 275 cum
398 240 557 288 peccet,
586 239 727 273 tamen
757 232 1056 274 existimandus
1089 234 1142 275 sit
1173 233 1326 274 habere
1353 233 1434 274 vim
1468 234 1690 276 divinandi.

180 276 248 323 53
262 289 385 340 Vide,
417 304 576 345 quaeso,
600 289 801 344 Cratippe
832 300 986 341 noster,
1018 306 1144 346 quam
1177 290 1259 331 sint
1289 290 1368 330 ista
1398 290 1562 331 similia.
1594 305 1690 332 nam

131 345 364 386 imm-mihi
394 361 477 387 non
503 346 707 386 videntur.
741 346 852 387 oculi
884 347 994 387 enim
1023 362 1116 387 vera
1143 357 1374 396 cernenteS,
1405 355 1582 388 utuntur
1617 362 1690 388 na-

220 396 248 417 a.
261 411 354 443 tura
373 414 499 457 atque
518 416 640 443 sensu
660 419 669 443 ι
699 403 840 453 animi,
863 403 896 443 si
917 403 1085 458 quando
1106 403 1167 444 vel
1190 402 1465 454 vaticinando,
1485 403 1548 444 vel
1574 418 1690 444 som-

257 459 411 500 niando
446 473 541 499 vera
577 458 779 511 viderunt,
814 460 876 500 usi
915 469 1016 499 sunt
1052 460 1221 500 fortuna
1254 469 1380 514 atque
1415 474 1529 500 casu.
1589 460 1686 501 Nisi

255 516 363 557 forte
380 529 653 556 concessuros
675 515 752 557 tibi
772 515 982 557 existimas
1012 530 1098 565 eos,
1120 516 1192 571 qui
1221 517 1382 556 somnia
1409 530 1487 570 pro
1516 517 1689 557 somniis

253 571 424 622 habent,
447 572 480 612 si
508 572 678 627 quando
708 572 879 627 aliquod
911 571 1123 612 somnium
1144 586 1288 613 verum
1319 573 1508 622 evaserit,
1531 587 1613 613 non
1643 572 1687 613 id

252 628 428 670 fortuito
449 629 663 669 accidisse.
723 629 808 668 Sed
839 628 985 668 demus
1014 629 1090 668 tibi
1111 628 1211 668 istas
1232 628 1335 669 duas
1358 628 1605 680 sumtiones,
1625 643 1688 680 ea,

252 700 348 740 quae
368 686 549 738 λήμματα
570 684 785 740 appellant
804 683 1012 725 dialectici
1031 701 1039 725 ε
1073 684 1145 725 sed
1176 699 1251 724 nos
1283 685 1430 724 Latine
1456 686 1573 741 loqui
1596 701 1686 727 ma—

251 742 420 783 lumus:
470 751 507 774 10
523 741 727 782 assumtio
766 751 921 791 tamen,
961 755 1086 796 quani
1122 740 1327 796 πρόσληψιν
1363 740 1490 782 iidem
1522 751 1685 794 vocant,

166 797 239 838 109
253 813 336 840 non
370 798 551 839 dabitur.
609 797 804 838 Assumit
833 807 972 838 autem
1007 797 1235 852 Cratippus
1267 796 1348 837 hoc
1379 798 1533 839 modo:
1577 799 1686 840 Sunt

248 865 390 896 autem
426 853 751 894 innumerabiles
783 854 1083 909 praesensiones
1121 868 1204 894 non
1244 853 1443 894 fortuitae.
1501 855 1561 895 At
1599 870 1683 912 ego

246 912 342 952 dico
381 910 553 951 nullam.
613 911 736 961 Vide,
768 921 924 965 quanta
958 910 1011 951 sit
1043 909 1337 951 controversia.
1395 911 1491 951 Jam
1523 925 1685 953 assum-

245 970 361 1009 tione
383 982 467 1008 non
490 981 703 1018 concessa,
727 967 840 1008 nulla
859 967 1077 1008 conclusio
1097 976 1175 1008 est.
1234 966 1294 1008 At
1316 966 1582 1021 impudentes
1611 983 1682 1009 su-

246 1040 356 1075 mus,
377 1024 464 1080 qui,
485 1039 583 1065 cum
606 1032 693 1064 tam
722 1024 991 1079 perspicuum
1014 1024 1082 1074 sit,
1103 1039 1185 1064 non
1211 1023 1507 1064 concedamus.
1566 1024 1684 1080 Quid

245 1091 310 1123 est
340 1082 641 1137 perspicuum?
676 1081 819 1121 Multa
836 1095 944 1131 vera,
976 1080 1126 1136 inquit,
1154 1080 1342 1121 evadere.
1402 1079 1535 1131 Quid,
1565 1081 1682 1136 quod

245 1138 383 1179 multo
417 1137 537 1193 plura
575 1138 710 1178 falsa?
762 1152 900 1178 nonne
938 1138 1029 1193 ipsa
1063 1137 1251 1187 varietas,
1287 1152 1382 1192 quae
1413 1145 1479 1177 est
1510 1137 1682 1192 propria

244 1194 439 1244 fortunae,
459 1195 671 1236 fortunam
694 1208 785 1234 esse
803 1209 989 1244 causam,
1009 1209 1092 1234 non
1114 1203 1305 1234 naturam
1324 1192 1478 1233 docet?
1513 1193 1680 1246 deinde,

243 1252 277 1292 si
304 1260 376 1292 tua
402 1251 482 1291 ista
501 1250 734 1299 conclusio,
756 1250 973 1305 Cratippe,
995 1265 1089 1291 vera
1117 1258 1207 1290 est:
1243 1252 1402 1304 (tecum
1433 1248 1544 1290 enim
1577 1251 1681 1292 mihi

243 1322 307 1348 res
337 1307 416 1359 est)
450 1321 589 1347 nonne
620 1306 836 1362 intelligis,
857 1307 1005 1348 eadem
1035 1306 1097 1348 uti
1125 1321 1250 1362 posse
1278 1316 1321 1346 et
1351 1306 1609 1361 haruspices,
1635 1317 1679 1349 et

241 1364 541 1420 fulguratoreS,
569 1372 613 1404 et
641 1363 889 1418 interpretes
918 1373 1197 1413 ostentorum,
1227 1372 1270 1404 et
1298 1377 1493 1418 augureS,
1520 1371 1562 1404 et
1587 1378 1678 1405 sor-

238 1421 408 1476 tilegos,
436 1430 480 1461 et
510 1419 767 1460 Chaldaeos?
801 1435 981 1475 quorum
1010 1435 1215 1475 generum
1236 1419 1399 1460 nullum
1421 1428 1498 1469 est,
1519 1434 1569 1460 ex
1590 1435 1676 1475 quo

239 1492 323 1518 non
345 1476 518 1532 aliquid,
539 1476 647 1517 sicut
664 1476 913 1531 praedictum
936 1477 1004 1527 sit,
1025 1478 1213 1517 evaserit.
1272 1477 1390 1531 Ergo
1410 1485 1484 1516 aut
1502 1490 1550 1516 ea
1569 1491 1677 1532 quo-

235 1549 319 1589 que
338 1548 494 1590 genera
517 1532 727 1574 divinandi
745 1544 856 1584 sunt,
877 1549 972 1589 quae
993 1544 1039 1574 tu
1061 1533 1291 1574 rectissime
1312 1532 1526 1588 improbas
1545 1550 1554 1573 :
1586 1542 1675 1585 aut,

234 1591 269 1632 si
291 1606 340 1632 ea
362 1606 443 1632 non
465 1599 577 1640 sunt,
592 1604 675 1630 non
694 1590 900 1645 intelligo,
914 1605 988 1631 cur
1008 1590 1099 1631 haec
1122 1590 1209 1631 duo
1230 1590 1326 1640 sint,
1343 1604 1438 1645 quae
1459 1589 1673 1645 relinquis.

233 1663 318 1707 qua
345 1662 448 1703 ergo
479 1647 639 1688 ratione
670 1646 761 1688 haec
789 1647 966 1697 inducis,
987 1647 1133 1688 eadem
1159 1646 1229 1687 illa
1249 1655 1429 1700 possunt
1447 1659 1553 1696 esse,
1576 1661 1671 1702 quae

231 1704 362 1745 tollis.

150 1763 221 1814 54
288 1761 406 1818 Quid
441 1775 537 1802 vero
576 1760 705 1801 habet
741 1760 1001 1801 auctoritatis
1038 1760 1152 1801 furor
1186 1759 1279 1809 iste,
1317 1772 1444 1814 quem
1481 1757 1668 1800 divinum

147 1839 221 1871 110
233 1819 405 1869 vocatis,
428 1827 489 1868 ut,
511 1832 605 1873 quae
632 1816 796 1872 sapiens
826 1832 910 1858 non
931 1817 1081 1866 videat,
1103 1831 1152 1857 ea
1171 1815 1310 1856 videat
1341 1815 1526 1864 insanus,
1546 1823 1590 1855 et
1619 1815 1669 1867 is,

233 1875 304 1930 qui
324 1875 533 1916 humanos
554 1888 699 1914 sensus
719 1874 918 1924 amiserit,
938 1873 1099 1915 divinos
1120 1883 1335 1914 assecutus
1365 1871 1417 1912 sit
1435 1873 1448 1911 ?
1493 1871 1667 1928 Sibyllae

186 1937 371 1972 b.versus
401 1931 686 1979 observamus,
716 1945 823 1985 quos
854 1930 925 1971 illa
954 1931 1094 1970 furens
1125 1929 1281 1970 fudisse
1311 1928 1476 1969 dicitur.
1507 1937 1540 1959 11
1559 1926 1674 1984 quo-v

229 2003 323 2028 rum
353 1989 554 2042 interpres
582 2001 714 2041 nuper
738 1986 843 2027 falsa
863 1986 1072 2042 quaedam,
1095 1986 1314 2027 hominum
1331 1986 1458 2035 fama,
1476 1984 1666 2027 dicturus

226 2044 269 2085 in
298 2052 444 2085 senatu
471 2043 715 2099 putabatur,
736 2058 850 2094 eum,
872 2058 998 2099 quem
1030 2058 1074 2084 re
1095 2057 1188 2084 vera
1212 2057 1358 2098 regem
1388 2041 1665 2093 habebamus,

226 2100 523 2156 appellandum
564 2113 735 2155 quoque
773 2114 864 2140 esse
904 2114 1063 2155 regem,
1103 2100 1137 2140 si
1179 2099 1278 2141 salvi
1317 2113 1406 2139 esse
1445 2097 1662 2139 vellemus.

225 2158 325 2198 Hoc
352 2157 385 2198 si
412 2166 476 2198 est
500 2158 542 2197 in
563 2156 694 2206 libris,
722 2156 761 2196 in
791 2171 916 2211 quem
945 2157 1177 2205 hominem,
1206 2164 1249 2196 et
1276 2156 1318 2196 in
1348 2154 1465 2211 quod
1494 2163 1663 2210 tempus

223 2224 289 2255 est
308 2216 321 2255 ?
354 2213 504 2254 callide
524 2213 651 2263 enim,
669 2212 742 2268 qui
762 2213 834 2253 illa
855 2214 1110 2268 composuit,
1133 2212 1322 2268 perfecit,
1341 2224 1404 2263 ut,
1424 2211 1661 2266 quodcum-

224 2285 306 2326 que
335 2270 569 2320 accidisset,
590 2269 837 2325 praedictum
862 2270 1084 2320 videretur,
1106 2269 1328 2310 hominum
1356 2278 1399 2309 et
1418 2277 1659 2323 temporum

137 2340 206 2371 111
224 2327 466 2368 definitione
498 2326 676 2367 sublata.
735 2325 947 2367 Adhibuit
977 2327 1102 2367 etiam
1135 2326 1340 2367 latebram
1371 2323 1656 2373 obscuritatis,

221 2392 269 2424 ut
302 2384 430 2425 iidem
449 2398 589 2424 versus
617 2383 718 2423 alias
743 2383 786 2423 in
812 2382 938 2423 aliam
957 2397 1045 2424 reni
1067 2397 1190 2438 posse
1211 2380 1522 2423 accommodari
1543 2378 1656 2419 vide-

220 2448 377 2482 rentur.
436 2442 538 2482 Non
568 2454 659 2480 esse
681 2448 821 2481 autem
854 2439 959 2481 illud
990 2454 1159 2481 carmen
1187 2438 1377 2488 furentis,
1397 2451 1495 2478 cum
1515 2436 1656 2490 ipsum

220 2563 250 2594 in
276 2565 454 2596 tollendum
486 2566 617 2604 putabat
646 2565 805 2595 Davisius.
850 2565 916 2604 Ego
960 2573 1055 2599 num,
1085 2569 1255 2601 ortumque
1294 2571 1332 2591 ex
1363 2560 1471 2591 vitiosa
1503 2561 1657 2600 scriptura

218 2610 395 2648 suspicatus
417 2618 505 2643 sum,
530 2608 701 2647 legendum
726 2617 792 2638 esse
813 2607 917 2648 siquis
958 2606 1044 2635 verbi
1075 2605 1178 2635 Graeci
1210 2604 1356 2644 πρόληψις
1388 2613 1444 2643 pro
1466 2603 1654 2644 πρόσληψιςε

220 2651 306 2681 semel
324 2651 442 2693 aliquid
460 2650 659 2687 divinaverit,
683 2658 718 2680 ut
748 2660 841 2689 supra
870 2651 917 2679 di-
959 2658 976 2677 e
992 2657 1054 2685 qua
1071 2654 1100 2677 et
1112 2649 1266 2687 praesemio
1278 2649 1359 2678 facta
1375 2653 1419 2677 est
1434 2647 1467 2676 in
1484 2646 1569 2676 libris
1584 2647 1654 2686 qui-

218 2702 316 2724 xerat.
333 2696 386 2724 sed
408 2694 482 2732 quia
499 2693 532 2723 in
557 2693 619 2722 Με.
642 2694 739 2731 Regio
758 2693 852 2723 Paris.
868 2699 914 2722 est
958 2690 1092 2720 busdam
1109 2700 1169 2721 scr.
1185 2698 1215 2720 et
1231 2692 1299 2721 edd.
1316 2697 1410 2728 atque
1425 2690 1468 2720 sic
1484 2690 1572 2719 edere
1585 2700 1652 2720 non

217 2736 330 2767 viderit
344 2738 372 2766 id
391 2736 513 2776 praetuli
529 2745 605 2766 cum
621 2735 814 2765 Alemanno.
956 2733 1108 2763 dubitavi.

264 2787 302 2811 10
320 2779 486 2819 praesumtio
510 2777 618 2814 tamen]
652 2779 796 2808 Pearcius
820 2778 915 2807 corri-
1002 2784 1036 2806 11
1063 2787 1181 2817 quorum
1205 2774 1356 2815 interpres]
1389 2774 1461 2804 Fuit
1489 2774 1523 2803 L.
1547 2774 1650 2805 Cotta.

217 2823 262 2861 git
277 2823 410 2852 assumtio
426 2833 442 2852 e
461 2822 677 2860 sequentibus.
699 2829 729 2851 at
743 2821 912 2859 vulgatum
955 2820 1073 2851 XVvir.
1090 2829 1136 2850 res
1160 2826 1302 2850 narratur
1324 2828 1343 2848 a
1365 2817 1494 2848 Sueton.
1518 2817 1551 2847 in
1569 2817 1652 2848 Caes.

217 2866 355 2896 defendit
377 2866 534 2897 Davisius.
557 2864 655 2896 male.
675 2874 752 2896 nam
774 2871 820 2895 est
836 2864 912 2894 alie-
956 2872 983 2893 c.
1002 2868 1052 2898 79.
