1768 3095
555 71 733 109 LIBER
763 70 1072 109 QUARTUs.
1477 79 1529 121 ⁵9

97 197 151 226 an
190 182 296 224 falsa
331 181 456 223 sunt?
504 178 547 220 Si
586 188 628 220 te
669 177 838 218 mentiri
876 176 1004 217 dicis:
1050 175 1177 232 idque
1215 191 1360 218 verum
1397 179 1527 224 dicis:

99 248 137 275 93
157 239 337 290 mentiri,
358 251 500 280 verum
522 235 639 276 dicis.
699 236 807 275 Haec
836 234 996 274 scilicet
1019 232 1329 287 inexplicabilia
1355 248 1444 276 esse
1464 237 1528 278 di-

97 296 208 338 citis.
239 294 353 351 quod
372 301 435 334 est
455 291 655 342 odiosius,
676 306 803 346 quam
833 290 918 341 illa,
940 305 1035 345 quae
1062 304 1138 330 nos
1166 289 1528 345 incomprehensa,

99 363 143 395 et
175 367 259 393 non
289 357 484 406 percepta
513 349 705 389 dicimus.
765 347 849 388 Sed
871 346 962 387 haec
984 345 1152 386 omitto.
1182 346 1288 386 illud
1316 362 1475 402 quaero,
1496 351 1528 390 si
1541 352 1612 400 30

98 409 179 450 ista
198 407 391 463 explicari
412 420 497 446 non
516 412 706 460 possunt,
728 418 804 444 nec
825 417 972 444 eorum
992 402 1127 443 ullum
1142 401 1351 458 judicium
1372 405 1529 446 inveni-

99 474 181 515 tur,
201 472 248 505 ut
267 462 518 518 respondere
539 461 722 517 possitis,
741 474 904 509 verane,
923 474 975 500 an
996 459 1102 500 falsa
1130 459 1213 499 sint
1230 476 1239 500 ε
1271 460 1344 500 ubi
1371 469 1435 501 est
1459 461 1531 503 illa

101 520 297 569 definitio,
328 519 501 560 effatum
535 526 600 558 est
629 517 685 567 id,
720 516 832 572 quod
864 525 937 557 aut
968 530 1127 566 verum,
1156 525 1229 557 aut
1257 515 1410 557 falsum
1440 518 1527 559 sit?

99 577 237 617 Rebus
269 576 433 626 sumtis,
454 574 700 630 adjungam,
727 587 778 614 ex
808 574 872 614 his
906 571 1137 627 sequendas
1169 587 1258 612 esse
1289 573 1405 623 alias,
1428 574 1529 615 alias

97 632 408 688 improbandas,
430 646 524 687 quae
545 631 626 671 sint
647 631 689 671 in
708 644 863 685 genere
883 629 1108 670 contrario.
1168 629 1269 670 Quo
1300 630 1428 670 modo
1449 631 1529 686 igi-
1541 638 1594 684 96

95 698 164 730 tur
194 688 277 729 hoc
310 689 557 729 conclusum
589 702 678 728 esse
702 686 900 743 judicas?
935 685 979 726 Si
1010 685 1129 735 diciS,
1163 700 1274 726 nunc
1304 686 1458 736 lucere,
1488 698 1531 729 et

96 759 237 786 verum
258 744 363 785 dicis
382 762 391 786 :
411 744 526 785 lucet
545 744 688 799 igitur.
719 744 906 798 probatis
928 751 1041 783 certe
1064 756 1214 797 genus,
1236 751 1278 783 et
1299 743 1532 785 rectissime

95 802 341 842 conclusum
363 801 515 842 dicitis.
538 801 680 856 itaque
706 800 747 840 in
781 799 987 848 docendo,
1018 813 1115 839 eum
1144 799 1328 854 primum
1358 800 1532 841 conclu-

96 857 222 898 dendi
254 858 429 899 modum
467 857 646 898 traditis.
687 866 774 906 aut,
807 855 1011 911 quidquid
1048 856 1179 910 igitur
1211 855 1360 896 eodem
1399 857 1531 899 modo

95 914 377 965 concluditur,
407 913 655 969 probabitis,
686 922 759 954 aut
786 928 851 953 ars
883 912 963 953 ista
994 913 1107 952 nulla
1136 922 1212 953 est.
1271 913 1382 954 Vide
1410 928 1530 969 ergo,

96 970 202 1012 hanc
232 971 548 1011 conclusionem
580 970 886 1025 probaturusne
907 969 960 1009 sis
978 986 988 1010 ι
1020 969 1053 1009 si
1073 969 1176 1010 dicis
1197 979 1237 1009 te
1258 970 1440 1021 mentiri,
1462 985 1529 1011 ve-

95 1041 272 1084 rumque
307 1027 438 1068 dicis:
470 1028 673 1068 mentiris.
703 1026 807 1067 dicis
841 1035 982 1066 autem
1013 1035 1056 1066 te
1090 1025 1272 1076 mentiri,
1304 1041 1531 1083 verumque

95 1083 214 1125 dicis.
245 1084 432 1125 mentiris
467 1084 611 1138 igitur.
671 1083 758 1140 Qui
792 1091 914 1137 potes
948 1082 1055 1123 hanc
1088 1097 1172 1123 non
1208 1083 1400 1137 probare,
1433 1099 1528 1124 cum

95 1141 333 1196 probaveris
369 1141 557 1196 ejusdem
592 1140 758 1195 generis
794 1139 1089 1193 superiorem?
1123 1140 1232 1180 Haec
1267 1139 1532 1196 Chrysippea

97 1204 209 1247 sunt,
229 1211 282 1238 ne
312 1197 365 1238 ab
398 1198 489 1252 ipso
521 1197 692 1252 quidem
721 1195 939 1236 dissoluta.
970 1195 1072 1250 quid
1104 1196 1217 1236 enim
1250 1196 1406 1237 faceret
1433 1197 1531 1238 huic

96 1253 392 1294 conclusioni?
426 1253 460 1293 si
491 1253 618 1302 lucet,
648 1253 777 1294 lucet.
808 1252 923 1292 lucet
958 1261 1115 1292 autem.
1148 1252 1260 1293 lucet
1288 1253 1430 1308 igitur.
1462 1268 1531 1295 ce-

96 1309 214 1350 deret
235 1310 407 1350 scilicet.
439 1309 531 1363 ipsa
559 1310 668 1349 enim
702 1308 809 1349 ratio
837 1308 1029 1358 connexi,
1052 1322 1148 1348 cum
1181 1311 1435 1351 concesseris
1461 1325 1530 1350 su-

96 1365 250 1420 perius,
284 1366 403 1420 cogit
436 1365 606 1406 inferius
644 1363 887 1405 concedere.
946 1364 1064 1420 Quid
1099 1379 1203 1420 ergo
1240 1365 1330 1406 haec
1368 1367 1421 1406 ab
1461 1367 1534 1407 illa

95 1421 366 1462 conclusione
389 1421 559 1462 differt?
593 1421 638 1461 Si
659 1420 847 1460 mentiris
863 1436 874 1470 3
906 1421 1108 1461 mentiris.
1140 1422 1328 1462 mentiris
1359 1432 1531 1473 autem;

94 1477 283 1518 mentiris
304 1477 446 1532 igitur.
506 1478 604 1518 Hoc
626 1491 755 1532 negas
776 1485 818 1516 te
838 1491 962 1531 posse
981 1491 1057 1518 nec
1087 1478 1335 1532 approbare,
1357 1493 1431 1519 nec
1451 1480 1530 1520 im-

95 1535 288 1588 probare.
347 1534 435 1590 Qui
465 1533 595 1588 igitur
626 1533 763 1588 magis
794 1532 932 1573 illud?
966 1533 1010 1573 Si
1030 1548 1110 1584 ars,
1132 1534 1165 1574 si
1193 1535 1314 1585 ratio,
1336 1536 1370 1576 si
1398 1536 1476 1587 via,
1498 1538 1593 1586 si97

94 1590 153 1630 vis
173 1590 352 1645 denique
371 1589 653 1631 conclusionis
679 1589 816 1639 valet3
847 1588 994 1630 eadem
1026 1599 1090 1632 est
1120 1590 1162 1630 in
1195 1600 1389 1646 utroque.
1449 1594 1532 1634 Sed

96 1645 178 1687 hoc
207 1655 440 1688 extremum
473 1660 617 1687 eorum
649 1655 726 1687 est.
756 1646 988 1701 postulant,
1009 1655 1059 1687 ut
1077 1647 1337 1701 excipiantur
1356 1649 1448 1690 haec
1469 1650 1532 1690 in-

95 1703 370 1758 explicabilia.
403 1712 442 1737 94
455 1703 691 1743 Tribunum
712 1703 895 1758 aliquem
913 1717 1066 1744 censeo
1086 1703 1253 1745 adeant.
1275 1719 1300 1744 a
1319 1720 1388 1745 me
1408 1705 1532 1747 istam

94 1760 385 1814 exceptionem
424 1773 656 1814 numquam
690 1759 992 1814 impetrabunt.
1024 1760 1181 1800 etenim
1215 1775 1314 1801 cum
1348 1762 1401 1802 ab
1432 1763 1535 1818 Epi-

96 1830 212 1865 curo,
233 1816 305 1871 qui
324 1824 458 1857 totam
480 1815 740 1857 dialecticam
761 1825 803 1856 et
824 1816 1073 1866 contemnit,
1093 1826 1136 1857 et
1166 1816 1326 1867 irridet,
1347 1833 1430 1859 non
1451 1821 1531 1860 ini·
1544 1824 1575 1856 b.

96 1880 276 1927 petrent,
310 1882 359 1913 ut
391 1887 535 1912 verum
570 1887 660 1913 esse
694 1872 912 1923 concedat,
945 1872 1061 1928 quod
1097 1873 1156 1914 ita
1187 1874 1423 1925 effabimur,
1460 1887 1534 1917 aut

96 1928 204 1969 vivet
224 1942 314 1969 cras
336 1928 618 1979 Hermachus,
639 1938 712 1970 aut
732 1943 816 1970 non
834 1929 964 1970 vivet:
996 1943 1093 1970 curn
1122 1930 1330 1971 dialectici
1358 1932 1418 1972 sic
1448 1943 1533 1973 sta-

96 1993 232 2036 tuant,
262 1999 402 2035 omne,
424 1984 540 2040 quod
569 1985 629 2026 ita
660 1984 917 2040 disjunctum
944 1986 1011 2035 sit,
1033 1987 1167 2042 quasi,
1195 1995 1269 2027 aut
1297 1988 1439 2039 etiam,
1461 2000 1535 2031 aut

97 2055 196 2091 non,
231 2056 316 2082 non
349 2043 481 2083 modo
509 2056 651 2082 verum
688 2056 792 2092 esse,
825 2041 897 2082 sed
928 2042 1056 2083 etiam
1086 2043 1396 2086 necessarium:
1426 2045 1534 2097 vide,

97 2105 135 2142 9⁵
153 2112 280 2153 quam
301 2097 355 2138 sit
375 2108 494 2139 catus
525 2098 573 2147 is,
594 2112 718 2153 quem
739 2098 807 2139 isti
828 2098 995 2141 tardum
1023 2107 1190 2154 putant.
1249 2100 1293 2140 Si
1320 2101 1448 2153 enim,
1471 2102 1535 2143 in-

96 2155 201 2209 quit,
225 2154 472 2195 alterutrum
502 2168 775 2195 concessero:
807 2155 1089 2196 necessarium
1119 2170 1211 2196 esse
1244 2171 1412 2198 necesse
1440 2159 1533 2209 erit,

95 2224 186 2252 cras
208 2211 500 2252 Hermachum
522 2221 595 2252 aut
613 2211 760 2261 vivere,
781 2220 855 2251 aut
884 2225 968 2251 non
995 2212 1141 2252 vivere.
1174 2212 1291 2253 nulla
1309 2221 1449 2254 autem
1470 2226 1533 2256 est

95 2266 138 2308 in
159 2277 307 2308 natura
326 2282 466 2309 rerum
499 2267 593 2308 talis
623 2267 862 2308 necessitas.
924 2267 1036 2307 Cum
1064 2267 1146 2308 hoc
1173 2268 1303 2323 igitur
1327 2269 1535 2312 dialectici

95 2334 302 2380 pugnent,
336 2323 380 2365 id
414 2333 491 2375 est,
526 2323 782 2375 Antiochus,
817 2333 859 2364 et
891 2324 1036 2365 Stoici.
1072 2332 1208 2365 totam
1243 2325 1354 2366 enim
1388 2328 1534 2369 evertit

139 2463 177 2490 93
195 2457 323 2493 mentiri,
338 2468 441 2487 verum
461 2457 549 2498 dicis]
574 2460 640 2488 Aut
662 2458 791 2488 mentiris
835 2468 880 2498 pr.
905 2465 935 2488 et
962 2459 1040 2489 Mss.
1066 2457 1170 2497 plures
1195 2458 1312 2489 adeant.
1334 2470 1430 2490 sensu
1453 2462 1533 2491 nihil

94 2500 297 2531 scribendum
328 2507 358 2530 et
383 2501 556 2531 delendum
580 2512 683 2530 verum
706 2501 791 2537 dicis,
834 2502 936 2531 differt
966 2508 1098 2541 utraque
1126 2500 1230 2532 lectio.
1275 2502 1335 2532 Sed
1365 2505 1441 2542 quia
1468 2514 1531 2534 ver-

96 2549 151 2573 aut
172 2552 231 2573 scr.
254 2543 382 2573 mentiris
403 2555 441 2573 an
463 2554 566 2573 verum
588 2544 659 2573 dicis
673 2544 690 2572 P
713 2543 791 2574 illud
834 2544 914 2573 bum
939 2544 1020 2573 adire
1042 2545 1205 2584 proprium
1227 2551 1274 2575 est
1293 2546 1326 2575 in
1351 2546 1412 2576 hac
1434 2556 1478 2583 re,
1505 2549 1533 2578 id

95 2585 208 2617 malim
223 2597 229 2615 z
254 2596 331 2616 nam
347 2587 392 2616 sic
407 2594 453 2617 est
468 2588 501 2616 in
515 2587 720 2626 sequentibus
737 2587 793 2616 ite·
835 2587 970 2626 praetuli.
1283 2612 1289 2616 ,

92 2638 169 2660 sum
185 2638 238 2667 np.
255 2630 287 2659 in
303 2629 400 2659 altero
413 2630 437 2659 si
452 2629 523 2658 dicis
536 2641 608 2660 nunc
624 2629 716 2658 lucere
732 2631 791 2659 &a
879 2638 917 2662 95
942 2641 1028 2671 quam
1043 2629 1081 2659 sit
1095 2627 1191 2669 catus]
1216 2629 1321 2669 Vulgo
1343 2638 1389 2661 est
1411 2640 1512 2661 cautus
1523 2644 1533 2661 .-

96 2671 164 2701 edd.
192 2672 272 2702 Ven.
298 2679 390 2704 1494.
414 2673 500 2702 Med.
524 2672 665 2708 mentiris,
689 2683 792 2701 verum
836 2674 888 2703 sed
906 2674 934 2703 id
952 2682 1014 2703 non
1032 2673 1113 2703 bene
1135 2674 1306 2712 opponitur
1319 2674 1412 2704 tardo.
1429 2676 1535 2714 itaque

97 2712 167 2742 dicis
182 2714 310 2752 mentiri,
327 2726 429 2744 verum
446 2715 473 2745 d.
491 2722 536 2744 est
552 2715 623 2745 inde
646 2715 686 2745 ab
708 2715 791 2745 Aldo
835 2716 958 2754 praetuli
974 2723 1054 2745 catus
1077 2716 1237 2754 Lambini,
1254 2722 1290 2748 ut
1305 2723 1336 2746 et
1351 2717 1423 2748 fecit
1439 2718 1533 2748 Davi-

98 2755 131 2791 in
148 2757 246 2786 editis.
835 2759 912 2790 sius.

143 2805 181 2840 94
198 2798 353 2829 Tribunum
366 2798 437 2840 aliq.
451 2811 542 2830 censeo
557 2798 696 2840 videant]
714 2800 791 2831 Edd.
