1778 3095
583 109 764 148 LIBER
794 109 1042 146 PRIMUS.
1467 112 1541 145 241

112 221 272 278 peium,
311 230 350 254 2⁵
366 220 438 277 qui
482 226 598 259 tanta
643 217 780 272 gloria
827 216 882 257 sit
924 216 1126 256 orbatus:
1176 229 1324 255 omnes
1364 216 1544 271 denique

111 279 303 329 miseros,
334 277 406 334 qui
434 275 513 316 hac
542 274 636 314 luce
666 282 849 314 careant.
907 273 974 313 M.
995 270 1230 312 Revolveris
1264 270 1430 311 eodem.
1463 274 1545 312 sint

113 336 226 376 enim
247 341 428 390 oportet,
460 328 494 371 s'i
529 330 668 371 miseri
700 338 810 370 sunt.
842 338 891 370 tu
924 338 1064 369 autem
1096 327 1227 368 modo
1259 328 1441 382 negabas
1473 342 1544 368 eos

113 406 218 442 esse,
238 391 310 447 qui
329 387 484 430 mortui
504 395 654 428 essent.
677 386 710 426 si
727 386 857 441 igitur
875 400 959 426 non
974 393 1086 434 sunt,
1107 383 1210 424 nibil
1233 392 1409 439 possunt
1429 397 1519 423 esse
1530 400 1542 433 3

112 448 170 489 ita
191 454 230 480 26
244 461 294 487 ne
319 444 458 486 miseri
488 443 658 499 quidem
689 451 800 483 sunt.
859 442 915 482 A.
938 443 1039 482 Non
1070 440 1166 482 dico
1197 442 1371 481 fortasse
1400 439 1543 490 etiam,

113 504 228 559 quod
251 502 399 542 sentio.
422 515 517 541 nam
540 500 647 541 istuc
665 500 818 554 ipsum,
840 513 925 539 non
945 512 1049 549 esse,
1078 512 1176 538 cum
1197 497 1338 548 fueris,
1358 495 1543 537 miserri-

112 575 229 601 mum
271 567 388 613 puto.
450 558 514 597 M.
537 565 573 593 27
591 556 740 598 Quid?
791 555 997 606 miserius,
1039 569 1166 610 quam
1207 554 1380 594 omnino
1419 568 1542 593 num·
1559 559 1602 590 13

112 630 238 672 quam
259 614 417 654 fuisse?
450 613 522 664 ita,
559 614 630 669 qui
664 612 849 654 nondum
886 612 969 653 nati
1005 620 1117 662 sunt,
1145 611 1287 651 miseri
1311 611 1401 666 jam
1432 618 1544 660 sunt,

111 672 209 728 quia
237 685 325 715 non
354 677 476 711 sunt:
508 679 551 710 et
587 684 662 711 nos
693 669 787 724 ipsi,
822 669 856 710 si
889 678 989 724 post
1023 676 1205 708 mortem
1239 667 1380 708 miseri
1412 666 1545 707 futuri

112 742 270 777 sumus,
291 726 432 767 miseri
451 726 624 776 suimus,
645 736 872 782 antequam
893 725 993 766 nati.
1026 739 1108 780 ego
1138 733 1276 765 autem
1311 739 1392 764 non
1424 737 1544 763 com-

109 783 296 834 memini,
321 793 547 838 antequam
584 798 678 824 sum
716 791 851 834 natus,
886 797 955 822 me
991 782 1206 822 miserum.
1238 790 1285 822 tu
1316 781 1349 821 si
1371 779 1545 821 meliore

109 840 314 882 memoria
333 854 391 890 es,
413 839 536 881 velim
567 840 685 891 scire,
716 848 755 871 28
773 838 925 895 ecquid
955 838 1006 878 de
1036 848 1077 879 te
1108 837 1342 879 recordere.
1400 840 1455 877 A.
1479 837 1589 897 Ita7

101 897 273 953 jocaris,
294 897 412 952 quasi
441 911 523 951 ego
554 896 707 947 dicam,
739 905 860 937 29eos
890 895 1079 945 miseros,
1111 895 1182 950 qui
1213 895 1298 935 nati
1328 908 1410 935 non
1432 902 1543 944 sunt,

108 962 151 995 et
170 969 254 995 non
277 967 363 1004 eos,
385 954 457 1008 qui
486 954 645 994 mortui
673 961 784 994 sunt.
845 953 910 993 M.
934 953 1036 992 Esse
1065 966 1169 1006 ergo
1201 965 1272 992 eos
1308 951 1426 992 dicis.
1485 950 1541 990 A.

109 1012 262 1060 Immo,
284 1010 382 1065 quia
412 1024 497 1050 non
528 1019 638 1060 sunt,
669 1025 767 1050 cum
798 1008 967 1059 fuerint,
989 1017 1029 1041 30
1043 1023 1094 1049 eo
1115 1008 1288 1048 miseros
1310 1022 1414 1048 esse.
1474 1007 1582 1048 Μ.Ρ-
1603 1014 1674 1038 1⁵1·

109 1068 343 1122 Pugnantia
364 1077 405 1108 te
427 1066 544 1122 loqui
563 1081 649 1107 non
670 1066 783 1107 vides
802 1067 814 1106 ?
848 1066 949 1120 quid
969 1065 1079 1105 enirn
1109 1075 1195 1106 tam
1217 1074 1393 1120 pugnat,
1415 1079 1542 1120 quam
1554 1060 1584 1080 a.

107 1138 192 1164 non
213 1123 343 1164 modo
363 1123 577 1174 miserum,
599 1123 671 1164 sed
691 1123 864 1164 omnino
885 1121 1115 1178 quidquam
1136 1135 1241 1172 esse,
1263 1121 1335 1176 qui
1357 1136 1441 1161 non
1464 1121 1542 1161 sit?

108 1194 161 1221 an
176 1188 225 1221 tu
244 1193 437 1235 egressus
456 1190 580 1235 porta
602 1180 788 1235 Capena,
809 1194 909 1219 cum
938 1178 1135 1229 Calatini,
1164 1178 1425 1234 Scipionum,
1447 1178 1543 1218 Ser-

108 1236 317 1288 viliorum,
353 1236 627 1278 Metellorum
663 1237 855 1292 sepulcra
887 1235 1015 1285 vides,
1047 1236 1219 1276 miseros
1256 1245 1378 1289 putas
1414 1233 1540 1275 illos?

108 1293 165 1334 A.
205 1293 422 1335 Quoniam
461 1307 530 1332 me
568 1293 696 1334 verbo
735 1292 906 1348 premis,
944 1291 1121 1347 posthac
1167 1306 1251 1331 non
1292 1292 1350 1332 ita
1389 1291 1543 1341 dicam,

108 1350 285 1390 miseros
315 1364 421 1399 esse,
452 1348 524 1389 sed
556 1358 735 1400 tanturn,
770 1349 962 1399 miseros,
995 1348 1051 1389 ob
1083 1347 1124 1388 id
1157 1347 1310 1402 ipsum,
1340 1348 1438 1403 quia
1458 1362 1544 1388 non

108 1415 220 1446 sunt.
280 1406 346 1446 M.
368 1406 471 1446 Non
491 1405 594 1446 dicis
624 1406 768 1460 igitur,
799 1405 927 1445 miser
955 1414 1018 1445 est
1050 1406 1115 1444 M.
1141 1403 1333 1455 Crassus,
1355 1405 1429 1445 sed
1449 1413 1541 1445 tan-

108 1472 216 1511 tum,
246 1462 373 1502 miser
403 1463 469 1502 M.
495 1461 686 1502 Crassus.
745 1463 800 1502 A.
825 1462 890 1502 Ita
919 1461 1053 1516 plane.
1114 1461 1179 1500 M.
1200 1462 1334 1517 Quasi
1363 1476 1446 1501 non
1469 1475 1542 1502 ne·
1558 1466 1605 1498 14

110 1532 224 1558 cesse
255 1519 322 1567 sit,
352 1518 558 1573 quidquid
588 1519 669 1558 isto
706 1518 837 1558 modo
873 1518 1134 1572 pronunties,
1170 1517 1213 1557 id
1243 1526 1315 1558 aut
1345 1532 1450 1567 esse,
1471 1526 1544 1558 aut

109 1589 192 1615 non
209 1588 313 1614 esse.
335 1588 387 1614 an
409 1583 455 1614 tu
481 1574 710 1614 dialecticis
742 1588 794 1614 ne
821 1574 1009 1614 imbutus
1043 1573 1215 1629 quidem
1235 1576 1307 1614 es?
1341 1575 1382 1614 in
1399 1575 1544 1629 primis

106 1631 219 1671 enim
240 1630 322 1671 hoc
350 1631 554 1672 traditur:
588 1645 714 1671 omne
748 1630 1066 1686 pronuntiatum
1106 1629 1181 1683 (sic
1219 1630 1331 1671 enim
1366 1631 1470 1671 mihi
1502 1632 1545 1671 in

105 1688 329 1743 praesentia
367 1688 563 1737 occurrit,
601 1696 648 1727 ut
684 1686 938 1742 appellarem
977 1687 1152 1739 ἀξίωμα;
1184 1695 1278 1727 utar
1313 1696 1410 1742 post
1445 1687 1544 1738 alio,

106 1748 143 1776 ³1
162 1744 196 1785 si
214 1744 408 1785 invenero
429 1744 595 1796 melius)
621 1744 713 1784 32id
743 1758 846 1799 ergo
877 1752 942 1784 est
971 1743 1306 1799 pronuntiatum,
1338 1743 1453 1799 quod
1480 1755 1545 1786 est

106 1815 265 1851 verum,
286 1810 360 1841 aut
376 1800 543 1841 falsum.
564 1815 660 1841 cum
684 1801 786 1841 dicis
816 1800 962 1855 igitur,
993 1801 1119 1841 miser
1147 1801 1212 1840 M.
1235 1799 1437 1841 Crassus:
1469 1810 1543 1842 aut

106 1857 190 1897 hoc
210 1856 327 1906 dicis,
348 1857 474 1898 miser
491 1866 555 1897 est
574 1858 639 1898 M.
664 1856 857 1907 Crassus,
881 1866 926 1897 ut
955 1857 1089 1912 possit
1102 1856 1299 1912 judicari,
1318 1872 1463 1898 verum
1482 1857 1541 1908 id,

104 1913 313 1954 falsumne
333 1914 386 1954 sit
407 1930 416 1954 ε
447 1924 520 1955 aut
540 1913 644 1954 nihil
662 1913 765 1954 dicis
782 1914 969 1954 omnino.
1028 1915 1084 1954 A.
1101 1915 1213 1969 Age,
1228 1914 1318 1970 jam
1336 1913 1541 1966 concedo,

105 1984 191 2010 non
212 1983 301 2010 esse
321 1970 511 2020 miseros,
541 1977 579 2001 3³
591 1971 662 2026 qui
691 1970 850 2011 mortui
879 1980 990 2021 sunt,
1021 1971 1220 2026 quoniam
1250 1971 1474 2021 extorsisti,
1494 1979 1542 2012 ut

104 2026 272 2076 faterer,
295 2027 367 2081 qui
388 2026 560 2067 omnino
582 2041 666 2067 non
695 2036 849 2077 essent,
878 2042 950 2067 eos
980 2042 1031 2067 ne
1060 2027 1236 2067 miseros
1257 2027 1427 2082 quidem
1450 2042 1541 2068 esse

102 2096 240 2138 posse.
260 2082 392 2138 quid?
425 2083 496 2139 qui
517 2083 703 2135 vivimus,
734 2098 828 2124 cum
862 2083 1128 2125 moriendum
1149 2083 1216 2135 sit,
1239 2098 1379 2124 nonne
1399 2083 1541 2125 miseri

147 2256 186 2279 25
211 2247 261 2289 qui
290 2253 373 2275 tanta
399 2245 506 2285 gloria]
541 2246 648 2275 Davis.
674 2255 690 2275 e
719 2245 797 2276 Mss-

103 2291 229 2322 duobus
245 2291 362 2320 addidit
378 2296 460 2318 tanta
475 2288 628 2328 dignitate.

147 2338 188 2364 46
212 2344 246 2362 ne
267 2332 364 2362 miseri
387 2332 501 2373 quidem
523 2330 606 2372 sunt]
635 2337 699 2360 sunt
723 2337 799 2369 puto

105 2376 290 2406 delendum.
308 2376 416 2405 multis
433 2375 500 2405 aliis
512 2374 589 2404 locis
606 2375 636 2403 in
652 2373 705 2403 tali
722 2383 798 2403 con-

104 2419 248 2449 clusione
262 2419 395 2449 verbum
419 2419 481 2448 hoc
505 2428 570 2448 non
593 2418 736 2446 additum
754 2426 800 2446 re-

107 2463 183 2503 peri.

150 2511 188 2540 27
214 2503 323 2534 Quid?
353 2501 497 2542 miserius]
525 2503 575 2532 Sic
602 2503 683 2532 bene
707 2503 800 2532 inter-

106 2548 221 2588 punxit
258 2547 414 2577 Pearcius.
459 2546 585 2584 Vulgo:
627 2545 708 2575 Quid
746 2545 801 2574 mi-

108 2601 206 2620 senus.

147 2640 188 2663 28
212 2631 316 2673 ecquid
327 2631 361 2661 de
376 2638 403 2660 te
419 2628 579 2669 recordare]
603 2630 712 2660 Putavi
727 2630 802 2659 scri-

108 2675 250 2705 bendum
267 2674 419 2711 recordere,
433 2681 462 2704 et
477 2675 521 2704 sic
537 2681 583 2703 est
595 2674 627 2703 in
644 2674 712 2703 edd.
726 2678 802 2703 vett.

107 2724 145 2747 ut
159 2718 174 2747 J
179 2724 247 2747 unt.
262 2717 334 2747 Ald.

153 2767 203 2792 29·
215 2771 257 2788 eos
271 2756 398 2798 miseros]
425 2769 481 2788 esse
501 2758 611 2788 delevi.
632 2759 720 2789 abest
735 2765 765 2788 et
780 2767 799 2787 a

109 2802 189 2832 Mss.
216 2801 308 2832 Paris.
339 2811 389 2840 ap.
418 2801 639 2831 Alemannum
669 2808 700 2831 et
729 2801 800 2830 edd.

107 2852 183 2875 vett.
197 2851 234 2874 ut
247 2844 335 2875 Junt.
351 2843 422 2874 ΑΜ.
438 2851 510 2874 tum
532 2844 667 2875 alterurn
688 2844 800 2874 miseros

168 2898 283 2927 VOL.
308 2898 377 2926 IV.
398 2899 439 2927 P.
458 2898 492 2926 1.

844 2252 913 2284 post
928 2256 981 2274 non
998 2257 1039 2274 eos
1055 2245 1163 2276 delevi¹
1180 2247 1362 2278 auctoribus
1386 2248 1465 2278 Mss.
1488 2258 1541 2288 ap.

843 2289 1022 2319 Davisium.

886 2337 926 2362 30
949 2342 990 2359 eos
1011 2331 1123 2360 miseros
1153 2330 1220 2370 esse]
1254 2332 1404 2363 Davisius
1432 2343 1448 2363 e
1473 2334 1537 2364 MS.

843 2373 881 2403 εό.
898 2373 1011 2412 placet.

888 2423 924 2446 31
952 2416 1001 2445 sed
1013 2416 1036 2444 si
1053 2415 1116 2444 inv.
1135 2415 1246 2455 melius]
1265 2417 1326 2446 Sed
1338 2427 1403 2447 non
1420 2418 1539 2449 habent

844 2459 913 2489 edd.
929 2466 1003 2489 vett.
1020 2466 1055 2489 ut
1069 2459 1158 2488 Junt.
1176 2459 1246 2490 Ald.
1269 2469 1329 2490 nec
1350 2461 1412 2490 Ms.
1430 2461 1537 2492 Guelf.

844 2503 950 2541 itaque
965 2501 1077 2532 delevi,
1092 2510 1169 2531 nam
1182 2510 1211 2532 et
1226 2504 1327 2542 friget.

888 2551 927 2575 32
952 2544 984 2573 id
1011 2556 1076 2583 ergo
1102 2546 1321 2584 pronunciatum
1358 2545 1431 2584 δῖα]
1464 2546 1538 2576 Hoc

844 2598 907 2618 non
925 2588 996 2617 satis
1012 2588 1094 2617 bene
1110 2590 1266 2619 consentit
1288 2599 1366 2619 eum
1388 2590 1538 2628 superiori

844 2638 916 2661 ante
931 2631 1145 2670 parenthesin,
1158 2643 1236 2661 omne
1242 2632 1474 2671 pronunciatum.
1490 2643 1539 2662 se-

845 2674 898 2713 qui
929 2674 1074 2710 dcbebat‚
1102 2684 1199 2704 omne
1229 2685 1302 2714 ergo
1333 2685 1375 2715 pr.
1407 2683 1452 2706 est
1483 2682 1538 2705 aut

844 2726 958 2746 verum
973 2723 1029 2746 aut
1044 2717 1173 2748 salsum.

885 2766 923 2790 33
949 2759 1000 2801 qui
1026 2771 1066 2791 m.
1096 2759 1173 2799 sum]
1207 2760 1337 2790 Videtur
1365 2760 1535 2800 legendum

841 2809 910 2833 smt.

888 2897 919 2926 12
