1778 3095
604 81 783 119 LIBER
819 80 1129 118 QUARTUS.
1499 86 1576 120 343

149 194 188 220 ⁵4
204 197 251 229 ut
270 189 374 230 nihil
405 189 494 230 esse
518 196 697 238 constet,
728 187 844 242 quod
873 195 1000 242 agat:
1032 193 1081 226 ut
1112 185 1197 236 ille,
1219 186 1291 242 qui
1318 187 1577 244 voluptatem

144 246 274 286 animi
296 246 479 295 nimiam,
500 258 715 285 summum
746 257 834 284 esse
853 257 1039 284 errorem
1058 241 1296 283 arbitratur.
1327 257 1475 286 eorum
1495 246 1576 300 igi-

144 309 215 342 tur
234 303 441 344 malorum
459 302 500 342 in
521 315 604 341 una
624 301 775 341 virtute
804 299 942 355 posita
971 299 1133 340 sanatio
1152 308 1229 340 est.
1289 299 1405 340 Quid
1434 311 1574 343 autem
1593 302 1660 354 16

143 367 208 398 est
239 373 321 400 non
354 358 545 398 miserius
580 357 733 407 solum,
768 356 841 397 sed
874 355 1030 397 foedius
1066 355 1208 405 etiam,
1249 363 1292 396 et
1330 355 1575 409 deformius,

144 422 182 445 ⁵5
198 429 324 470 quam
358 413 607 469 aegritudine
639 413 731 469 quis
764 412 958 463 afflictus,
996 411 1254 462 debilitatus,
1281 412 1457 468 jacens?
1494 413 1577 456 Cui

142 471 320 511 miseriae
349 470 565 526 proximus
585 470 718 521 estis,
740 469 812 525 qui
839 469 1180 524 appropinquans
1212 468 1384 525 aliquod
1416 470 1576 511 malum

141 527 306 577 metuit,
328 526 672 582 exanimatusque
702 526 859 582 pendet
888 526 1030 566 animi.
1061 539 1188 581 quam
1209 525 1291 565 vim
1322 526 1422 566 mali
1444 526 1575 581 signi-

143 582 312 624 ficantes
344 588 498 638 poetae,
528 583 770 638 impendere
803 582 916 638 apud
947 583 1101 623 inferos
1129 596 1275 622 saxum
1303 582 1483 623 Tantalo
1514 584 1578 624 fa-

137 639 267 688 ciunt,
300 640 356 680 ob
388 639 546 680 scelera
576 640 789 695 animique
823 639 1116 694 impotentiam
1150 647 1192 679 et
1225 638 1574 695 superbiloquen-

137 695 253 744 tiam,
276 710 325 735 ea
344 696 582 737 communis
604 711 731 751 poena
759 696 947 737 stultitiae
977 705 1054 736 est.
1087 695 1285 736 omnibus
1315 695 1441 746 enim,
1464 711 1572 752 quo-

134 764 226 790 rum
251 767 370 793 mens
391 753 590 793 abhorret
619 767 644 793 a
673 753 847 803 ratione,
868 767 1033 807 semper
1053 751 1202 807 aliquis
1223 751 1316 793 talis
1337 760 1472 793 terror
1489 753 1572 793 im-

132 807 301 861 pendet.
360 809 506 865 Atque
537 818 585 850 ut
612 808 677 849 hae
709 809 887 850 tabificae
918 809 1070 849 mentis
1100 808 1437 864 perturbationes
1459 811 1636 861 sunt,36

133 864 429 918 aegritudinem
461 866 556 906 dico
588 875 630 906 et
663 875 852 906 metum:
887 865 946 906 sic
979 865 1196 905 hilariores
1226 866 1323 916 illae,
1348 866 1571 922 cupiditas,

130 920 249 961 avide
271 936 435 976 semper
454 922 612 977 aliquid
636 931 848 977 expetens,
870 931 912 963 et
942 922 1074 963 inanis
1105 921 1311 972 alacritas,
1335 922 1378 962 id
1398 931 1474 974 est,
1497 923 1569 963 lae-

130 976 223 1017 titia
253 979 453 1032 gestiens,
483 994 565 1019 non
599 979 782 1019 multum
817 978 1016 1019 differunt
1052 978 1104 1018 ab
1135 979 1331 1019 amentia.
1391 980 1454 1019 Ex
1483 995 1570 1035 quo

128 1031 394 1089 intelligitur,
414 1035 549 1090 qualis
581 1035 651 1076 ille
681 1035 748 1086 sit,
769 1049 895 1091 quem
928 1045 1019 1076 tum
1049 1034 1331 1086 moderatum,
1352 1036 1452 1076 alias
1472 1051 1569 1077 mo-

128 1088 310 1141 destum,
332 1100 651 1146 temperantem,
673 1091 773 1132 alias
804 1100 1069 1133 constantem
1102 1092 1474 1147 continentemque
1502 1093 1567 1134 di-

127 1145 278 1187 cimus.
319 1162 636 1204 nonnumquam
672 1149 763 1189 haec
800 1148 948 1189 eadem
985 1148 1188 1189 vocabula
1223 1148 1276 1189 ad
1311 1149 1567 1204 frugalitatis

128 1216 297 1254 nomen,
331 1212 549 1260 tamquam
580 1205 634 1246 ad
665 1212 806 1261 caput,
838 1205 990 1245 referre
1023 1205 1229 1246 volumus.
1260 1205 1377 1261 quod
1408 1206 1485 1246 nisi
1513 1220 1566 1247 eo

127 1259 297 1300 nomine
316 1261 487 1302 virtutes
507 1262 836 1312 continerentur,
858 1276 1088 1316 numquam
1117 1261 1176 1301 ita
1195 1276 1269 1316 per
1289 1262 1395 1302 illud
1417 1262 1565 1318 vulga-

125 1324 215 1355 tum
239 1325 361 1367 esset,
383 1327 432 1358 ut
446 1317 539 1374 jam
563 1318 765 1373 proverbii
787 1318 930 1358 locum
961 1319 1186 1367 obtineret,
1210 1318 1427 1359 hominem
1449 1319 1563 1374 frugi

124 1373 267 1412 omnia
297 1383 410 1415 recte
444 1375 595 1415 facere.
627 1374 741 1428 quod
767 1374 877 1415 idem
910 1389 1006 1415 cum
1042 1375 1173 1415 Stoici
1196 1374 1247 1414 de
1277 1375 1465 1430 sapiente
1495 1376 1558 1416 di·
1573 1386 1689 1417 p-217.

121 1439 237 1478 cunt,
264 1429 387 1470 nimis
417 1431 732 1481 admirabiliter,
756 1431 964 1486 nimisque
994 1431 1216 1486 magnifice
1248 1431 1388 1472 dicere
1416 1431 1558 1473 viden—
1570 1430 1599 1451 ἢ·

121 1492 200 1524 tur.
260 1486 377 1540 Ergo
410 1487 458 1537 is,
491 1488 680 1542 quisquis
712 1496 790 1537 est,
814 1487 886 1542 qui
917 1486 1219 1537 moderatione,
1250 1498 1293 1528 et
1323 1490 1558 1531 constantia
1576 1482 1641 1536 17

118 1540 285 1596 quietus
306 1543 448 1583 animo
468 1554 544 1592 est,
568 1544 731 1599 sibique
757 1544 846 1599 ipse
867 1544 1071 1598 placatus,
1091 1553 1139 1583 ut
1158 1557 1235 1584 nec
1257 1544 1445 1585 tabescat
1466 1555 1622 1595 ino-37

117 1596 263 1647 lestiis,
286 1613 364 1639 nec
393 1600 614 1655 frangatur
633 1601 797 1651 timore,
818 1614 894 1640 nec
923 1600 1112 1640 sitienter
1138 1600 1241 1655 quid
1271 1610 1467 1655 expetens
1487 1617 1558 1643 ar-

115 1652 215 1694 deat
231 1654 451 1707 desiderio,
471 1671 546 1697 nec
565 1656 779 1698 alacritate
799 1656 909 1697 futili
927 1657 1114 1711 gestiens
1144 1656 1418 1712 deliquescat,
1440 1658 1474 1698 is
1495 1668 1559 1701 est

117 1710 296 1766 sapiens,
319 1727 442 1768 quem
476 1713 720 1768 quaerimus,
752 1713 786 1754 is
819 1723 881 1753 est
914 1714 1091 1753 beatus:
1125 1713 1193 1753 cui
1225 1713 1329 1754 nihil
1349 1713 1557 1756 humana-

116 1782 208 1814 rum
244 1782 383 1809 rerum
419 1779 493 1810 aut
524 1770 787 1810 intolerabile
819 1769 872 1810 ad
906 1769 1215 1811 demittendum
1247 1771 1450 1822 animum,
1483 1781 1556 1814 aut

116 1824 238 1864 nimis
260 1824 443 1866 laetabile
464 1826 517 1866 ad
537 1826 793 1867 efferendum
815 1825 943 1867 videri
964 1836 1118 1881 potest.
1152 1826 1253 1881 quid
1282 1826 1391 1867 enim
1415 1827 1554 1869 videa-

115 1889 183 1920 tur
212 1882 250 1922 ei
282 1896 484 1936 magnum
521 1882 562 1923 in
595 1883 720 1923 rebus
750 1883 960 1931 humanis,
981 1883 1049 1923 cui
1081 1883 1292 1924 aeternitas
1314 1884 1466 1935 omnis,
1486 1894 1555 1927 to—

114 1937 283 1992 tiusque
313 1938 461 1978 mundi
484 1948 584 1979 nota
605 1939 658 1979 sit
678 1939 930 1994 magnitudo
951 1941 963 1979 ?
998 1954 1093 1979 nam
1126 1939 1227 1995 quid
1248 1949 1321 1981 aut
1340 1941 1381 1981 in
1402 1941 1552 1983 studiis

114 1993 322 2045 humanis,
344 2005 417 2036 aut
448 1995 487 2035 in
522 2006 609 2036 tam
638 1996 792 2050 exigua
810 1996 1010 2037 brevitate
1031 1996 1123 2037 vitae
1146 2011 1352 2052 magnum
1374 1998 1551 2052 sapienti

112 2050 239 2091 videri
260 2060 414 2106 potest,
437 2052 509 2107 qui
541 2066 706 2107 semper
735 2053 877 2093 animo
909 2053 967 2093 sic
997 2053 1192 2103 excubat,
1215 2063 1263 2094 ut
1283 2053 1321 2093 ei
1343 2053 1448 2095 nihil
1467 2055 1549 2096 im-

111 2107 322 2161 provisum
362 2108 550 2148 accidere
591 2109 736 2164 possit,
772 2108 878 2149 nihil
911 2109 1192 2164 inopinatum,
1229 2109 1334 2150 nihil
1373 2111 1548 2152 omnino

111 2166 293 2204 novum?
326 2165 472 2220 Atque
492 2165 601 2205 idem
624 2166 681 2206 ita
701 2180 839 2206 acrem
860 2165 903 2206 in
924 2180 1070 2206 omnes
1095 2176 1233 2220 partes
1254 2167 1388 2207 aciem
1410 2167 1608 2211 inten-ssss

108 2220 183 2270 dit,
206 2229 252 2261 ut
271 2235 436 2277 semper
463 2222 599 2262 videat
630 2222 771 2262 sedem
805 2221 883 2262 sibi
914 2237 960 2262 ac
993 2222 1136 2263 locum
1158 2223 1245 2263 sine
1266 2223 1460 2264 molestia
1479 2233 1544 2265 at-

109 2291 191 2332 que
213 2291 369 2332 angore
402 2279 576 2329 vivendi,
598 2287 645 2319 ut
676 2293 988 2334 quemcumque
1019 2294 1161 2319 casum
1186 2280 1355 2320 fortuna
1376 2279 1542 2321 invexe-

107 2334 174 2383 rit,
196 2333 308 2374 hunc
338 2344 435 2390 apte
469 2345 510 2375 et
544 2335 685 2390 quiete
715 2335 835 2376 ferat.
867 2335 982 2390 quod
1003 2336 1075 2390 qui
1099 2335 1240 2386 faciet,
1262 2350 1346 2375 non
1368 2338 1541 2391 aegritu-

107 2389 202 2430 dine
224 2391 361 2432 solum
382 2392 558 2442 vacabit,
580 2392 652 2432 sed
682 2392 808 2432 etiam
841 2392 1227 2447 perturbationibus
1256 2392 1424 2447 reliquis
1446 2408 1541 2434 om-

107 2446 243 2487 nibus.
277 2447 341 2488 his
382 2457 523 2489 autem
560 2463 711 2489 vacuus
746 2449 926 2499 animus,
964 2449 1147 2503 perfecte
1181 2459 1308 2504 atque
1345 2450 1539 2491 absolute

104 2503 252 2543 beatos
285 2504 436 2545 efficit:
465 2505 662 2561 idemque
692 2506 942 2554 concitatus,
964 2514 1007 2545 et
1034 2506 1270 2546 abstractus
1291 2506 1344 2545 ab
1374 2506 1539 2561 integra

105 2568 303 2615 certaque
339 2561 515 2613 ratione,
555 2576 638 2602 non
677 2563 953 2604 constantiam
998 2562 1136 2603 solum
1185 2563 1355 2612 amittit,
1394 2576 1536 2604 verum

103 2615 229 2657 etiam
248 2617 481 2659 sanitatem.

149 2734 187 2756 54
203 2735 234 2756 ut
248 2729 325 2758 nihil
336 2740 390 2759 esse
413 2728 529 2767 constet]
553 2741 607 2761 esse
621 2730 795 2761 delendum
841 2730 926 2760 Quia
942 2736 1014 2760 ante
1035 2737 1110 2760 sunt
1133 2729 1332 2768 aegritudines‚
1357 2736 1467 2768 putem
1492 2730 1535 2759 le·

103 2776 158 2799 est.
203 2770 361 2802 Bentleius
378 2772 502 2810 corrigit
513 2772 548 2802 ei.
837 2774 979 2811 gendum
996 2782 1074 2810 esse,
1091 2784 1178 2814 quam
1192 2772 1414 2811 ‘egritudinibus
1430 2772 1472 2801 his
1487 2773 1535 2813 ‘fi

148 2819 183 2843 55
223 2824 310 2853 quam
345 2815 517 2855 aegritudine
550 2815 612 2855 quis
655 2814 792 2855 afflictus]
829 2816 946 2855 flictus.

831 2870 905 2907 24
