1778 3095
590 133 771 172 LIBER
805 134 1041 173 PRIMUS.
1448 118 1533 181 54'7

102 241 264 285 ctoria?
296 241 398 298 quid
416 248 530 284 ortus
549 238 788 296 androgyni
807 241 820 281 ?
855 255 991 281 nonne
1013 240 1139 282 fatale
1159 238 1371 295 quoddam
1401 255 1526 282 mon-

102 307 236 340 strum
276 299 386 340 fuit?
436 296 549 353 quid,
587 298 702 351 quod
748 296 894 336 fluvius
935 306 1092 338 atratus
1133 296 1335 351 sanguine
1375 297 1522 338 fluxit?

102 355 220 410 quid,
256 370 353 396 cum
393 367 502 409 saepe
541 352 744 407 lapidum,
782 352 995 406 sanguinis
1034 366 1364 407 nonnumquam,
1402 361 1524 394 terrae

100 411 326 461 interdum,
360 409 572 465 quondam
613 408 738 449 etiam
776 408 951 448 ³1lacris
985 408 1119 448 imber
1153 408 1355 450 defluxit?
1407 409 1522 463 quid,

101 482 198 508 cum
230 468 271 508 in
303 465 514 521 Capitolio
548 465 655 506 ictus
683 473 905 505 centaurus
937 479 960 504 e
985 464 1090 504 caelo
1118 466 1212 505 est?
1246 465 1287 504 in
1312 464 1525 506 Aventino

101 533 250 578 portae‚
289 532 332 564 et
366 522 590 562 homines?
641 519 814 562 Tusculi
852 519 960 561 aedes
1003 520 1205 571 Castoris,
1245 530 1285 561 et
1327 520 1525 571 Pollucis,

101 581 333 634 Romaeque
366 578 563 619 Pietatis?
606 592 745 618 nonne
774 586 817 617 et
848 576 1088 632 haruspices
1125 591 1173 617 ea
1206 577 1525 632 responderunt,

100 651 194 690 quae
225 645 463 684 evenerunt,
499 644 538 675 et
573 634 613 674 in
651 633 823 690 Sibyllae
862 633 976 673 libris
1008 632 1167 673 eaedem
1206 641 1381 688 repertae
1417 648 1524 688 prae-

99 692 304 733 dictiones
344 692 471 731 sunt?
522 690 720 740 Caeciliae,
760 690 816 746 Q.
857 689 966 740 filiae‚
1004 689 1184 738 somnio,
1222 688 1364 739 modo,
1406 686 1608 734 Mar-44«

99 748 187 789 sico
207 747 333 796 bello,
355 747 558 803 templum
586 755 650 787 est
670 761 695 787 a
713 754 860 787 senatu
878 746 1036 787 Junoni
1061 746 1241 801 Sospitae
1269 747 1523 787 restitutum.
1536 762 1587 802 99

99 804 215 859 quod
235 803 405 859 quidem
428 804 639 844 somnium
662 803 836 844 Sisenna
856 817 953 843 cum
974 802 1266 857 disputavisset
1286 802 1457 843 mirifice
1472 801 1527 843 ad

98 861 271 901 verbum
301 875 398 901 cum
429 875 472 901 re
502 860 756 909 convenisse,
786 867 877 899 tum
908 859 1149 909 insolenter,
1179 857 1306 900 credo
1336 859 1388 900 ab
1423 859 1526 914 Epi-

99 929 226 958 cureo
262 917 404 972 aliquo
444 916 656 966 inductus,
695 915 897 970 disputat,
931 915 1104 955 somniis
1139 914 1252 955 credi
1284 930 1369 956 non
1399 930 1526 970 opor-

98 980 202 1013 tere.
262 973 380 1013 Idem
414 981 560 1013 contra
595 980 759 1012 ostenta
791 970 894 1011 nihil
926 971 1125 1026 disputat,
1160 972 1416 1028 exponitque
1447 971 1527 1013 ini-

97 1029 158 1070 tio
184 1029 283 1070 belli
311 1028 485 1068 Marsici
509 1037 551 1069 et
574 1028 750 1069 deorum
784 1026 1007 1068 simulacra
1039 1027 1262 1078 sudavisse,
1288 1037 1331 1069 et
1359 1028 1530 1083 sangui-

99 1099 195 1126 nem
215 1086 396 1135 fluxisse,
414 1093 455 1125 et
474 1085 714 1126 discessisse
730 1085 902 1125 caelum:
933 1094 974 1125 et
994 1098 1045 1125 ex
1064 1084 1234 1125 occulto
1254 1085 1418 1126 auditas
1438 1098 1528 1126 esse

97 1156 234 1191 voces,
263 1147 357 1196 quae
400 1142 585 1195 pericula
612 1141 712 1181 belli
746 1140 1014 1181 nuntiarent:
1060 1149 1102 1181 et
1133 1141 1309 1181 Lanuvii
1340 1140 1528 1197 clypeos,

97 1198 215 1254 quod
255 1198 544 1252 haruspicibus
585 1197 867 1239 tristissimum
902 1197 1034 1238 visum
1074 1206 1197 1246 esset,
1219 1205 1257 1228 32
1279 1212 1303 1238 a
1336 1196 1528 1238 muribus

87 1268 189 1296 -esse
219 1255 404 1296 derosos.
463 1254 594 1311 Quid,
625 1254 741 1310 quod
782 1254 824 1294 in
864 1253 1081 1294 annalibus
1112 1253 1332 1304 habemus,
1356 1253 1526 1309 Vejenti
1542 1266 1617 1298 100

97 1311 227 1362 bello,
258 1326 354 1352 cum
392 1312 505 1352 lacus
532 1311 726 1352 Albanus
759 1319 910 1365 praeter
939 1310 1112 1350 modum
1139 1310 1349 1359 crevisset,
1370 1310 1527 1366 Vejen-

96 1374 184 1408 tem
215 1367 424 1422 quendam
458 1369 511 1409 ad
549 1383 624 1408 nos
664 1367 876 1408 hominem
909 1366 1094 1408 nobilem
1125 1367 1376 1422 profugisse,
1405 1381 1525 1406 eum-

97 1438 181 1479 que
216 1424 383 1475 dixisse,
414 1440 464 1465 ex
493 1425 602 1474 fatis,
644 1439 736 1479 quae
767 1423 968 1479 Vejentes
998 1423 1152 1478 scripta
1188 1423 1406 1474 haberent,
1436 1424 1654 1465 Ve-P·101=

89 1479 163 1536 jos
191 1481 283 1536 capi
313 1496 394 1521 non
429 1496 572 1536 posse,
595 1482 696 1522 dum
727 1480 842 1520 lacus
874 1480 907 1520 is
943 1480 1222 1520 redundaret:
1252 1490 1308 1531 et,
1342 1480 1376 1520 si
1407 1478 1566 1520 lacusa-

97 1537 290 1587 emissus,
319 1538 439 1592 lapsu
466 1549 508 1579 et
537 1552 662 1578 cursu
690 1552 765 1577 suo
795 1536 847 1577 ad
878 1551 992 1577 mare
1022 1536 1299 1591 profluxisset,
1320 1536 1528 1592 pernicio-

96 1607 191 1634 sum
225 1594 383 1649 populo
415 1596 606 1634 Romano
623 1610 635 1644 3
667 1594 729 1634 sin
760 1604 899 1634 autem
939 1593 998 1634 ita
1028 1602 1138 1634 esset
1170 1592 1361 1643 eductus,
1392 1601 1440 1632 ut
1474 1592 1529 1633 ad

95 1664 211 1690 mare
248 1652 457 1704 pervenire
487 1665 570 1690 non
608 1659 764 1705 posset,
804 1659 895 1690 tum
934 1650 1114 1690 salutare
1154 1649 1308 1690 nostris
1337 1649 1440 1689 fore.
1477 1662 1529 1689 ex

95 1720 183 1762 quo
214 1705 285 1747 illa
313 1706 569 1747 admirabilis
598 1721 623 1746 a
652 1706 881 1761 majoribus
912 1705 1090 1745 Albanae
1115 1721 1235 1761 aquae
1255 1705 1367 1746 facta
1394 1704 1528 1746 dedu-

95 1762 183 1803 ctio
204 1771 281 1803 est.
341 1763 452 1804 Cum
476 1772 618 1803 autern
641 1762 837 1818 Vejentes
866 1762 979 1802 bello
1008 1762 1104 1803 fessi
1132 1762 1295 1817 legatos
1324 1761 1379 1802 ad
1408 1775 1528 1802 sena-

96 1826 189 1859 tum
210 1819 433 1869 misissent,
455 1831 542 1859 tum
565 1834 615 1860 ex
637 1819 700 1859 his
721 1818 891 1873 quidam
916 1818 1067 1859 dixisse
1096 1818 1263 1868 dicitur,
1285 1833 1368 1858 non
1385 1818 1528 1858 omnia

96 1874 217 1916 illum
238 1876 499 1931 transfugam
521 1890 668 1916 ausum
689 1890 778 1915 esse
800 1875 960 1915 senatui
985 1875 1123 1915 dicere
1142 1891 1151 1915 ε
1183 1875 1224 1915 in
1246 1873 1391 1914 iisdem
1414 1874 1527 1914 enim

96 1931 193 1972 fatis
223 1932 427 1987 scriptum
456 1933 657 1987 Vejentes
688 1931 856 1981 habere,
878 1931 991 1982 Fore,
1021 1939 1068 1971 ut
1099 1931 1206 1971 brevi
1236 1946 1261 1971 α
1286 1930 1422 1971 Gallis
1443 1930 1525 1971 Ro-

96 2002 165 2028 ma
188 1997 410 2042 caperetur.
430 1989 545 2044 quod
574 1987 745 2044 quidem
767 1988 962 2028 sexennio
984 1997 1078 2043 post
1096 1988 1226 2043 Vejos
1245 1997 1391 2042 captos
1409 1994 1448 2018 33
1462 1987 1525 2027 fa-

95 2054 214 2086 ctum
237 2059 325 2085 esse
344 2045 544 2085 videmus.
603 2045 723 2099 Saepe
742 2044 867 2084 etiam
890 2053 931 2084 et
962 2044 1003 2084 in
1031 2043 1184 2099 praeliis
1212 2044 1343 2084 Fauni
1363 2043 1608 2094 auditi345

96 2111 141 2142 et
169 2101 210 2142 in
238 2102 363 2142 rebus
383 2101 561 2142 turbidis
581 2101 770 2142 veridicae
790 2115 912 2141 voces
932 2115 983 2142 ex
1001 2100 1171 2141 occulto
1193 2100 1331 2140 missae
1350 2114 1440 2141 esse
1460 2099 1523 2140 di-
1541 2122 1610 2153 101

96 2166 264 2199 cuntur.
295 2159 415 2214 cujus
445 2158 609 2213 generis
637 2157 722 2198 duo
743 2167 840 2198 sunt
869 2172 919 2198 ex
939 2157 1084 2197 multis
1104 2156 1312 2211 exempla,
1331 2157 1405 2198 sed
1434 2171 1524 2197 ma-

95 2214 222 2255 xima.
282 2216 396 2255 Nam
434 2229 516 2255 non
554 2215 689 2255 multo
723 2224 819 2255 ante
848 2214 996 2254 urbem
1026 2221 1194 2268 captam
1224 2213 1420 2254 exaudita
1447 2227 1528 2253 vox

96 2279 162 2312 est
188 2285 212 2311 a
233 2271 330 2312 luco
353 2273 507 2321 Vestae,
529 2271 601 2326 qui
626 2286 651 2311 a
681 2270 825 2311 Palatii
854 2269 994 2311 radice
1023 2270 1065 2310 in
1097 2284 1245 2310 novam
1267 2269 1373 2309 viam
1404 2269 1527 2311 deve-

96 2340 173 2368 xus
201 2337 291 2368 est:
325 2329 387 2368 Ut
415 2330 538 2379 muri,
559 2336 602 2368 et
629 2335 759 2382 portae
786 2326 1080 2377 reficerentur3
1112 2326 1301 2367 futurum
1326 2340 1430 2377 esse,
1450 2326 1529 2366 nisi

97 2384 310 2438 provisum
357 2393 479 2435 esset,
518 2393 567 2425 ut
611 2385 746 2424 Roma
784 2392 1015 2439 caperetur.
1093 2382 1224 2439 Quod
1270 2382 1527 2438 neglectum,

142 2557 179 2581 31
206 2550 290 2580 Iactis
320 2550 407 2580 imber
429 2549 578 2592 defluxit]
611 2551 693 2581 Libri
721 2551 792 2581 vul·
836 2551 972 2581 hiatum.

98 2595 160 2634 gati
185 2594 246 2622 fere
271 2594 388 2623 habent
405 2595 536 2634 effluxit:
560 2604 660 2633 usque
683 2595 721 2623 ad
739 2594 792 2624 Vi·
877 2600 916 2624 33
929 2594 1052 2633 factum
1065 2604 1119 2622 esse
1129 2589 1278 2631 videmus]
1296 2592 1347 2623 Sic
1364 2592 1441 2621 Mss.
1458 2590 1528 2630 plu-

97 2637 247 2671 morium,
268 2637 321 2674 qui
339 2636 463 2675 defluxit
483 2638 575 2668 dedit.
594 2637 707 2676 effluxit
721 2637 791 2676 qui·
834 2646 880 2665 res
897 2638 980 2676 apud
999 2636 1179 2672 Davisium‚
1196 2636 1273 2665 item
1290 2635 1397 2665 Guelf.
1414 2641 1443 2664 et
1459 2634 1528 2663 edd.

96 2681 171 2710 dem
187 2686 232 2709 est
248 2679 400 2708 alienum.
832 2686 908 2709 vett.
928 2680 1075 2718 quaedam
1096 2688 1151 2718 pro
1166 2679 1296 2717 vulgato
1315 2677 1442 2707 vidimus
1457 2687 1466 2704 .·
1483 2683 1528 2705 at·

140 2729 180 2753 32
204 2733 222 2750 a
246 2720 369 2751 maribam
392 2733 446 2751 esse
466 2722 583 2761 derasos]
609 2723 713 2751 derosos
736 2731 791 2761 pro
833 2732 895 2761 que
925 2723 954 2752 id
981 2728 1011 2751 et
1037 2732 1082 2752 res
1106 2721 1262 2761 postulat:
1298 2722 1402 2758 itaque
1428 2719 1529 2757 recepi

97 2774 249 2801 corrosos,
266 2764 361 2794 etiam
379 2765 445 2794 aliis
462 2766 596 2795 dictum:
621 2772 666 2795 est
682 2772 790 2794 tamen
834 2774 911 2794 cum
935 2765 1073 2795 Davisio.
1101 2765 1154 2794 sed
1181 2766 1222 2794 ita
1245 2764 1281 2793 fit
1301 2761 1444 2793 clausula
1462 2770 1528 2790 ver-

97 2808 218 2838 durius.
264 2808 393 2845 Conjeci
418 2818 519 2836 ermes:
543 2808 596 2837 sed
620 2808 728 2837 Cicero
747 2808 792 2836 vi·
834 2817 901 2843 sus,
934 2817 1032 2845 quam
1064 2807 1172 2836 Cicero
1202 2808 1287 2836 vitat.
1335 2806 1444 2842 Itaque
1474 2813 1529 2832 esse

98 2851 190 2884 detur
203 2860 258 2891 pro
274 2860 311 2882 eo
322 2850 426 2882 derasos
443 2850 557 2884 dixisse
571 2851 611 2881 ad
625 2851 792 2882 vitandum
836 2859 853 2879 a
868 2850 1035 2887 glossatore
1050 2857 1163 2880 natum
1178 2848 1415 2886 delendumque
1427 2852 1517 2885 puto.

843 2902 968 2932 an
