1778 3095
558 24 735 62 LIBER
766 22 1076 61 QUARTUS.
1455 27 1534 70 349

109 144 275 185 semper
294 130 423 172 iratus
444 138 520 171 est·
578 131 785 170 Lacesse·
774 160 786 179 ,
810 129 902 184 jam
923 128 1080 169 videbis
1102 128 1325 169 furentem.
1384 129 1529 172 Ouid?

108 188 188 228 ista
215 187 406 229 bellatrix
436 185 661 236 iracundia,
687 200 784 226 cum
811 185 988 226 domum
1020 184 1154 235 rediit,
1180 184 1312 238 qualis
1343 195 1405 225 est
1435 200 1531 226 cum

108 258 262 284 uxore
256 246 267 275 ³
297 259 392 284 cum
413 242 576 283 liberis?
600 255 696 282 cum
719 241 900 281 familia?
934 256 985 281 an
1007 249 1099 281 tum
1122 254 1289 296 quoque
1311 249 1374 280 est
1393 241 1530 281 utilis?

107 310 173 340 est
193 300 321 355 igitur
339 297 508 354 aliquid,
526 298 640 353 quod
659 298 902 353 perturbata
921 312 1037 338 mens
1058 297 1208 337 melius
1230 296 1363 351 possit
1382 296 1533 348 facere,

108 371 236 411 quam
256 357 477 396 constans?
501 368 553 394 an
574 369 796 409 quisquam
816 362 957 409 potest
974 354 1061 394 sine
1069 353 1395 417 perturbatione
1415 366 1536 392 men-

106 413 161 452 tis
182 412 333 453 irasci?
365 412 470 451 bene
500 410 632 465 igitur
660 411 806 461 nostri,
837 425 935 451 cum
965 410 1107 451 omnia
1126 419 1264 450 essent
1286 417 1323 441 85
1340 424 1382 449 m
1404 407 1534 449 mori-

109 469 188 509 bus
207 468 316 518 vitia,
336 467 449 523 quod
471 467 635 508 nullum
651 475 740 507 erat
758 466 971 508 iracundia
987 466 1154 515 foedius,
1170 465 1390 506 iracundos
1408 465 1534 516 solos,

108 538 301 565 morosos
322 524 654 565 nominaverunt.
696 524 918 564 Oratorem
940 538 1035 564 vero
1056 521 1178 563 irasci
1198 522 1370 562 minime
1390 521 1532 563 decet:
1548 521 1618 572 25

109 580 305 621 simulare
344 595 428 620 non
467 579 655 621 dedecet.
714 581 785 620 An
821 580 897 620 tibi
927 579 1047 620 irasci
1078 589 1170 619 tum
1202 578 1405 628 videmur,
1435 593 1533 619 cum
1547 597 1596 628 55

107 636 210 691 quid
238 636 280 676 in
310 637 446 677 causis
475 637 610 678 acrius
641 645 684 677 et
713 636 999 677 vehementius
1030 635 1240 676 dicimus?
1273 634 1403 690 quid?
1436 649 1533 676 cum
1545 654 1577 684 p.
1590 651 1664 676 221.

100 692 193 748 jam
223 693 346 733 rebus
377 694 594 735 transactis
624 702 666 734 et
695 693 917 747 praeteritis
943 692 1152 735 orationes
1173 691 1407 743 scribimus,
1433 705 1533 733 num
1546 697 1575 718 ²·

106 749 200 790 irati
221 748 442 790 scribimus
460 751 472 790 ,Ρ

215 841 262 877 Et
281 841 355 891 quis
373 841 431 878 hoc
447 840 690 878 animadvertit
704 843 726 876 ?
752 840 890 885 Vincite,

109 938 209 965 num
231 933 303 966 aut
322 925 459 989 egisse
480 940 679 980 umquam
704 925 856 965 iratum
878 924 1105 980 AEsopum,
1127 932 1198 965 aut
1218 924 1430 979 scripsisse
1450 924 1538 966 exi·

108 981 329 1022 stimamus
350 982 503 1022 iratum
525 981 735 1023 Accium?
768 991 953 1037 aguntur
973 981 1053 1022 ista
1072 981 1284 1036 praeclare,
1307 991 1350 1022 et
1369 981 1422 1021 ab
1444 996 1538 1022 ora-

108 1046 201 1079 tore
232 1038 399 1094 quidem
427 1038 592 1089 melius,
613 1039 647 1079 si
678 1038 808 1079 modo
841 1047 905 1079 est
937 1046 1092 1088 orator,
1114 1053 1241 1093 quam
1272 1038 1324 1078 ab
1354 1037 1443 1078 ullo
1473 1037 1539 1078 hi-

109 1094 295 1135 strione:
327 1094 399 1135 sed
419 1104 602 1150 aguntur
621 1095 782 1145 leniter,
802 1103 845 1135 et
865 1102 1005 1135 mente
1025 1094 1262 1150 tranquilla.
1300 1093 1540 1135 Libidinem

106 1164 208 1192 vero
228 1151 411 1200 laudare,
434 1151 554 1207 cujus
574 1161 638 1192 est
656 1151 866 1192 libidinis
859 1152 871 1182 Ρ
904 1151 1235 1192 Themistoclem
1255 1150 1361 1191 mihi
1381 1159 1424 1191 et
1448 1151 1539 1191 De-

111 1207 377 1249 mosthenem
400 1208 615 1262 profertis:
639 1207 791 1249 additis
807 1207 1105 1263 Pythagoram,
1119 1207 1431 1271 Democritum,
1447 1207 1539 1248 Pla-

109 1272 269 1305 tonem.
328 1265 472 1321 Quid?
506 1279 577 1305 vos
598 1265 750 1315 studia,
771 1263 986 1305 libidinem
1011 1264 1195 1305 vocatis.
1187 1265 1200 1293 Ρ
1234 1279 1328 1319 quae
1348 1263 1413 1303 vel
1432 1264 1542 1318 opti-

110 1335 276 1361 marum
308 1336 461 1372 rerum,
492 1330 541 1362 ut
573 1336 621 1361 ea
651 1330 761 1371 sunt,
793 1336 887 1376 quae
918 1320 1127 1376 profertis,
1158 1320 1302 1362 sedata
1329 1329 1470 1362 tamen
1499 1328 1542 1361 et

110 1377 335 1441 tranquilla
367 1392 457 1418 esse
494 1377 662 1418 debent.
728 1379 824 1418 Jam
863 1376 1159 1431 aegritudinem
1195 1377 1380 1428 laudare,
1412 1390 1541 1417 unam

109 1446 197 1474 rem
223 1434 404 1474 maxime
433 1434 739 1483 detestabilem,
761 1448 943 1488 quorum
971 1442 1035 1474 est
1063 1433 1231 1474 tandem
1263 1433 1540 1489 philosopho·

109 1504 203 1531 rum
222 1491 235 1530 ?
268 1489 330 1530 At
350 1490 576 1531 commode
596 1489 699 1531 dixit
716 1490 932 1541 Afranius,

217 1582 404 1621 Dummodo
423 1582 533 1619 doleat
549 1581 692 1632 aliquid,
711 1582 820 1619 doleat
839 1581 930 1633 quod
946 1581 1046 1619 Iubet.

111 1667 233 1711 Dixit
251 1667 363 1708 enim
389 1667 442 1708 de
470 1667 736 1709 adolescente
764 1667 929 1723 perdito
955 1682 1003 1708 ac
1035 1667 1272 1709 dissoluto:
1304 1682 1381 1709 nos
1401 1676 1543 1709 autem

110 1725 165 1766 de
186 1725 395 1765 constanti
424 1724 511 1766 viro
539 1739 588 1766 ac
619 1724 797 1779 sapienti
823 1724 1065 1779 quaerimus
1124 1725 1180 1765 Et
1209 1724 1417 1780 quidem
1407 1739 1543 1780 ipsam

110 1780 225 1822 illam
257 1781 360 1821 iram
391 1781 581 1822 centurio
608 1780 775 1831 habeat,
796 1789 869 1821 aut
896 1781 1082 1836 signifer,
1110 1780 1171 1821 vel
1201 1782 1343 1832 ceteri,
1365 1781 1418 1822 de
1449 1781 1544 1845 qui-

112 1837 191 1878 bus
221 1837 305 1878 dici
334 1851 418 1877 non
447 1852 614 1878 necesse
642 1846 720 1887 est,
742 1852 794 1878 ne
822 1836 1038 1878 rhetorum
1065 1838 1300 1892 aperiamus
1324 1838 1541 1895 mysteria.

114 1900 153 1927 86
164 1894 282 1935 Utile
302 1902 366 1934 est
385 1894 513 1944 enim,
529 1894 591 1934 uti
612 1902 733 1935 motu
752 1893 893 1944 animi,
911 1895 983 1949 qui
1004 1894 1067 1935 uti
1088 1894 1249 1935 ratione
1272 1909 1355 1935 non
1376 1903 1540 1950 potest:
1555 1899 1607 1940 56

112 1965 190 1991 1105
211 1958 366 2000 autem,
388 1958 437 1991 ut
459 1950 657 1991 testificor
678 1965 803 2006 saepc,
824 1950 875 1991 de
903 1951 1088 2005 sapiente
1117 1951 1360 2006 quaerimus.
1392 1952 1455 1992 At
1481 1960 1544 1991 et-

112 2008 197 2048 iam
225 2006 411 2047 aemulari
439 2007 541 2047 utile
571 2016 649 2056 est,
672 2008 921 2057 obtrectare,
943 2008 1145 2048 misereri.
1207 2007 1298 2048 Cur
1324 2022 1544 2049 misereare
1556 2004 1627 2057 26

112 2063 269 2119 potius,
290 2078 417 2118 quam
440 2063 546 2104 feras
567 2078 708 2118 opem,
731 2064 764 2103 si
785 2063 828 2103 id
846 2065 983 2104 facere
1004 2064 1166 2118 possis?
1200 2078 1252 2103 an
1274 2064 1361 2104 sine
1382 2065 1544 2104 miseri-

111 2120 254 2163 cordia
274 2119 465 2161 liberales
487 2135 577 2161 esse
599 2134 680 2160 non
702 2121 955 2175 possumus?
990 2135 1073 2160 non
1102 2121 1212 2160 enim
1235 2121 1446 2175 suscipere
1466 2120 1544 2175 ipsi

113 2175 384 2232 aegritudines
417 2185 589 2232 propter
621 2176 725 2217 alios
752 2176 955 2217 debemus
975 2193 984 2217 ε
1017 2176 1089 2217 sed
1111 2177 1231 2226 alios,
1251 2177 1284 2216 si
1305 2191 1545 2241 possumus,

111 2232 246 2274 levare
280 2233 545 2289 aegritudine.
606 2233 855 2274 Obtrectare
891 2248 987 2273 vero
1017 2233 1151 2283 alteri,
1189 2241 1261 2273 aut
1295 2233 1367 2273 illa
1397 2233 1590 2274 vitiosab.

112 2290 396 2342 aemulatione,
433 2305 528 2354 quae
561 2289 756 2331 rivalitati
788 2290 934 2330 similis
959 2299 1037 2335 est,
1069 2290 1254 2330 aemulari
1288 2289 1390 2345 quid
1421 2290 1549 2330 habet

113 2346 319 2398 utilitatis,
336 2361 433 2388 cum
455 2346 508 2387 sit
529 2346 779 2396 aemulantis,
801 2346 900 2401 angi
918 2346 1053 2386 alieno
1072 2346 1199 2396 bono,
1219 2346 1363 2401 quod
1354 2360 1442 2401 lpse
1464 2361 1550 2390 non

114 2402 291 2444 habeat:
321 2403 596 2445 obtrectantis
617 2412 774 2453 autem,
791 2403 890 2459 angi
913 2403 1049 2443 alieno
1070 2403 1200 2453 bono,
1221 2402 1337 2458 quod
1356 2402 1399 2443 id
1420 2403 1549 2443 etiam

158 2541 196 2564 85
221 2532 251 2562 in
272 2532 562 2571 morbis—morbosos]
586 2532 743 2562 Neutram
767 2531 810 2560 le·-
855 2531 1029 2566 Bendeius,
1055 2530 1231 2559 Buherius:
1260 2529 1316 2568 qui
1339 2528 1493 2567 quoniam
1517 2528 1550 2558 in

115 2577 255 2606 ctionem
276 2586 383 2606 veram
406 2576 525 2614 colligit
546 2577 708 2611 Davisius,
725 2576 812 2614 quod
854 2574 916 2604 Ms.
933 2574 1044 2613 reperit
1066 2584 1193 2609 morosos,
1211 2573 1346 2610 recipere
1370 2581 1434 2600 non
1458 2572 1551 2601 dubi-

116 2618 231 2648 falsum
247 2625 293 2649 est
311 2620 476 2648 iracundos
497 2619 556 2648 dici
578 2619 721 2648 morbosos.
746 2618 811 2656 ipse
853 2618 926 2648 tavi.

115 2662 247 2691 correxit
269 2673 384 2692 morosos
407 2668 438 2690 et
460 2662 532 2690 inde
554 2662 584 2690 in
606 2661 739 2691 moribus.
762 2670 807 2690 sc.
896 2665 934 2690 86
961 2658 1041 2689 Utile
1064 2665 1104 2687 est
1126 2656 1216 2696 enim]
1236 2657 1307 2687 Hoc
1324 2664 1370 2686 est
1385 2657 1550 2687 adversarii

116 2705 280 2735 iracundos
302 2714 442 2735 morosos
462 2705 572 2741 dictos,
588 2705 680 2734 docet
702 2712 733 2734 et
754 2704 809 2733 Se·
850 2703 1027 2741 objicientis
1057 2701 1226 2731 utilitatem
1255 2706 1406 2730 motuum
1438 2700 1549 2729 aninu'.

117 2756 194 2777 neca
210 2747 247 2777 de
263 2748 310 2778 Ira
327 2749 353 2786 1,
371 2755 400 2778 4.
417 2747 559 2787 probavit
579 2747 807 2778 correctionem
852 2756 906 2785 pro
920 2751 1012 2784 potest
1029 2745 1144 2775 melius
1159 2744 1198 2774 sit
1209 2743 1309 2782 possit.
