1778 3095
229 133 309 167 402
611 125 690 165 DE
718 124 985 166 NATURA
1012 127 1280 168 DEORUM

229 236 434 291 cepimus.
462 249 547 277 non
567 235 680 276 enim
710 236 929 278 hominum
959 237 1129 280 interitu
1160 235 1377 279 sententiae
1397 249 1567 293 quoque
1586 249 1661 279 oc-

230 293 406 334 cidunt:
439 293 513 333 sed
543 292 683 333 lucem
714 294 895 335 auctoris
926 295 1100 336 fortasse
1132 294 1394 335 desiderant:
1426 302 1474 334 ut
1501 294 1626 335 haec
1616 309 1659 335 m

230 348 501 405 philosophia
531 349 638 390 ratio
672 358 819 391 contra
853 351 995 391 omnia
1026 351 1268 401 disserendi,
1296 349 1539 405 nullamque
1570 365 1661 392 rem

231 419 330 460 aper
335 415 374 446 te
403 405 636 461 judicandi,
668 406 857 461 profecta
888 421 912 447 a
945 408 1132 458 Socrate,
1162 407 1337 470 repetita
1371 406 1424 447 ab
1456 406 1662 457 Arcesila,

231 462 478 503 confirmata
507 475 532 502 a
569 462 800 513 Carneade,
834 478 966 518 usque
997 464 1050 504 ad
1082 474 1267 505 nostram
1302 462 1435 517 riguit
1463 470 1663 514 aetatem5

231 532 359 573 quun
383 532 492 558 nuuc
512 519 821 573 propemodum
841 520 987 560 orbam
1016 535 1105 561 esse
1135 521 1176 561 ΞΞΞ
1207 521 1296 576 ipsa
1325 519 1490 560 Graecia
1509 518 1664 559 intelli-

230 589 304 628 go.
336 574 451 629 quod
473 590 555 615 nou
575 575 818 616 Academia:
848 576 959 625 vitio.
983 576 1054 616 scd
1085 576 1280 618 tarditate
1310 575 1531 616 hominum
1551 574 1662 616 arbi-

232 640 321 671 tior
351 631 592 685 contigisse.
625 634 736 672 Nam
766 631 799 672 si
833 631 1019 686 singulas
1047 632 1285 687 disciplinas
1316 632 1542 687 percipere,
1569 645 1664 672 ma-

231 700 366 741 gnum
402 696 493 728 est:
526 698 684 743 quanto
717 687 852 742 majus
884 702 1057 728 ornnes.
1093 688 1208 743 quod
1244 690 1379 729 facere
1414 689 1463 730 iis
1494 701 1664 729 necesse

232 754 310 794 est,
333 744 486 799 quibus
517 744 781 798 propositum
813 753 891 793 est,
912 744 995 784 ieri
1027 744 1257 799 reperiendi
1287 759 1425 796 causa,
1447 753 1489 785 et
1518 752 1669 785 contra

175 811 219 841 12
234 815 378 840 onmes
400 800 691 855 philosophos,
712 809 754 840 et
775 815 850 854 pro
872 800 1068 840 omnibus
1088 800 1240 841 dicei-,e
1301 801 1435 857 Cujus
1455 801 1516 842 rei
1536 809 1666 842 tantae

191 857 221 889 b.
235 866 404 912 tamque
425 856 604 896 difficilis
628 856 873 897 facultatem
901 866 1176 898 consecutum
1209 870 1297 897 esse
1328 871 1397 898 me
1423 872 1508 898 non
1535 856 1666 914 profi·

232 922 350 954 teor:
381 921 573 953 secutum
605 926 695 953 esse
727 928 812 968 prce
843 927 911 953 me
941 913 1044 954 fero.
1104 914 1198 954 Nec
1230 921 1374 953 tamen
1399 913 1486 954 fieri
1512 921 1670 965 potest,

231 978 293 1019 ut,
323 970 396 1024 qui
429 969 505 1009 hac
537 969 657 1009 sitio·
661 984 698 1010 ie
729 969 1097 1024 philosonhentur,
1128 970 1155 1009 ii
1186 969 1291 1011 nihil
1322 969 1518 1019 habeant,
1549 968 1667 1025 quod

233 1034 475 1080 scqumtur.
534 1026 711 1066 Dictum
746 1036 808 1067 est
840 1041 955 1066 οΞΞΞΞΞΞ
961 1041 1013 1067 no
1044 1026 1123 1067 hae
1153 1026 1206 1066 de
1233 1040 1277 1066 re
1300 1032 1337 1057 16
1351 1026 1434 1066 alio
1454 1026 1550 1067 loco
1571 1026 1668 1067 dili-

231 1083 427 1137 gentius:
458 1082 532 1123 sed
553 1082 651 1138 quia
671 1083 792 1123 nimis
814 1082 1015 1123 indociles
1036 1082 1223 1145 quidam,
1245 1082 1438 1146 tardique
1461 1090 1572 1133 sunt,
1591 1081 1667 1123 ad-

233 1139 432 1180 monendi
464 1139 656 1180 videntur
685 1139 851 1194 saepius.
882 1153 966 1179 non
998 1153 1109 1179 emm
1143 1154 1287 1180 sumus
1318 1154 1360 1189 ΞΞ,
1382 1139 1535 1194 quibus
1564 1138 1669 1180 nihil

231 1209 373 1237 verum
393 1210 484 1236 esse
504 1195 721 1236 videatui:
753 1195 855 1235 scd
846 1195 889 1246 ΞΞ,
911 1195 983 1250 qui
1004 1195 1201 1236 omnibus
1221 1196 1325 1236 veris
1347 1195 1452 1236 falsa
1471 1195 1668 1250 quaedam

231 1251 432 1308 adjuncta
451 1267 541 1293 esse
562 1252 767 1303 dicamus,
787 1260 904 1292 tanta
923 1251 1212 1302 similitudine,
1232 1259 1282 1292 ut
1300 1251 1342 1291 in
1362 1251 1412 1292 iis
1433 1251 1547 1308 nulla
1568 1251 1668 1293 insit

232 1318 346 1349 certa
368 1308 604 1364 judicandi,
626 1317 669 1349 et
696 1307 948 1349 assentiendi
980 1316 1096 1348 nota
1126 1322 1177 1348 ex
1197 1322 1282 1364 quo
1303 1305 1476 1348 exsistit
1481 1306 1523 1348 et
1545 1301 1667 1359 illud,

232 1365 368 1405 multa
400 1379 491 1406 esse
523 1365 783 1429 probabilia·
816 1379 911 1419 quae
940 1379 1199 1420 quamquam
1230 1379 1315 1404 non
1340 1363 1675 1419 perciperentur,

233 1430 389 1471 tamen,
424 1429 459 1458 17
478 1421 577 1478 quia
609 1436 740 1462 usum
777 1421 980 1462 haberent
1013 1420 1223 1477 quendam
1254 1421 1466 1476 insignem
1497 1430 1541 1463 et
1570 1421 1670 1463 illu·

234 1487 380 1528 strem,
400 1478 465 1519 his
487 1477 685 1533 sapientis
707 1478 789 1519 vita
808 1489 1038 1533 regeretur.

185 1534 221 1588 6
291 1535 376 1575 Sed
400 1534 507 1599 jam,
537 1544 585 1575 ut
616 1535 733 1575 omni
764 1549 832 1575 me
862 1534 1016 1575 invidia
1044 1533 1236 1586 liberem,
1264 1547 1421 1589 ponam
1451 1532 1494 1574 in
1526 1532 1674 1575 medio

175 1615 219 1646 13
235 1592 460 1632 sententias
495 1590 849 1647 philosophorum
884 1591 937 1632 de
972 1598 1122 1631 natura
1154 1590 1344 1631 deorum.
1375 1604 1461 1646 quo
1495 1589 1672 1645 quidem

233 1647 329 1688 loeo
359 1646 618 1697 convocandi
650 1662 797 1688 omnes
826 1647 1031 1697 videntur,
1054 1656 1090 1679 18
1107 1647 1192 1703 qui,
1214 1662 1309 1702 quae
1328 1646 1382 1687 sit
1399 1660 1543 1687 earum
1563 1660 1675 1695 νετᾶ,

223 1703 433 1759 judicent.
490 1704 602 1744 Tum
623 1703 796 1744 demum
827 1704 931 1744 mihi
961 1718 1116 1758 procax
1136 1702 1370 1744 Academia
1389 1702 1611 1752 videbitur,
1631 1702 1669 1743 si.

231 1770 306 1801 aut
326 1759 616 1812 consenserint
635 1774 796 1823 omnes,
820 1768 858 1794 19
872 1768 945 1802 aut
964 1760 1043 1801 erit
1062 1761 1252 1800 inventus
1273 1759 1438 1814 aliquis,
1459 1758 1548 1814 qui,
1568 1756 1672 1814 quid

231 1831 375 1857 verum
406 1817 473 1867 sit,
503 1816 716 1858 invenerit.
778 1817 926 1873 Itaque
953 1816 1062 1857 mihi
1081 1816 1186 1858 libet
1205 1814 1459 1867 exclamare,
1476 1823 1517 1848 20
1531 1823 1580 1857 ut
1599 1813 1672 1856 ille

232 1873 274 1914 ΞΞΞ
294 1873 560 1930 Synephebis
579 1890 590 1913 ι

340 1951 409 1987 Pro
428 1949 539 1995 dadin,
553 1951 766 2002 popularium
784 1952 941 1996 omnium,
961 1959 998 1983 21
1013 1951 1159 1989 omnium
1176 1949 1431 1987 adolescentium

343 2003 473 2047 Clamo,
486 2005 631 2055 postule,
650 2004 790 2049 obsecro,
809 2019 875 2049 oro,
887 2006 992 2057 ploro,
1011 2012 1113 2056 atque
1130 2004 1263 2056 imploro
1268 2002 1393 2049 fidem.

235 2091 319 2119 non
339 2077 547 2119 levissima
568 2077 620 2119 de
641 2093 700 2130 re,
720 2088 770 2120 ut
792 2079 982 2136 queritur
1001 2079 1085 2130 ille,

341 2159 430 2196 Fieri
448 2159 483 2194 in
503 2159 816 2208 civitatefizcinora
835 2161 1026 2211 capitalia:

340 2212 397 2250 Ab
417 2212 522 2250 amico
539 2219 676 2250 amante·
693 2223 871 2264 argentum
890 2214 1035 2265 αισὶρενε
1055 2213 1212 2251 meretrix
1229 2225 1292 2249 non
1308 2210 1417 2249 vult.-

279 2349 316 2374 16
333 2343 391 2373 alio
407 2342 477 2381 Ioco]
495 2344 593 2374 Acad.
610 2343 667 2380 IV,
684 2350 736 2375 31.
755 2354 781 2374 s.

1017 2346 1117 2375 ‘Jo'ut
1144 2343 1258 2374 Statius
1285 2342 1315 2372 in
1340 2340 1530 2382 Synephebis]
1556 2343 1671 2374 Statius

278 2394 313 2422 17
342 2387 413 2428 quia
435 2386 533 2416 visum
559 2386 694 2416 haberent
718 2397 747 2428 q.
771 2384 930 2427 insignem]

975 2387 1064 2417 abest
1084 2397 1103 2417 a
1126 2387 1204 2417 Mss.
1227 2386 1434 2425 quibusdam,
1451 2385 1546 2415 etiam
1564 2386 1673 2420 GuelL

233 2430 389 2460 Buherius
425 2429 551 2468 corrigit
585 2440 679 2466 usum,
717 2430 793 2468 quia
831 2430 929 2458 visum

233 2482 402 2511 nunquam
417 2472 574 2511 significet
589 2474 729 2511 speciem
742 2473 806 2502 veri
819 2484 825 2500 :
843 2472 930 2511 quod

232 2516 329 2544 miror
344 2515 404 2544 dici
427 2524 517 2554 posse
539 2515 579 2544 ab
600 2525 651 2551 eo,
667 2515 722 2554 qui
737 2515 930 2545 Academica

232 2558 352 2596 legerit,
369 2558 424 2587 ubi
448 2558 509 2586 hoc
533 2567 614 2597 saepe
637 2558 786 2594 occurrit,
803 2564 838 2587 ut
862 2567 931 2586 mo-

232 2601 305 2631 nuit
319 2600 414 2630 etiarn
431 2600 577 2629 Davisius
594 2601 630 2630 ad
648 2601 682 2630 h.
699 2600 720 2630 1.
737 2601 769 2630 in
786 2601 834 2630 ed.
850 2605 880 2630 3.

278 2650 316 2673 18
334 2643 384 2683 qui
394 2641 546 2683 judicent]
565 2643 586 2673 i.
601 2653 629 2672 e.
645 2644 701 2682 qui
719 2643 862 2681 judicare
877 2651 930 2676 ve,-

232 2685 302 2720 lint‚
320 2685 369 2714 vel
385 2686 532 2715 audeant.

277 2736 315 2761 19
338 2735 392 2756 aut
417 2727 474 2756 erit
497 2726 645 2765 inventus]
668 2727 816 2758 Davisius
839 2727 931 2757 malit

220 2772 334 2812 faerit.
361 2781 426 2800 non
453 2777 498 2800 est
523 2779 660 2800 neccsse.
691 2780 768 2800 nam
795 2771 931 2800 inventus

232 2814 288 2844 erit
311 2821 357 2843 est
381 2814 526 2843 futurum
551 2813 761 2853 conjunctivi,
777 2814 862 2854 quod
885 2819 932 2844 est

231 2858 339 2889 futuro
353 2858 557 2899 praeteritum.

972 2430 1150 2469 delevitque
1166 2429 1323 2459 Davisius.
1347 2434 1377 2457 et
1395 2427 1446 2457 alii
1467 2427 1537 2458 libri
1554 2429 1674 2460 habent

972 2472 1115 2509 Plautus,
1136 2471 1189 2502 alii
1203 2470 1368 2501 Terentius
1385 2482 1391 2499 z
1415 2471 1498 2509 quod
1521 2473 1671 2511 ostendit,

973 2524 1094 2545 nomen
1110 2524 1174 2544 esse
1190 2523 1208 2543 a
1223 2513 1403 2552 glossatore.
1436 2512 1586 2545 Ceterum
1602 2514 1677 2545 Sta..

973 2558 1035 2587 tius
1051 2566 1126 2587 sane
1147 2557 1271 2595 scripsit
1293 2556 1435 2585 fabulam
1459 2556 1522 2586 hoc
1538 2558 1671 2589 nomine

972 2610 990 2630 e
1020 2600 1199 2629 Menandro
1221 2600 1363 2628 ductam.
1386 2599 1461 2637 quia
1487 2605 1594 2630 tamen
1623 2601 1679 2630 sic.

973 2643 1040 2672 hiat
1064 2642 1175 2678 oratio,
1198 2642 1300 2671 addidi
1324 2651 1342 2671 e
1369 2642 1432 2671 Ms.
1458 2641 1530 2672 Urs.
1554 2641 1615 2672 ille.
1640 2650 1673 2675 et

974 2695 1040 2715 non
1055 2685 1171 2715 Statius
1187 2685 1245 2714 ista
1259 2693 1317 2713 suo
1334 2684 1465 2714 nomine
1480 2684 1570 2715 dixit.

1016 2735 1053 2758 21
1082 2728 1206 2756 omnium
1233 2725 1369 2766 adolescu]
1398 2727 1518 2766 Repetii
1546 2726 1669 2763 omnium

973 2780 1051 2801 cum
1066 2771 1208 2806 Davisio,
1226 2777 1262 2799 ut
1284 2769 1403 2809 placuit
1422 2770 1517 2800 etiam
1534 2769 1669 2802 Mamer.

974 2813 1151 2846 Gulielmio
1166 2814 1205 2845 ad
1220 2812 1416 2854 explendum
1432 2821 1570 2849 versum»
