1778 3095
497 107 679 144 LIBER
718 106 1112 145 SINGULARIS.
1438 108 1515 154 609

94 220 142 254 ut
161 212 195 255 is
215 211 318 270 i'pse,
338 213 409 270 qui
431 213 483 255 ad
504 228 553 253 ea
573 227 803 267 propensus
826 213 964 262 fuerit,
985 228 1009 253 a
1030 212 1155 254 tantis
1176 212 1282 253 vitiis
1302 220 1513 264 avocetur,

93 284 177 310 non
209 281 272 312 est
305 270 346 311 id
371 270 554 326 positum
592 269 631 308 in
663 268 922 309 naturalibus
952 270 1100 318 causis,
1121 269 1194 310 sed
1218 269 1260 308 in
1286 268 1512 320 voluntate,

92 327 246 377 studio,
269 327 498 381 disciplina.
530 340 623 380 quae
646 324 850 365 tolluntur
876 326 1030 375 omnia,
1052 326 1085 365 si
1118 325 1189 376 vis,
1208 334 1250 365 et
1268 333 1414 365 natura
1436 326 1511 366 fati

90 395 141 422 ex
161 383 423 424 divinationis
448 382 606 423 ratione
637 380 881 421 firmabitur.
940 381 1107 420 Etenim
1143 382 1177 421 si
1206 389 1270 421 est
1298 375 1556 432 divinatio,6

89 439 379 492 qualibusnam
400 454 423 479 a
442 438 645 493 perceptis
667 438 764 478 artis
785 437 1087 491 proficiscitur?
1110 446 1307 492 percepta
1327 437 1510 491 appello,

89 509 183 549 quae
206 496 402 536 dicuntur
422 496 568 535 Graece
589 494 819 549 θεωρήματα.
862 495 961 533 Non
984 492 1094 532 enim
1116 493 1257 542 credo,
1280 493 1397 533 nullo
1415 508 1509 548 per·
1521 502 1552 532 b.

87 560 212 606 cepto
232 562 303 593 aut
323 562 483 592 ceteros
505 550 680 591 artifices
703 549 851 591 versari
874 549 913 589 in
935 564 1012 589 suo
1033 564 1219 599 munere,
1238 558 1309 589 aut
1329 564 1416 600 eos,
1439 550 1511 605 qui

87 605 336 648 divinatione
358 616 541 657 utantur,
562 608 702 648 futura
722 606 959 661 praedicere.
997 606 1104 646 Sunt
1124 605 1254 660 igitur
1273 605 1511 661 astrologo·
1527 618 1571 650 12

86 677 178 703 rum
200 672 396 718 percepta
417 663 673 719 hujusmodi.
716 664 759 703 Si
782 662 887 718 quis,
908 662 1021 702 verbi
1041 677 1180 712 causa,
1201 661 1360 702 oriente
1381 661 1510 703 Cani-

87 719 182 759 cula
200 730 320 760 natus
342 730 418 770 est,
440 721 472 760 is
502 721 544 760 in
573 720 676 760 mari
698 735 781 760 non
803 718 1016 759 morietur.
1074 718 1232 773 Vigila,
1258 717 1510 773 Chrysippe,

86 789 138 815 ne
157 785 272 816 tuam
293 791 476 825 causam,
495 777 534 817 in
555 791 635 831 qua
654 776 728 816 tibi
752 791 847 816 curn
869 775 1078 825 Diodoro,
1094 775 1256 816 valente
1273 774 1510 825 dialectico,

84 845 236 886 magna
267 832 443 874 luctatio
473 843 550 883 est,
581 833 757 873 deseras.
818 832 860 872 Si
890 832 1001 872 enim
1031 846 1172 872 verum
1203 841 1280 881 est,
1307 831 1422 886 quod
1450 832 1511 872 ita

84 889 359 935 connectitur,
383 890 425 929 Si
456 890 547 944 quis
577 890 735 929 oriente
765 887 969 928 Canicula
994 897 1114 928 natus
1140 897 1217 938 est,
1239 888 1278 928 in
1303 888 1407 928 mari
1428 902 1509 928 non

82 945 307 986 morietur:
330 945 430 985 illud
454 960 619 1001 quoque
637 959 774 985 verum
793 954 870 993 est,
891 944 934 984 Si
957 944 1106 984 Fabius
1127 944 1285 985 oriente
1307 944 1511 985 Canicula

83 1010 205 1041 natus
226 1012 302 1051 est,
326 1002 477 1042 Fabius
507 1002 548 1042 in
575 1002 679 1041 mari
700 1016 783 1041 non
802 1000 1018 1041 morietur.
1081 1002 1275 1055 Pugnant
1294 1015 1398 1056 ergo
1418 1000 1510 1041 haec

81 1055 188 1097 inter
209 1072 267 1108 se,
292 1058 463 1098 Fabium
486 1059 645 1099 oriente
665 1057 854 1098 canicula
875 1065 1016 1097 natum
1041 1071 1145 1106 esse,
1167 1066 1210 1097 et
1237 1057 1278 1097 in
1304 1058 1406 1097 mari
1432 1058 1509 1098 Fa-

80 1112 195 1153 bium
218 1115 465 1155 moriturum
486 1132 495 1155 :
527 1123 569 1155 et
590 1115 788 1169 quoniam
811 1123 969 1154 certum
1003 1114 1046 1154 in
1081 1113 1209 1154 Fabio
1235 1113 1419 1168 ponitur,
1441 1129 1509 1154 or-

81 1178 171 1209 tum
203 1185 291 1211 esse
320 1185 418 1211 eum
453 1171 655 1211 Canicula
682 1171 871 1219 oriente3
904 1170 994 1210 haec
1025 1185 1192 1226 quoque
1229 1180 1434 1225 pugnant,
1467 1179 1509 1212 et

81 1239 170 1266 esse
194 1227 381 1278 Fabium,
401 1237 441 1268 et
461 1228 501 1268 in
522 1227 624 1268 mari
646 1228 908 1268 moriturum.
970 1228 1084 1282 Ergo
1106 1227 1196 1267 haec
1216 1241 1385 1281 quoque
1405 1241 1508 1267 con-

73 1280 240 1336 junctio
258 1293 319 1324 est
340 1299 390 1323 ex
412 1284 757 1339 repugnantibus,
776 1292 818 1324 et
837 1292 900 1323 est
921 1283 1087 1333 Fabius,
1106 1292 1149 1323 θῖ
1169 1284 1208 1323 in
1230 1283 1335 1323 mari
1356 1283 1508 1324 Fabius

79 1339 310 1381 morietur:
343 1341 458 1395 quod
485 1352 533 1381 ut
564 1340 825 1396 propositum
861 1349 937 1389 est,
961 1354 1010 1379 ne
1043 1340 1128 1380 fieri
1159 1339 1328 1394 quidem
1352 1348 1507 1394 potest.

78 1394 194 1450 Ergo
217 1395 336 1446 illud,
356 1397 567 1438 Morietur
586 1397 627 1437 in
649 1397 753 1436 mari
786 1396 950 1446 Fabius,
971 1411 1020 1436 ex
1045 1410 1095 1437 eo
1120 1410 1275 1450 genere
1295 1406 1371 1445 est,
1393 1396 1509 1451 quod

78 1450 165 1492 fieri
187 1467 268 1493 non
289 1462 443 1508 potest.
483 1454 621 1497 Omne
642 1453 784 1508 igitur,
806 1452 920 1508 quod
943 1453 1093 1493 falsum
1115 1453 1268 1493 dicitur
1288 1452 1329 1492 in
1349 1453 1507 1504 futuro,

75 1507 119 1548 id
150 1508 235 1548 fieri
265 1524 349 1549 non
380 1518 530 1564 potest.
589 1511 649 1550 At
671 1510 766 1560 hoc,
790 1509 1043 1564 Chrysippe,
1064 1509 1236 1549 minime
1258 1509 1339 1549 vis:
1372 1509 1504 1549 maxi·
1521 1501 1552 1554 7

74 1578 229 1619 meque
251 1566 327 1605 tibi
347 1566 399 1606 de
420 1566 501 1607 hoc
522 1567 612 1621 ipso
633 1581 729 1607 cum
752 1565 945 1606 Diodoro
967 1575 1177 1606 certamen
1197 1574 1273 1606 est.
1304 1565 1373 1606 ille
1393 1566 1502 1606 enim
1524 1575 1565 1606 13

74 1619 119 1660 id
141 1621 277 1662 solum
296 1622 381 1662 fieri
403 1637 526 1676 posse
546 1622 660 1671 dicit,
676 1623 790 1677 quod
812 1632 883 1662 aut
905 1623 956 1662 sit
977 1637 1133 1672 verum,
1151 1631 1224 1663 aut
1244 1622 1432 1662 futurum
1453 1622 1507 1663 sit

72 1691 215 1717 verum
239 1694 246 1717 :
280 1688 335 1727 et,
356 1678 563 1734 quidquid
590 1679 780 1719 futurum
816 1679 882 1728 sit,
904 1678 945 1718 id
976 1678 1077 1719 dicit
1099 1678 1184 1718 fieri
1205 1692 1374 1719 necesse
1397 1693 1502 1729 esse,

74 1741 130 1783 et,
155 1733 359 1789 quidquid
389 1750 471 1775 non
501 1736 555 1775 sit
585 1735 790 1784 futurum,
820 1735 861 1775 id
894 1743 1023 1790 negat
1050 1734 1137 1775 fieri
1164 1749 1303 1789 posse.
1361 1735 1442 1784 Tu,
1463 1745 1507 1776 et

75 1804 169 1845 quae
202 1805 283 1830 non
315 1791 396 1831 sint
427 1791 582 1842 futura,
602 1806 725 1846 posse
757 1792 843 1831 fieri
873 1791 991 1842 dicis,
1010 1800 1058 1832 ut
1088 1791 1225 1847 frangi
1254 1791 1360 1831 hanc
1384 1805 1508 1846 gem-

74 1860 204 1896 mam,
224 1846 349 1887 etiam
380 1847 413 1887 si
444 1847 486 1888 id
516 1862 744 1902 numquam
774 1847 962 1888 futurum
984 1848 1064 1888 sit:
1096 1861 1230 1902 neque
1251 1861 1418 1888 necesse
1437 1848 1504 1888 fu-

73 1902 153 1943 isse
192 1902 426 1959 Cypselum
465 1918 640 1958 regnare
673 1903 881 1953 Corinthi,
913 1918 1169 1959 quamquam
1204 1903 1247 1944 id
1279 1903 1506 1944 millesimo

73 1968 169 1999 ante
189 1974 300 2000 anno
321 1960 530 2015 Apollinis
552 1960 721 2001 oraculo
741 1960 899 2000 editum
922 1968 1042 2000 esset.
1074 1960 1135 2000 At
1152 1960 1186 2000 si
1206 1960 1287 2001 ista
1304 1974 1504 2015 compro-

73 2016 193 2056 babis
215 2016 351 2056 divina
371 2017 592 2071 praedicta3
617 2027 658 2058 et
680 2032 773 2072 quae
795 2017 899 2057 falsa
918 2017 958 2056 in
980 2016 1130 2057 futuris
1151 2017 1356 2066 dicentur,
1373 2017 1415 2056 in
1438 2017 1502 2057 his

70 2071 291 2122 habemus,
312 2082 360 2113 ut
390 2088 439 2114 ea
466 2073 552 2114 fieri
584 2089 666 2113 non
698 2073 858 2128 possint
878 2089 886 2112 :
915 2082 976 2123 ut,
998 2074 1030 2113 si
1054 2073 1230 2122 dicatur,
1252 2072 1500 2113 Africanum
1514 2085 1543 2115 P·
1560 2083 1631 2107 143·

70 2128 330 2184 Karthagine
352 2129 585 2184 potiturum
603 2147 611 2171 :
635 2140 678 2171 et
699 2130 731 2170 si
754 2144 844 2170 vere
865 2129 1027 2170 dicatur
1047 2129 1098 2169 de
1120 2129 1276 2179 futuro,
1297 2129 1424 2184 idque
1444 2130 1504 2171 ita
1515 2128 1546 2149 a.

70 2184 258 2226 futurum
293 2186 358 2236 sit,
392 2186 504 2226 dicas
533 2201 623 2227 esse
655 2186 948 2227 necessarium.
989 2201 1082 2240 quae
1114 2194 1178 2226 est
1204 2194 1294 2226 tota
1321 2185 1504 2227 Diodori

70 2241 186 2281 vobis
216 2242 384 2282 inimica
414 2243 628 2283 sententia.
704 2243 870 2283 Etenim
902 2243 935 2282 si
965 2242 1069 2283 illud
1097 2256 1190 2282 vere
1221 2243 1499 2294 connectitur,
1519 2250 1566 2282 14

69 2298 115 2338 Si
133 2299 294 2339 oriente
319 2298 522 2339 Canicula
543 2309 662 2340 natus
684 2314 742 2349 es,
760 2300 802 2339 in
822 2299 927 2339 mari
948 2313 1031 2338 non
1051 2299 1239 2339 morieris
1256 2316 1272 2339 r
1298 2299 1503 2353 primum-

71 2368 152 2409 que
174 2355 290 2409 quod
322 2356 361 2395 in
396 2370 598 2406 connexo,
620 2357 757 2397 Natus
780 2370 822 2396 es
845 2356 1006 2396 oriente
1035 2355 1251 2405 Canicula,
1273 2355 1500 2396 necessari-

69 2425 144 2451 um
166 2420 254 2452 est:
291 2413 448 2465 (omnia
477 2412 589 2452 enim
620 2427 714 2453 vera
742 2412 782 2452 in
812 2412 1046 2467 praeteritis,
1069 2411 1301 2452 necessaria
1322 2421 1432 2462 sunt,
1454 2422 1502 2453 ut

72 2466 315 2522 Chrysippo
337 2468 489 2523 placet,
509 2468 769 2510 dissentienti
786 2484 810 2509 a
826 2469 1029 2524 magistro
1048 2468 1269 2518 Cleanthe,
1287 2468 1384 2524 quia
1403 2477 1500 2509 sunt

69 2523 363 2574 immutabilia,
380 2539 455 2566 nec
477 2526 517 2566 in
537 2526 688 2567 falsum
707 2540 730 2566 e
747 2540 843 2566 vero
860 2525 1070 2580 praeterita
1091 2534 1267 2579 possunt
1284 2525 1468 2565 converti
1488 2542 1498 2565 :

71 2580 105 2621 si
128 2580 268 2635 igitur,
290 2581 403 2634 quod
424 2583 605 2636 primum
635 2583 677 2623 in
711 2596 901 2622 connexo
926 2591 1002 2631 est,
1025 2581 1302 2622 necessarium
1333 2591 1420 2621 est:
1454 2581 1500 2621 fit

68 2637 212 2686 etiam,
234 2635 348 2692 quod
369 2638 569 2692 sequitur,
590 2639 882 2680 necessarium.
940 2640 1212 2695 Quamquam
1242 2638 1324 2677 hoc
1356 2636 1498 2692 Chry-

70 2693 192 2748 sippo
215 2707 297 2733 non
318 2692 477 2735 videtur
497 2695 630 2735 valere
655 2695 697 2735 in
723 2695 933 2735 omnibus.
994 2695 1076 2735 Sed
1096 2705 1249 2741 tamen,
1273 2692 1305 2732 si
1328 2702 1496 2732 natura-

71 2749 123 2790 lis
144 2758 208 2790 est
227 2763 366 2800 causa,
387 2764 461 2790 cur
489 2749 530 2790 in
562 2752 664 2793 mari
696 2751 848 2791 Fabius
879 2766 963 2791 non
992 2751 1207 2798 moriatur,
1228 2749 1269 2787 in
1291 2748 1394 2788 mari
1418 2749 1495 2788 Fa·
1510 2758 1542 2806 8

71 2805 164 2848 bius
196 2806 305 2847 mori
336 2820 419 2847 non
446 2815 600 2862 potest.
659 2808 758 2848 Hoc
784 2806 879 2848 loco
906 2807 1171 2862 Chrysippus
1195 2813 1388 2854 aestuans,
1408 2803 1495 2845 falli
1513 2833 1556 2866 15

128 2874 243 2905 VOL·
267 2875 336 2904 IV.
359 2876 397 2904 Ρ.
423 2876 454 2904 1.
852 2876 879 2902 R
902 2877 921 2901 ῐ·
