1778 3095
4 0 326 7 *mm--
349 3 405 8 ⁷-
424 0 1778 37 ²²²⁶*—

244 208 325 251 470
634 213 711 252 DE
739 215 1000 255 NATURA
1029 217 1300 256 DEORUM

244 316 414 370 cendat,
444 319 509 361 his
540 320 761 378 interjecta
789 325 904 366 ,lovis
935 326 1131 378 illustret,
1163 336 1206 368 et
1234 334 1457 382 temperet,
1487 326 1677 384 infraque

245 374 434 416 Martem
468 376 564 418 duae
596 379 685 420 Soli
716 381 927 432 obediant,
951 383 1039 438 ipse
1070 385 1142 425 Sol
1174 384 1379 425 mundum
1410 397 1579 424 omnem
1604 398 1680 426 sua

244 429 341 472 luce
376 433 600 488 compleat,
636 436 688 476 ab
723 452 858 493 eoque
893 441 1014 481 Luna
1048 441 1282 481 illuminata
1316 439 1600 495 grax'iditate8‚
1635 449 1680 482 ct

244 498 389 543 partus
408 490 567 541 afferat,
588 494 934 551 maturitatesque
963 498 1180 551 gignendi.
1240 499 1349 553 Quae
1375 495 1591 552 copulatio
1611 511 1678 537 re-

246 559 356 594 rum,
376 554 418 586 et
440 548 559 602 quasi
578 551 841 592 consentiens
859 552 911 592 ad
930 553 1075 594 mundi
1096 554 1426 595 incolumitatem
1447 567 1679 608 coagmen-

246 601 351 642 tatio
374 612 548 666 naturae,
570 621 694 660 quem
719 622 802 648 non
822 619 991 659 movet3
1022 609 1134 650 hunc
1164 610 1315 651 horum
1346 610 1449 650 nihil
1476 624 1679 665 umquam

246 667 501 712 reputavlsse
522 671 637 702 certo
659 662 760 703 scio.

163 709 232 762 47
304 723 343 747 29
358 715 454 770 Age
476 725 523 757 ut
542 732 566 757 a
586 719 826 759 coelestibus
847 720 971 761 rebus
992 720 1043 761 ad
1065 729 1279 763 terrestres
1305 722 1516 767 veniamus
1535 740 1545 775 3
1577 721 1681 777 quid

161 779 311 814 120est
340 771 382 811 in
416 772 493 822 his,
522 773 563 813 in
591 789 676 828 quo
710 790 792 815 non
824 786 982 817 naturae
1014 777 1119 818 ratio
1152 778 1422 834 intelligentis
1443 779 1674 833 appareat?

250 827 471 881 Principi0‚
494 843 656 880 eorum,
678 846 773 885 quae
799 832 1035 887 gignuntur
1056 848 1078 874 e
1100 842 1223 884 terra,
1243 835 1392 890 stirpes
1412 844 1452 875 et
1474 835 1681 876 stabilita-

138 883 171 914 Ρ·
185 880 236 946 ὄὲ·
250 892 334 924 tem
373 884 474 925 dant
507 885 570 935 iis,
604 901 698 941 quae
729 889 950 940 sustinent,
988 899 1028 930 et
1065 905 1113 931 ex
1145 900 1253 931 terra
1283 906 1457 932 succum
1493 892 1680 942 trahunt,

228 938 334 995 'quo
354 940 519 982 alantur
543 956 606 992 ea,
628 959 722 998 quae
755 945 963 986 radicibus
995 947 1289 988 continentur:
1327 947 1682 1003 obducunturque

245 995 370 1047 libro,
402 1005 476 1038 aut
508 999 664 1040 cortice
694 1002 846 1052 trunci,
869 1018 952 1058 quo
975 1004 1057 1044 sint
1087 1019 1111 1044 a
1140 1004 1368 1059 frigoribus
1399 1013 1440 1043 et
1469 1005 1680 1046 caloribus

245 1053 438 1095 tutiores.
496 1055 591 1096 Jam
613 1070 708 1097 vero
728 1058 830 1099 vites
853 1059 910 1100 sic
933 1060 1144 1101 claviculis
1172 1060 1442 1108 adminicula,
1464 1070 1680 1115 tamquam

245 1110 457 1160 manibus,
478 1112 814 1167 apprehendunt,
835 1124 962 1171 atque
992 1131 1035 1158 se
1067 1117 1122 1157 ita
1153 1118 1335 1173 erigunt,
1358 1126 1405 1158 ut
1434 1116 1680 1158 animantes.

245 1166 362 1222 Quin
383 1168 509 1209 etiam
531 1177 572 1202 ³0
586 1183 609 1210 a
629 1170 819 1212 caulibus
849 1173 1143 1229 brassicisque,
1165 1174 1197 1214 si
1220 1183 1391 1229 propter
1415 1173 1493 1213 sati
1516 1174 1612 1224 sint,
1633 1183 1683 1215 ut

246 1236 270 1266 a.
289 1224 513 1278 pestiferis,
534 1235 575 1267 et
597 1228 861 1279 nocentibus,
882 1230 1076 1285 refugere
1104 1230 1316 1280 dicuntur,
1335 1244 1411 1270 nec
1431 1245 1504 1270 eos
1525 1230 1610 1270 ulla
1629 1244 1682 1271 ex

160 1289 364 1334 121parte
400 1283 656 1337 contingere.
715 1285 1010 1326 Animantium
1046 1300 1140 1327 vero
1182 1296 1336 1342 quanta
1373 1287 1546 1327 varietas
1581 1288 1677 1327 est?

246 1347 403 1392 quanta
435 1338 487 1378 ad
521 1353 611 1379 eam
646 1355 734 1381 rem
768 1342 840 1392 vis,
862 1352 909 1383 ut
942 1342 983 1383 in
1014 1357 1092 1384 suo
1122 1358 1301 1399 quaeque
1333 1357 1486 1398 genere
1515 1357 1681 1398 perma-

245 1395 393 1435 neant?
427 1410 603 1450 quarum
627 1397 717 1437 aliae
737 1398 862 1439 coriis
882 1408 1005 1440 tectae
1026 1409 1137 1450 sunt,
1157 1400 1249 1440 aliae
1269 1400 1374 1440 villis
1394 1399 1568 1448 vestitae,
1588 1400 1680 1441 aliae

243 1451 371 1504 spinis
410 1451 610 1493 hirsutae:
644 1454 788 1508 pluma
823 1455 940 1506 alias,
977 1456 1077 1496 alias
1112 1471 1289 1512 squama
1322 1455 1509 1496 videmus
1542 1456 1682 1497 obdu-

245 1515 361 1548 ctas:
394 1508 494 1549 alias
525 1524 615 1550 esse
647 1511 844 1552 cornibus
873 1523 1068 1562 armatam,
1091 1514 1189 1554 alias
1222 1513 1375 1554 habere
1402 1513 1557 1567 effugia
1576 1527 1682 1568 pen-

245 1578 410 1605 narum.
472 1567 637 1606 Pastum
661 1578 802 1609 autem
824 1569 1107 1610 animantibus
1130 1571 1259 1625 large,
1277 1579 1319 1610 et
1340 1569 1512 1624 copiose
1535 1579 1683 1611 natura

245 1635 359 1672 eum,
394 1622 466 1677 qui
499 1624 653 1679 cuique
686 1635 808 1679 aptus
842 1635 945 1675 erat,
968 1628 1237 1681 comparavit.
1297 1628 1553 1667 Enumerare
1582 1640 1682 1680 pos-

245 1692 337 1718 sum
361 1678 412 1719 ad
435 1693 530 1720 euin
553 1690 719 1734 pastum
743 1682 1061 1736 capessendum,
1083 1683 1490 1736 conficiendumque,
1512 1697 1606 1737 quae
1628 1682 1683 1724 sit

244 1734 285 1776 in
307 1734 449 1789 figuris
470 1736 760 1789 animantium,
783 1748 823 1779 et
844 1754 969 1794 quam
1002 1739 1162 1790 sollers,
1185 1739 1433 1794 subtilisque
1454 1738 1682 1793 descriptio

242 1792 440 1845 partium,
478 1807 688 1848 quamque
724 1794 980 1835 admirabilis
1016 1796 1173 1836 fabrica
1205 1796 1510 1836 membrorum.
1540 1795 1684 1838 omnia

243 1847 371 1898 enim,
394 1864 487 1904 qute
520 1849 688 1905 quidem
718 1851 830 1892 intus
860 1852 1020 1892 inclusa
1049 1862 1162 1902 sunt,
1185 1852 1243 1892 ita
1264 1861 1373 1901 nata,
1394 1861 1519 1906 atque
1541 1851 1598 1891 ita
1618 1851 1682 1894 lo-,e

243 1913 336 1959 cata
357 1915 467 1955 sunt,
491 1915 537 1946 ut
559 1906 661 1947 nihil
681 1922 828 1948 eorum
861 1923 1209 1962 supervacaneum
1242 1908 1310 1958 sit,
1341 1908 1443 1953 nihil
1473 1907 1525 1950 ad
1553 1907 1682 1957 vitam

158 1971 230 2003 122
244 1961 503 2004 retinendam
537 1978 621 2003 non
659 1965 955 2005 necessarium.
1013 1964 1147 2006 Dedit
1179 1974 1320 2006 autem
1352 1964 1498 2011 eadem
1533 1970 1684 2008 natura

244 2017 377 2059 beluis
399 2028 440 2059 et
463 2033 648 2070 sensum,
667 2029 709 2060 et
729 2021 960 2076 appetitum
982 2038 992 2072 3
1024 2031 1071 2062 ut
1101 2021 1235 2062 altero
1253 2031 1454 2062 conatum
1477 2021 1684 2063 haberent

242 2073 296 2120 ad
318 2076 527 2116 naturales
559 2086 699 2131 pastus
730 2078 1022 2132 capessendos,
1044 2079 1176 2118 altero
1206 2087 1466 2125 secernerent
1486 2077 1685 2132 pestifera

243 2145 268 2172 a
298 2132 562 2173 salutaribus.
620 2134 716 2173 Jam
745 2149 840 2175 vcro
871 2135 951 2176 alia
979 2134 1175 2175 animalia
1204 2134 1453 2190 gradiendo,
1484 2134 1562 2175 alia
1596 2148 1683 2178 ser*

243 2188 383 2243 pendo
406 2189 459 2230 ad
480 2198 647 2244 pastum
668 2190 890 2242 accedunt,
911 2191 992 2234 alia
1011 2191 1205 2240 volando,
1226 2191 1305 2232 alia
1327 2191 1488 2235 nando:
1518 2190 1684 2234 cibum·.

244 2259 326 2299 que
362 2246 515 2299 partim
545 2246 628 2287 oris
662 2246 794 2297 hiatu,
826 2258 867 2288 et
897 2248 1093 2292 dentibus
1127 2248 1226 2303 ipsis
1257 2258 1496 2303 capessunt,
1527 2247 1681 2302 partim

244 2303 455 2356 unguium
478 2303 701 2344 tenacitate
731 2305 949 2360 arripiunt,
971 2305 1119 2360 partim
1153 2305 1393 2345 aduncitate
1419 2314 1648 2350 rostrorum
1670 2319 1680 2344 ε

202 2357 327 2398 b-alia
348 2368 520 2415 sugunt,
540 2360 621 2400 alia
650 2371 840 2416 carpunt,
861 2361 942 2402 alia
963 2370 1122 2411 vorant,
1149 2361 1228 2402 alia
1258 2360 1477 2401 mandunt.
1534 2359 1682 2415 Atque

246 2414 374 2457 etiam
397 2416 575 2459 aliorum
607 2431 656 2458 ea
685 2427 748 2458 est
779 2417 1007 2469 humilitas,
1029 2428 1078 2458 ut
1106 2418 1248 2459 cibum
1278 2427 1513 2458 terrestrem
1537 2416 1683 2461 rostris

161 2475 232 2508 123
248 2471 370 2512 facile
402 2473 666 2528 contingant.
726 2475 834 2530 Quae
865 2483 1005 2515 autem
1038 2474 1188 2515 altiora
1217 2483 1328 2523 sunt,
1347 2483 1396 2513 ut
1426 2487 1607 2522 anseres,
1632 2481 1682 2517 ut

247 2529 388 2582 cygni,
412 2538 457 2570 ut
473 2544 613 2585 grues,
636 2539 684 2570 ut
703 2531 878 2579 calneli3
909 2531 1158 2586 adjuvantur
1187 2530 1436 2585 proceritate
1455 2529 1681 2570 collorum.

248 2584 406 2630 Manus
438 2587 563 2626 etiam
598 2587 696 2627 data
730 2586 977 2641 elephantis,
1013 2587 1110 2643 quia
1143 2596 1314 2641 propter
1345 2585 1681 2641 magnitudinem

161 2632 232 2681 48
247 2641 434 2696 corporis
456 2641 643 2685 difficiles
665 2650 702 2674 31
719 2643 857 2684 aditus
887 2643 1100 2684 habebant
1117 2642 1169 2684 ad
1189 2652 1371 2698 pastum.
1429 2643 1506 2693 At,
1528 2642 1682 2698 quibus

289 2750 329 2776 29
345 2744 410 2783 Age
431 2751 464 2774 ut
483 2757 501 2773 a
524 2745 692 2784 coelestibus]
715 2747 846 2785 Semper
861 2747 942 2777 mihi
985 2746 1029 2777 H.
1044 2746 1087 2776 N.
1103 2747 1210 2782 XVII,
1235 2753 1286 2778 24.
1309 2747 1375 2777 odit
1393 2746 1469 2777 vitia
1484 2751 1512 2775 et
1531 2744 1640 2774 caulem
1657 2746 1686 2769 e!

244 2787 351 2817 visum
374 2793 432 2823 est,
456 2786 627 2827 legendum
651 2800 716 2820 esse
732 2790 841 2830 Atque.
865 2800 941 2820 nam
984 2789 1042 2819 olus
1058 2800 1146 2818 omne.

245 2830 310 2870 Age
325 2839 392 2860 non
407 2837 517 2869 aptum
536 2832 567 2861 h.
586 2832 607 2861 l.
1027 2839 1064 2863 31
1085 2832 1180 2861 aditus
1195 2831 1336 2860 habebant
1351 2831 1392 2860 ad
1397 2828 1528 2872 pastum]
1549 2830 1585 2860 In
1603 2831 1684 2863 Mss.

288 2880 330 2904 30
359 2884 377 2901 a
407 2873 534 2903 caulibus
565 2873 770 2916 brassicisque]
811 2873 942 2904 brassicis
984 2882 1015 2906 ct
1037 2877 1105 2905 edd.
1122 2882 1196 2905 vett.
1212 2875 1406 2914 quibusdam
1427 2881 1474 2906 est
1495 2873 1631 2913 habeant,
1649 2873 1681 2907 iu

246 2926 301 2956 pro
316 2915 418 2955 glossa
441 2917 535 2946 habet
551 2918 710 2954 Davisius,
725 2918 800 2957 quia
816 2927 835 2947 a
850 2917 943 2947 cauli·
985 2919 1048 2950 Ms,
1066 2918 1173 2949 Guelf.
1192 2918 1306 2948 babeat.

246 2959 295 2988 bus
323 2969 388 2990 non
415 2960 529 2990 differt.
551 2962 604 2992 sed
629 2967 741 2991 tamen>
763 2968 796 2991 et
821 2961 942 2991 Plinius
