1778 3095
246 131 325 162 230
562 125 634 162 DE
662 125 818 163 FINIB.
839 126 1038 164 BONOR.
1059 126 1126 164 ET
1145 127 1345 165 MALOR.

243 229 356 269 bona
374 228 470 280 sint,
489 243 635 271 eorum
658 231 918 273 conficientia
943 241 1055 273 certe
1079 232 1118 272 in
1140 233 1261 273 bonis
1290 231 1543 281 numerabis,
1563 232 1669 273 a'mi-

243 299 331 336 cos,
351 285 518 336 liberos,
536 288 810 344 propinquos,
831 288 1008 339 divitias,
1030 288 1225 339 honores,
1255 304 1369 343 opes.
1400 296 1546 328 contla
1575 289 1666 329 haec

244 349 284 374 ³³0
298 343 466 384 attende
497 359 564 384 me
594 344 697 385 nihil
727 345 890 386 dicere.
923 346 957 387 si
986 347 1066 386 ista
1090 346 1200 387 mala
1221 355 1392 395 su11t,m
1415 359 1507 399 quae
1528 354 1668 399 potest

243 399 425 441 incidere
444 400 622 455 sapiens,
643 401 869 466 sapientem
902 417 1006 466 esse,
1028 410 1065 433 ³1
1088 418 1170 443 non
1201 417 1290 443 esse
1312 402 1363 442 ad
1386 402 1507 441 beate
1529 401 1666 441 viven-

244 455 345 496 dum
368 465 480 497 sat1s.
541 459 679 498 Immo
701 473 811 508 vero,
834 459 982 514 inquit,
1005 459 1057 499 ad
1077 459 1315 500 beatissime
1336 457 1569 506 vixendum,
1591 472 1666 512 pa-

117 531 148 560 p.
164 528 233 552 144
244 527 336 552 rum
371 523 464 554 est·
503 513 555 554 ad
593 514 713 554 beate
749 529 860 564 xero,
895 516 1007 555 satis.
1066 515 1368 565 Animadxeiti,
1403 515 1590 569 inquam,
1626 524 1667 554 te

203 569 326 609 ³·isto
358 569 486 610 modo
521 578 559 602 32
579 571 703 625 paulo
737 580 831 611 ante
861 585 1043 625 ponere:
1076 582 1117 611 et
1147 573 1247 621 scio,
1268 572 1319 612 ab
1350 570 1566 611 Antiocho
1590 585 1665 610 no-

242 633 329 666 stro
351 625 433 666 dici
455 627 512 667 sic
535 627 684 670 solere.
716 626 788 667 sed
819 628 920 691 quid
950 628 1087 668 minus
1117 628 1395 682 probandum,
1417 642 1540 682 quam
1574 641 1614 666 65
1622 641 1664 667 5-3

241 681 424 737 aliquem
458 683 646 733 beatum,
666 698 741 723 nec
773 685 870 724 satis
900 684 1103 724 beatum?
1137 684 1266 725 Quod
1297 695 1437 724 autem
1469 683 1565 757 satis
1654 730 1656 732 ¹

242 753 294 778 eo
314 739 520 794 quidquid
541 739 774 789 accesserit,
796 740 969 780 nimium
991 748 1079 780 est.
1113 751 1152 780 et
1173 754 1297 781 nemo
1320 740 1494 780 nimiun
1518 741 1665 779 ¹141<

181 805 327 859 szesto:
360 805 403 836 et
423 810 547 835 nemo
568 796 694 835 beato
719 795 892 836 beatior
951 798 1079 851 Ergo,
1101 797 1250 852 inquit,
1271 797 1346 837 tibi
1368 798 1424 838 Q.
1448 770 1578 837 Menti

241 852 314 907 qui
336 863 419 892 tres
441 851 546 893 filios
568 851 761 892 consules
783 853 896 903 vidit,
917 867 940 893 e
960 854 1111 908 quibus
1143 868 1274 894 unum
1304 853 1429 893 etiam
1451 863 1494 893 et
1515 868 1571 893 cc

238 923 343 958 rem,
377 917 420 948 et
456 908 800 963 triumphantem,
834 919 1027 964 qualtum
1064 919 1203 950 autem
1237 918 1474 965 praetorem,
1510 924 1576 949 605

240 965 375 1005 salvos
392 964 574 1020 reliquit,
597 975 640 1005 et
673 974 756 1006 tres
790 966 891 1006 filias
914 975 1079 1020 nuptas,
1101 981 1198 1007 cum
1228 968 1314 1020 ipse
1335 966 1496 1015 consul,
1518 980 1604 1006 cen·

240 1021 365 1061 etiam
389 1036 608 1077 augurque
638 1022 798 1073 fuisset,
830 1032 872 1063 et
901 1022 1227 1077 triumphasset:
1260 1032 1307 1063 ut
1336 1023 1498 1077 sapiens
1524 983 1664 1066 {uexit

240 1092 379 1118 nonne
398 1077 572 1127 beatior,
596 1092 737 1134 quam,
756 1089 804 1119 ut
823 1080 923 1119 item
953 1079 1116 1133 sapiens
1142 1079 1281 1128 fuerit,
1303 1079 1374 1133 qui
1394 1079 1435 1118 in
1456 1086 1663 1132 potestate

240 1133 440 1184 hostium,
462 1134 629 1190 vigiliis,
652 1143 695 1175 et
724 1135 862 1175 inedia
891 1144 1060 1175 necatus
1091 1144 1169 1184 est,
1198 1135 1414 1188 Regulus?
1448 1134 1564 1176 Quid
1599 1148 1666 1174 me

158 1189 352 1235 ss28istud
387 1205 528 1246 rogas,
563 1191 765 1246 inquam?
803 1191 970 1232 Stoicos
1006 1206 1126 1245 roga.
1185 1190 1301 1246 Quid
1337 1191 1479 1244 igitur,
1514 1191 1664 1245 inquit,

239 1262 310 1288 eos
347 1262 620 1301 responsuros
655 1249 811 1301 putas?
849 1246 999 1288 Nihilo
1034 1247 1264 1287 beatiorem
1299 1260 1388 1286 esse
1423 1246 1666 1296 Metellum,

174 1307 222 1337 83
237 1318 364 1359 quam
398 1303 624 1358 Regulum.
684 1303 790 1343 Inde
820 1303 965 1358 igitur,
985 1302 1135 1358 inquit,
1159 1302 1416 1343 audiendum
1445 1310 1522 1342 est.
1581 1302 1665 1343 Ta-

234 1375 331 1401 men
367 1367 446 1400 33a
481 1361 714 1415 proposito,
753 1360 940 1415 inquam,
973 1359 1268 1400 aberravimus.
1312 1373 1398 1399 non
1437 1359 1564 1409 enim,
1600 1359 1665 1399 in-

234 1431 377 1470 quam,
412 1431 571 1472 quaero,
603 1417 704 1472 quid
735 1431 894 1466 verum,
928 1416 1001 1456 sed
1029 1415 1131 1471 quid
1159 1415 1313 1471 cuique
1343 1414 1568 1456 dicendum
1597 1415 1665 1455 sit.

233 1473 412 1513 Utinam
438 1472 617 1537 quidem
637 1473 822 1514 dicerent
847 1473 976 1513 alium
1005 1473 1087 1513 alio
1115 1472 1375 1513 beatiorem!
1401 1471 1493 1527 jam
1526 1472 1665 1512 ruinas

232 1529 404 1570 videres.
437 1529 477 1570 in
507 1529 658 1571 virtute
689 1530 801 1570 enim
831 1529 934 1579 sola,
954 1538 996 1570 et
1016 1529 1057 1569 in
1079 1529 1170 1584 ipso
1192 1528 1369 1569 honesto
1391 1543 1489 1569 cum
1511 1528 1565 1568 sit
1585 1528 1663 1567 bo-

234 1601 336 1626 num
369 1586 571 1641 positum,
592 1600 775 1641 cumque
804 1601 881 1627 nec
910 1586 1051 1635 virtus,
1074 1595 1121 1626 ut
1145 1585 1282 1640 placet
1310 1585 1406 1635 illis,
1427 1599 1502 1625 nec
1528 1584 1663 1625 hone-

233 1651 348 1683 stum
367 1650 540 1691 crescat,
561 1643 687 1698 idque
709 1644 867 1683 bonum
894 1643 1033 1683 solum
1064 1642 1130 1692 sit,
1152 1656 1237 1697 quo
1268 1641 1340 1697 qui
1369 1641 1567 1697 potiatur,
1590 1656 1662 1681 ne-

233 1713 351 1739 eesse
383 1707 447 1738 est
478 1699 626 1739 beatus
658 1700 724 1749 sit,
744 1714 842 1740 cum
874 1698 915 1739 id
947 1699 1093 1753 augeri
1124 1713 1207 1738 non
1237 1698 1382 1753 possit,
1406 1713 1447 1738 m
1470 1712 1554 1752 quo
1575 1712 1662 1738 uno

231 1755 419 1809 positum
453 1763 516 1795 est
548 1755 718 1796 beatum
752 1756 869 1796 eSse:
902 1755 975 1810 qui
1006 1763 1146 1810 potest
1180 1769 1270 1794 esse
1301 1754 1522 1809 quisquam
1556 1754 1662 1794 alius

231 1810 315 1851 alio
345 1811 538 1852 beatior?
572 1812 753 1862 videsne,
787 1820 834 1852 ut
865 1811 957 1852 haec
987 1811 1242 1852 concinant?
1276 1812 1331 1851 Et
1361 1811 1548 1850 Hercule
1583 1810 1663 1863 (fa-

232 1867 406 1908 tendum
438 1876 502 1908 est
531 1868 658 1918 enim,
679 1868 794 1923 quod
823 1869 975 1920 sentio)
1000 1867 1202 1908 mirabilis
1223 1876 1288 1908 est
1314 1866 1424 1921 apud
1447 1866 1539 1907 illos
1561 1881 1663 1907 con-

232 1933 370 1964 textus
406 1939 560 1965 rerum.
591 1924 869 1980 respondent
879 1934 1066 1965 extrema
1096 1923 1256 1978 primis,
1287 1923 1426 1963 media
1457 1923 1660 1978 utrisque,

232 1981 375 2020 omnia
405 1981 630 2022 omnibus:
663 1981 762 2037 quid
799 1990 1010 2036 sequatur,
1047 1980 1149 2035 quid
1182 1990 1404 2043 repugnet,
1435 1978 1588 2020 vident.
1620 1979 1661 2020 in

230 2037 465 2091 geometria
483 2037 628 2101 prima
639 2053 672 2078 5ι
693 2037 868 2088 dederis,
889 2036 1024 2078 danda
1050 2046 1148 2077 sunt
1168 2037 1322 2076 omnia.
1353 2035 1537 2077 concede
1558 2035 1662 2076 nihil

219 2107 323 2133 .esse
355 2093 531 2144 bonum,
553 2095 631 2134 nisi
663 2093 777 2149 quod
807 2094 1032 2134 honestum
1060 2093 1140 2134 sit:
1173 2092 1488 2133 concedendum
1519 2101 1596 2142 est,
1618 2090 1660 2132 in

187 2150 221 2181 b.
232 2149 383 2190 virtute
403 2150 493 2190 sola
512 2151 693 2204 positam
724 2165 813 2190 esse
844 2151 1011 2190 beatam
1038 2150 1179 2191 vitam.
1238 2149 1348 2189 Vide
1370 2162 1509 2189 rursus
1531 2156 1657 2188 retro.

170 2209 221 2241 84
235 2205 333 2246 dato
369 2206 466 2256 hoc,
503 2206 688 2247 dandum
718 2207 795 2247 erit
828 2206 945 2247 illud.
976 2206 1092 2270 qutod
1122 2205 1246 2246 vestri
1275 2220 1359 2245 non
1389 2205 1503 2246 item.
1561 2205 1661 2245 Tria

232 2276 389 2317 genera
422 2263 645 2304 bonorum.
676 2262 898 2317 proclivius
933 2263 1063 2304 currit
1097 2261 1259 2303 oratio:
1291 2261 1400 2301 venit
1434 2260 1489 2302 ad
1522 2270 1660 2302 extre-

234 2333 381 2359 mum:
414 2318 574 2359 haeret
566 2335 608 2360 1n
628 2319 815 2360 salebra:
847 2320 964 2373 cupit
993 2318 1104 2359 enim
1136 2318 1287 2368 dicere,
1307 2317 1427 2358 Nihil
1452 2331 1575 2372 posse
1605 2318 1660 2359 ad

233 2374 399 2415 beatam
431 2375 558 2416 vitam
594 2375 736 2417 deesse
765 2375 957 2431 sapienti.
1015 2377 1211 2416 Honesta
1238 2374 1399 2414 oratio:
1432 2374 1661 2425 Socratica,

234 2430 418 2472 Platonis
438 2432 579 2473 etiam.
638 2431 792 2473 Audeo
814 2432 965 2483 dicere,
987 2431 1135 2487 inquit.
1194 2431 1296 2471 Non
1316 2439 1470 2486 potest,
1492 2430 1571 2471 nisi
1592 2445 1657 2472 re-

233 2559 268 2581 tu
299 2552 393 2581 etiam
423 2552 558 2590 corporis
583 2553 729 2591 quaedam
756 2552 840 2582 bona
865 2558 926 2582 sta·
970 2553 1090 2588 minus,
1107 2558 1137 2581 et
1152 2558 1197 2581 est
1213 2561 1293 2581 nova
1305 2552 1402 2582 oratio
1417 2562 1435 2582 a
1448 2552 1549 2583 verbis
1566 2554 1591 2583 si
1605 2554 1662 2584 ista

235 2601 318 2630 tuas,
343 2604 378 2624 ea
401 2604 528 2634 quoque
552 2595 584 2624 in
612 2595 701 2624 bonis
728 2596 927 2625 numeranda
969 2594 1047 2623 mala
1063 2601 1126 2623 sunt
1142 2605 1151 2622 .-
1176 2594 1345 2633 legendum
1362 2602 1475 2625 estnon
1489 2602 1540 2625 est.

233 2643 320 2673 sunt,
337 2647 410 2675 quae
426 2637 479 2666 illa
494 2637 629 2676 corporis
641 2637 725 2666 bona
739 2637 893 2667 efficiunt.
1012 2643 1051 2667 :³2
1063 2636 1164 2676 paullo
1179 2645 1246 2666 ante
1258 2638 1372 2676 ponere]
1384 2645 1489 2677 ponere
1505 2649 1568 2668 non
1585 2648 1661 2670 sane

279 2686 320 2710 30
346 2679 459 2709 attende
481 2690 523 2708 me
549 2679 626 2708 nihil
647 2678 753 2717 dicere]
784 2680 855 2709 Hoc
880 2687 927 2709 est
969 2679 1081 2717 placet.
1118 2686 1174 2710 aut
1202 2680 1283 2717 dele,
1321 2689 1375 2711 aut
1403 2682 1521 2720 corrige
1550 2688 1663 2720 respon-

233 2732 310 2753 sane
326 2723 486 2762 frigidum.
507 2728 584 2762 puto
606 2722 777 2761 legendum
794 2732 858 2752 esse
873 2733 925 2752 non
968 2721 1043 2752 dere.

236 2764 320 2794 nihil.
1012 2771 1051 2796 33
1068 2777 1086 2794 a
1097 2772 1147 2804 pr.
1161 2765 1181 2796 i.
1197 2765 1409 2805 aberravimus]
1436 2766 1514 2797 Mss.
1529 2769 1660 2806 quidam

277 2813 315 2838 31
342 2819 395 2837 non
417 2819 473 2837 esse
495 2808 536 2836 ad
555 2808 582 2837 b.
605 2819 640 2837 v.
660 2806 697 2846 s.]
725 2807 861 2839 Rectum
882 2814 928 2838 est
971 2806 1144 2838 aberramus.
1161 2808 1205 2838 sic
1221 2816 1251 2839 et
1268 2809 1348 2840 infra
1362 2816 1419 2840 est.
1435 2816 1529 2840 tamen
1544 2810 1662 2840 aberra-

236 2861 304 2889 esse,
319 2852 344 2882 si
360 2857 464 2882 totum
480 2852 542 2882 hoc
565 2852 679 2891 pendet
693 2860 709 2881 e
725 2850 829 2883 dicere.
872 2851 929 2882 Sin
972 2861 1032 2880 mus
1044 2862 1062 2880 a
1068 2851 1220 2890 proposito.
