1778 3095
571 24 751 62 LIBER
786 22 1097 61 QUARTUS.
1471 32 1545 64 351

119 130 322 186 singulas,
344 139 393 172 ut
419 130 472 172 ad
499 138 676 180 metum,
696 128 928 178 libidinem,
959 128 1223 184 reliquasque
1251 130 1402 172 melius
1428 132 1550 174 adhi-

118 188 268 229 beatur
295 188 453 229 oratio:
500 195 556 236 et,
579 195 614 220 91
630 195 773 227 utrum
803 184 907 226 illud
939 199 1022 225 non
1051 185 1242 225 videatur
1272 200 1384 240 aegre
1414 188 1548 230 feren-

117 243 236 295 dum,
257 259 307 285 ex
336 259 420 299 quo
450 250 643 297 suscepta
673 241 727 282 sit
756 240 982 296 aegritudO,
1002 256 1055 282 an
1075 241 1266 282 omnium
1297 257 1437 283 rerum
1465 246 1547 285 tol-

116 299 243 341 lenda
263 301 434 341 omnino
461 299 670 354 aegritudo
689 315 698 339 :
729 308 791 348 ut,
812 298 846 338 si
866 297 960 353 quis
982 312 1092 353 aegre
1113 298 1233 348 ferat,
1257 313 1301 338 se
1319 313 1548 353 pauperem

116 370 222 408 esse,
246 356 341 397 idne
361 355 563 410 disputes,
585 363 873 409 paupertatem
894 353 1054 395 malum
1075 369 1159 395 non
1182 369 1272 395 esse
1292 370 1302 402 3
1333 370 1384 395 an
1408 355 1547 396 homi-

115 427 212 453 nem
243 426 354 467 aegre
382 411 489 452 ferre
516 411 619 452 nihil
651 419 858 466 oportere.
889 411 1087 451 nimirum
1116 410 1197 451 hoe
1219 411 1393 452 melius:
1427 427 1492 463 ne,
1515 414 1549 453 si

114 468 225 510 forte
245 469 296 509 de
315 477 563 523 paupertate
584 483 667 508 non
688 467 954 523 persuaseris,
976 467 1030 508 sit
1051 467 1289 523 aegritudini
1310 470 1546 509 conceden—

114 524 215 566 dum
238 541 247 565 :
279 524 529 579 aegritudine
557 532 698 565 autem
730 523 907 573 sublata,
928 524 1105 579 propriis
1125 523 1371 575 rationibus,
1393 526 1548 580 quibus

114 580 205 621 heri
225 580 289 621 usi
318 595 478 630 sumus,
501 580 685 636 quodam
706 580 836 621 modo
857 581 986 621 etiam
1005 580 1261 635 paupertatis
1282 582 1441 622 malum
1462 582 1545 623 tol-

110 636 225 678 litur.
285 637 368 678 Sed
398 637 534 677 omnis
566 637 776 693 ejusmodi
805 646 843 671 92
857 637 1134 692 perturbatio,
1155 637 1283 677 animi
1309 638 1546 693 placatione
1561 643 1629 691 28

111 692 308 734 abluatur
337 693 410 734 illa
439 693 625 749 quidem,
645 709 743 736 cum
774 693 942 744 doceas,
964 708 1039 734 nec
1066 694 1224 734 bonum
1246 694 1352 735 illud
1371 710 1475 746 esse,
1495 710 1545 736 ex
1559 712 1610 748 60

113 763 199 805 quo
220 749 382 801 laetitia,
404 759 476 790 aut
494 751 627 791 libido
647 751 806 792 oriatur
822 766 834 801 3
867 765 943 790 nec
964 750 1140 801 malum,
1162 766 1212 791 ex
1242 766 1326 806 quo
1355 762 1429 793 aut
1455 767 1544 793 me-
1558 764 1591 795 b.

111 814 195 855 tus,
215 815 288 847 aut
309 806 543 862 aegritudo:
575 817 862 848 verumtamen
887 806 978 847 haec
1008 816 1071 847 est
1096 817 1211 848 certa
1232 818 1273 847 et
1293 809 1462 864 propria
1483 824 1548 850 sa-

115 862 245 913 natio,
267 863 299 904 si
322 863 488 914 doceas,
504 864 613 919 ipsas
634 863 971 919 perturbationes
992 878 1066 918 per
1087 878 1130 904 se
1152 878 1242 904 esse
1264 865 1448 917 vitiosas,
1471 880 1547 907 nec

110 917 265 960 habere
296 920 524 976 quidquam
557 929 632 961 aut
661 920 865 971 naturale,
895 928 967 960 aut
998 921 1303 961 necessarium:
1336 930 1384 962 ut
1412 922 1548 978 ipsam

111 976 406 1030 aegritudinem
437 976 556 1017 leniri
584 977 788 1027 videmus,
810 991 907 1017 cum
930 976 1154 1032 objicimus
1175 978 1445 1019 maerentibus
1466 980 1547 1020 im-

111 1031 380 1073 becillitatem
399 1033 527 1073 animi
543 1033 796 1084 effaeminati,
811 1048 994 1088 cumque
1012 1048 1160 1074 eorum
1177 1034 1427 1089 gravitatem
1445 1051 1547 1077 con-

111 1089 393 1144 stantiamque
412 1090 648 1140 laudamus,
666 1090 738 1146 qui
756 1105 840 1130 non
856 1089 1099 1130 turbulente
1120 1089 1304 1131 humana
1319 1092 1547 1146 patiantur.

113 1145 228 1200 quod
249 1146 419 1201 quidem
440 1146 548 1187 solet
566 1147 625 1187 eis
647 1147 774 1188 etiam
795 1146 1000 1196 accidere,
1023 1147 1096 1202 qui
1115 1146 1187 1187 illa
1206 1148 1318 1188 mala
1336 1163 1426 1189 esse
1448 1163 1548 1190 cen-

112 1210 219 1252 sent,
242 1202 411 1243 ferenda
440 1211 581 1244 tamen
612 1218 734 1259 aequo
764 1203 905 1244 animo
934 1203 1200 1243 arbitrantur.
1232 1212 1353 1259 putat
1382 1205 1548 1261 aliquis,

111 1271 202 1298 esse
230 1258 487 1314 voluptatem
523 1260 710 1311 bonum3
742 1259 846 1300 alius
876 1268 1033 1310 autem,
1063 1260 1312 1315 pecuniam:
1345 1269 1484 1303 tamen
1506 1273 1549 1305 et

111 1313 181 1354 ille
211 1314 264 1355 ab
294 1315 629 1371 intemperantia,
650 1326 694 1357 et
725 1316 793 1356 hic
827 1316 880 1356 ab
911 1316 1081 1356 avaritia
1109 1317 1272 1357 avocari
1292 1326 1445 1372 potest.
1476 1319 1549 1360 illa

110 1378 251 1411 autem
275 1371 407 1412 altera
436 1373 543 1413 ratio
574 1382 617 1413 et
640 1373 789 1422 oratio,
812 1387 906 1427 quae
928 1373 1052 1413 simul
1072 1381 1114 1413 et
1133 1374 1376 1428 opinionem
1399 1375 1547 1417 falsam

110 1426 237 1477 tollit,
273 1435 316 1468 et
350 1429 646 1484 aegritudinem
679 1429 876 1479 detrahit,
910 1437 947 1462 9²3
965 1438 1029 1469 est
1058 1443 1107 1469 ea
1137 1430 1305 1484 quidem
1337 1432 1546 1484 subtilior,

111 1482 184 1524 sed
205 1498 298 1524 raro
320 1485 498 1539 proficit,
521 1500 658 1541 neque
685 1495 750 1526 est
777 1485 830 1526 ad
850 1485 1000 1540 vulgus
1021 1485 1274 1527 adhibenda.
1335 1489 1545 1530 Quaedam
1560 1489 1606 1527 61

110 1548 251 1580 autem
269 1551 368 1582 sunt
386 1542 673 1597 aegritudines,
689 1557 792 1598 quas
813 1542 947 1582 levare
964 1542 1034 1582 illa
1049 1541 1259 1583 medicina
1280 1544 1396 1585 nullo
1417 1546 1547 1588 modo

108 1597 263 1651 possit:
284 1606 332 1638 ut
350 1598 382 1638 si
404 1599 496 1654 quis
519 1608 629 1654 aegre
649 1600 768 1648 ferat,
789 1597 892 1638 nihil
913 1599 955 1639 in
972 1613 1015 1639 se
1031 1613 1121 1639 esse
1138 1599 1315 1650 virtutis,
1333 1601 1436 1642 nihil
1457 1603 1546 1645 ani-

110 1653 184 1704 mi,
220 1653 324 1695 nihil
362 1655 502 1706 officii,
539 1656 643 1696 nihil
672 1655 933 1696 honestatis:
966 1665 1139 1710 propter
1169 1656 1280 1697 mala
1309 1657 1343 1698 is
1375 1659 1545 1714 quidem

110 1719 304 1765 angatur,
327 1711 401 1752 sed
421 1712 502 1753 alia
523 1712 715 1768 quaedam
747 1712 800 1752 sit
828 1711 880 1752 ad
909 1726 1005 1752 eum
1028 1712 1288 1753 admovenda
1308 1716 1485 1766 curatio,
1506 1726 1549 1758 et

109 1766 204 1807 talis
226 1767 411 1822 quidem,
429 1783 523 1824 quae
545 1769 678 1823 possit
697 1783 786 1809 esse
806 1769 1012 1819 omnium,
1032 1770 1158 1810 etiam
1183 1770 1234 1810 de
1254 1772 1402 1812 ceteris
1422 1773 1547 1814 rebus

110 1822 438 1879 discrepantium
472 1825 839 1881 philosophorum.
870 1825 977 1866 inter
1006 1840 1153 1867 omnes
1184 1826 1298 1867 enim
1329 1829 1549 1871 convenire

110 1889 294 1935 oportet,
330 1882 638 1923 commotiones
677 1882 930 1932 animorum,
966 1897 990 1922 a
1022 1891 1137 1923 recta
1179 1883 1338 1925 ratione
1370 1900 1549 1939 aversas,

111 1950 201 1977 esse
220 1937 404 1988 vitiosas,
423 1948 485 1989 ut,
510 1947 549 1972 94
567 1939 694 1980 etiam
715 1939 748 1979 si
770 1938 880 1978 mala
900 1939 981 1979 sint
1001 1939 1085 1990 illa,
1108 1955 1202 1995 quae
1223 1950 1403 1992 metum,
1422 1943 1548 1998 aegri-

110 1993 350 2035 tudinemve
369 2010 379 2044 3
411 1995 537 2045 bona,
558 2011 651 2051 quae
673 1995 964 2050 cupiditatem,
985 1995 1226 2037 laetitiamve
1255 2008 1463 2049 moveant,
1483 2009 1547 2041 ta-

109 2064 206 2090 men
236 2051 289 2091 sit
319 2051 466 2092 vitiosa
497 2052 587 2107 ipsa
619 2052 866 2093 commotio.
898 2061 1160 2093 constantem
1191 2054 1304 2094 enim
1333 2056 1546 2111 quendam

107 2107 316 2159 volumus,
334 2108 542 2158 sedatum,
559 2123 744 2164 gravem,
762 2108 948 2148 humana
969 2109 1112 2149 omnia
1129 2120 1405 2164 prementem,
1426 2112 1546 2154 illum

109 2178 214 2214 esse,
236 2179 361 2220 quem
384 2166 704 2221 magnanimum
732 2173 774 2205 et
802 2165 954 2205 fortem
976 2165 1108 2205 virum
1130 2165 1324 2208 dicimus.
1355 2168 1450 2209 talis
1469 2184 1546 2210 au·

108 2230 195 2261 tem
226 2236 302 2262 nec
327 2236 519 2272 maerens,
540 2237 616 2263 nec
646 2222 812 2272 timens,
839 2235 916 2262 nec
941 2221 1130 2276 cupiens,
1152 2236 1227 2264 nec
1247 2224 1432 2278 gestiens
1454 2240 1544 2267 esse
1558 2239 1586 2268 p-
1602 2235 1674 2260 ‘223‘

1556 2282 1585 2302 a.

153 2332 188 2357 91
214 2331 311 2354 utrum
334 2324 454 2363 illudne]
485 2325 551 2355 Aut
577 2332 674 2354 tetrum
697 2325 805 2355 delen·
848 2330 1030 2364 potestesse
1051 2334 1175 2362 verum,
1198 2335 1251 2364 per
1269 2327 1442 2364 sequentia.
1468 2337 1545 2357 nam

109 2368 188 2397 dum
204 2375 259 2397 aut
274 2379 318 2397 ne.
341 2368 404 2397 hoc
420 2368 530 2398 delevi.
849 2377 915 2397 raro
939 2367 1089 2406 proficere
1111 2368 1235 2398 dicitur.
1283 2369 1367 2398 Bene
1386 2370 1547 2401 Bentleius

153 2418 191 2442 92
218 2411 397 2449 perturbatio
419 2411 510 2439 animi
533 2410 696 2449 placatione
722 2410 804 2439 ablu·
849 2409 980 2439 subtilior
996 2412 1014 2439 i.
1029 2420 1056 2439 e.
1070 2413 1256 2447 accuratior,
1270 2412 1457 2451 diligentior.
1483 2414 1546 2443 Bu-

109 2453 193 2493 atur]
213 2453 354 2483 Verbum
370 2453 507 2482 abluatur
531 2454 610 2484 mihi
634 2463 804 2492 nunquam
849 2453 954 2482 herius
971 2453 1098 2483 felicem
1111 2455 1369 2485 emendationem
1381 2464 1483 2486 vocat.
1501 2466 1548 2487 re·

110 2497 181 2526 satis
201 2496 328 2535 placuit.
351 2497 405 2535 qui
430 2497 544 2527 modus
568 2497 717 2536 loquendi
735 2503 804 2536 per·
849 2503 908 2526 cte.
926 2505 984 2526 nec
999 2497 1140 2527 dubitavi
1159 2499 1294 2537 recipere
1317 2508 1394 2528 cum
1418 2499 1548 2530 Davisio

111 2539 300 2569 turbationem
316 2538 439 2575 abluere,
453 2547 483 2569 et
499 2541 628 2578 quidem
639 2539 805 2578 placatione
849 2546 879 2569 et
892 2539 1086 2569 Alemanno.

112 2582 221 2612 animi.
263 2583 314 2611 An
341 2581 450 2611 Cicero
476 2584 560 2612 dedit
583 2582 730 2612 allevetur
755 2582 804 2612 vel
894 2589 933 2614 94
958 2583 1045 2611 etiam
1061 2583 1084 2611 si
1101 2594 1151 2612 ne..-
1166 2582 1338 2613 mala—nec
1354 2582 1437 2621 bona]
1455 2583 1550 2613 Dele-

113 2624 260 2654 allevatur
272 2625 289 2654 ,9
304 2625 399 2654 etiam
416 2632 485 2664 post
499 2626 586 2662 dicit,
603 2625 664 2654 haec
676 2633 716 2654 est
727 2632 807 2655 certa
848 2625 879 2655 vi
896 2632 1070 2664 utrumque
1091 2638 1152 2662 nec,
1169 2627 1255 2666 quod
1278 2634 1324 2657 est
1347 2636 1456 2656 contra
1478 2636 1550 2656 sen-

113 2668 233 2698 sanatio.
265 2667 424 2698 Bentleius
441 2675 472 2698 et
486 2678 541 2707 pro
552 2668 717 2708 placatione
733 2669 809 2707 legit
850 2677 937 2704 sum,
952 2668 994 2697 ita
1009 2676 1039 2697 et
1055 2668 1217 2699 Bentleius
1239 2676 1268 2699 et
1288 2670 1488 2700 Alemannus
1506 2670 1550 2698 fe·
1568 2692 1574 2697 .

114 2708 220 2748 duplici
236 2710 354 2740 ratione.
850 2720 929 2740 cere.
947 2720 1007 2740 nec
1024 2711 1083 2741 fuit
1100 2713 1131 2742 in
1149 2712 1211 2742 Ms.
1225 2719 1327 2743 vetere
1342 2714 1447 2743 Ursini
1462 2723 1468 2740 t
1494 2721 1548 2741 na-

158 2760 194 2783 ‘233
219 2760 260 2781 tst
281 2764 312 2781 ea
340 2753 453 2794 quidem
479 2751 595 2793 utilior]
621 2753 721 2783 utilior
741 2763 806 2783 non
851 2760 921 2784 tum
939 2762 985 2784 est
1001 2754 1128 2785 fort-asse
1143 2764 1161 2786 e
1176 2755 1236 2785 vel.
