1778 3095
541 87 722 124 LIBER
751 82 1085 123 SECUNDUS.
1451 82 1529 125 279

103 196 254 252 sophia.
284 206 452 253 9pauca
488 209 579 236 esse
619 193 658 234 ei
697 201 812 243 nota,
848 191 916 232 cui
954 204 1039 231 non
1079 188 1164 229 sint
1201 195 1273 228 aut
1316 186 1529 242 pleraque,

103 262 178 294 aut
211 255 366 295 omnia.
404 266 501 293 nam
541 265 616 291 nec
649 264 797 305 pauca,
833 248 913 289 nisi
947 261 970 288 e
1006 245 1165 295 multis,
1201 243 1302 298 eligi
1340 252 1529 297 possunt,

104 325 194 361 nec,
229 312 300 367 qui
332 323 463 365 pauca
498 307 744 362 perceperit,
766 320 849 346 non
877 304 989 345 idem
1020 302 1181 357 reliqua
1208 299 1359 340 eodem
1389 298 1530 339 studio

104 376 389 423 persequetur.
457 364 540 405 Sed
559 363 602 404 in
627 363 710 404 vita
739 371 883 403 tamen
913 368 1134 415 occupata,
1155 366 1296 413 atque,
1318 364 1367 396 ut
1384 355 1566 409 Neop-2

103 424 250 465 tolemi
286 432 375 464 tum
413 428 515 472 erat,
550 419 736 471 militari,
774 433 908 475 pauca
942 417 1032 472 ipsa
1063 414 1247 456 multum
1284 425 1395 467 saepe
1432 424 1531 466 pro-

104 490 214 531 sunt,
235 489 277 520 et
297 480 437 519 ferunt
456 478 632 527 fructus,
653 476 687 518 si
707 491 790 517 non
810 484 966 524 tantos,
989 471 1135 529 quanti
1153 485 1204 511 ex
1219 469 1409 511 universa
1436 466 1532 522 phi-

103 536 293 591 losophia
312 534 470 590 percipi
489 542 665 589 possunt
676 549 688 584 3
710 543 851 574 tamen
872 546 958 582 θος,
979 529 1134 585 quibus
1155 536 1173 559 3
1188 526 1328 582 aliqua
1344 540 1396 566 ex
1414 532 1532 579 parte

103 592 310 634 interdum
342 600 416 632 aut
446 590 690 645 cupiditate,
722 599 795 630 aut
831 587 1094 644 aegritudine,
1129 593 1203 626 aut
1233 591 1350 624 metu
1380 581 1531 622 libere-

102 663 196 689 mur
213 665 222 689 :
255 648 366 688 velut
384 662 433 688 ex
453 661 503 688 ea
523 647 819 703 disputatione,
840 661 934 702 quae
964 643 1068 685 mihi
1089 656 1221 697 nuper
1242 639 1387 681 habita
1405 646 1470 678 est
1489 637 1532 677 in

101 704 357 755 Tusculano,
378 718 535 759 magna
553 703 770 745 videbatur
789 702 938 744 mortis
967 701 1117 741 effecta
1144 696 1405 746 contemti03
1437 709 1531 750 quae

101 775 184 801 non
206 761 426 801 minimum
447 761 556 801 valet
585 761 638 802 ad
668 760 855 801 animum
885 767 1003 800 metu
1032 755 1311 798 liberandum.
1343 766 1440 793 nam
1461 750 1534 806 qui

99 816 157 868 id,
189 817 303 873 quod
334 818 452 858 vitari
486 832 571 858 non
601 826 755 872 potest,
786 816 953 866 metuit,
984 815 1018 854 is
1050 813 1182 854 vivere
1212 811 1354 853 animo
1387 808 1532 865 quieto

101 874 218 915 nullo
254 874 386 915 modo
421 882 587 930 potest:
620 873 693 914 sed
728 874 815 928 qui,
852 887 938 913 non
971 870 1102 911 modo
1138 869 1236 925 quia
1270 880 1438 908 necesse
1468 874 1533 905 est

100 931 220 981 mori,
242 946 386 972 verum
414 931 541 972 etiam
572 930 670 986 quia
700 930 803 971 nihil
823 929 964 970 habet
997 942 1125 977 mors,
1146 925 1262 981 quod
1282 925 1337 964 sit
1356 924 1529 964 horren-
1542 928 1575 960 b.

98 987 215 1038 dum,
249 999 432 1029 mortem
465 1002 548 1028 non
582 988 719 1038 timet,
756 996 992 1041 4magnu1n
1024 984 1058 1024 is
1092 983 1171 1024 sibi
1204 980 1445 1038 praesidium
1476 980 1530 1021 ad

99 1044 266 1085 beatam
305 1045 431 1085 vitam
471 1053 704 1100 comparat.
761 1045 1033 1100 Quamquam
1073 1055 1157 1081 non
1196 1053 1341 1080 sumus
1381 1037 1564 1093 ignari,3

98 1101 255 1142 multos
276 1101 461 1142 studiose
480 1111 628 1142 contra
645 1115 735 1142 esse
755 1101 957 1150 dicturos,
980 1097 1096 1154 quod
1115 1097 1243 1138 vitare
1264 1094 1381 1136 nullo
1401 1094 1531 1135 modo

99 1159 339 1212 potuimus:
372 1158 450 1199 nisi
485 1158 588 1199 nihil
625 1158 799 1198 omnino
833 1156 1125 1197 scriberemus.
1160 1152 1347 1193 ⁵etenim
1378 1151 1412 1191 si
1441 1166 1534 1192 ora—

99 1214 250 1265 tiones,
273 1230 376 1270 quas
398 1230 474 1255 nos
496 1214 779 1255 multitudinis
795 1213 959 1270 judicio
979 1211 1150 1267 probari
1170 1210 1414 1251 volebamus
1438 1210 1533 1264 (po-

100 1271 254 1324 pularis
284 1280 348 1313 est
379 1271 490 1311 enim
522 1271 595 1312 illa
622 1271 813 1322 facultas,
834 1280 877 1311 et
905 1269 1078 1309 effectus
1099 1266 1351 1322 eloquentiae
1373 1274 1438 1306 est
1458 1280 1534 1306 au-

98 1327 303 1368 dientium
325 1329 590 1383 approbatio)
615 1328 688 1368 sed
707 1328 741 1368 si
762 1326 1072 1382 reperiebantur
1102 1323 1306 1374 nonnulli,
1327 1322 1400 1378 qui
1430 1322 1535 1363 nihil

99 1383 332 1435 laudarent,
355 1385 433 1425 nisi
464 1385 576 1440 quod
611 1400 654 1425 se
688 1384 841 1425 imitari
871 1397 994 1438 posse
1027 1381 1299 1430 confiderent,
1321 1393 1534 1435 quemque

99 1441 291 1494 sperandi
313 1442 405 1491 sibi,
428 1441 608 1481 eundem
640 1450 683 1481 et
712 1442 819 1481 bene
840 1439 1006 1480 dicendi
1028 1438 1152 1478 finem
1172 1444 1472 1492 proponerent,
1492 1444 1535 1477 et

98 1503 116 1527 ὅ
140 1511 238 1537 cum
262 1497 539 1538 obruerentur
568 1498 690 1553 copia
719 1496 1037 1545 sententiarum,
1058 1504 1185 1549 atque
1213 1494 1450 1542 verborum,
1465 1492 1533 1548 je-

89 1552 316 1609 junitatem
339 1563 381 1594 et
401 1554 557 1594 famem
580 1569 623 1594 se
643 1553 783 1603 malle,
806 1567 932 1608 quam
958 1552 1195 1592 ubertatem
1216 1559 1260 1590 et
1279 1549 1446 1605 copiam
1469 1549 1533 1590 di-

97 1619 254 1651 cerent.
285 1610 399 1651 unde
420 1620 507 1652 erat
528 1620 721 1651 exortum
752 1624 888 1665 genus
909 1608 1169 1658 Atticorum,
1190 1606 1240 1647 iis
1261 1606 1375 1662 ipsis,
1398 1606 1470 1662 qui
1492 1605 1533 1646 id

97 1667 212 1722 sequi
235 1681 277 1708 se
298 1667 616 1722 profitebantur,
638 1668 835 1723 ignotum
853 1683 862 1707 z
890 1674 904 1702 7
925 1665 996 1721 qui
1020 1665 1112 1720 jam
1133 1663 1388 1713 conticuere,
1413 1677 1532 1718 paene

97 1724 150 1764 ab
180 1724 272 1779 ipso
306 1724 399 1764 foro
433 1724 554 1765 irrisi.
613 1724 730 1781 Quid
752 1724 941 1764 futurum
970 1730 1182 1777 putamus,
1204 1735 1318 1770 cum,
1339 1719 1569 1776 adjutore4

96 1780 272 1834 populo,
295 1795 380 1836 quo
399 1781 624 1822 utebamur
653 1790 789 1831 antea,
813 1795 923 1821 nunc
951 1778 1125 1819 minime
1148 1792 1223 1818 nos
1245 1777 1307 1818 uti
1327 1792 1450 1833 posse
1472 1776 1532 1817 vi-

98 1836 303 1877 deamus?
346 1846 410 1877 est
444 1838 556 1878 enim
591 1837 862 1893 philosophia
895 1835 1039 1891 paucis
1073 1843 1272 1876 contenta
1301 1834 1534 1890 judicibus,

96 1893 415 1934 multitudinem
440 1894 636 1935 consulto
664 1895 753 1949 ipsa
785 1894 967 1949 fugiens,
996 1892 1118 1948 eique
1146 1891 1224 1947 ipsi
1255 1899 1297 1931 et
1326 1900 1534 1946 suspecta,

97 1959 140 1989 et
159 1949 313 1990 invisa:
345 1960 393 1991 ut
422 1951 500 2000 vel,
521 1951 556 1991 si
587 1951 679 2006 quis
700 1950 933 1991 universam
957 1949 1055 1989 velit
1076 1949 1324 2004 vituperare,
1347 1947 1534 1988 secundo

97 2005 139 2046 id
168 2007 328 2062 populo
359 2008 496 2048 facere
528 2007 688 2062 possit3
718 2007 797 2058 vel,
820 2007 854 2048 si
884 2007 926 2047 in
956 2020 1064 2055 eam,
1086 2020 1214 2061 quam
1246 2019 1322 2045 nos
1351 2004 1533 2045 maxime

97 2063 326 2117 sequimur,
347 2073 522 2104 conetur
552 2064 758 2114 invadere,
780 2078 938 2119 magna
967 2063 1122 2103 habere
1146 2062 1280 2116 possit
1304 2069 1320 2092 8
1336 2061 1489 2102 auxilia
1509 2075 1534 2101 a

95 2119 353 2175 reliquorum
376 2121 727 2176 philosophorum
752 2120 996 2176 disciplinis.
1055 2120 1149 2160 Nos
1169 2127 1310 2159 autem
1332 2118 1532 2159 universae

139 2272 156 2294 2
179 2263 291 2305 pauca]
315 2265 462 2295 Davisius
485 2266 603 2295 addidit
628 2265 688 2294 vel.
717 2275 792 2295 sane
835 2264 1035 2303 parenthesin
1067 2264 1196 2302 reperit:
1235 2268 1308 2301 saepe
1338 2260 1531 2299 aspernaban-

96 2308 188 2337 bene·
836 2315 883 2336 tur
897 2319 906 2335 .·
945 2318 981 2335 ex
1012 2305 1200 2345 philosophiae
1237 2303 1390 2342 disciplina
1419 2303 1530 2343 ignota,

139 2357 156 2381 8
174 2350 275 2392 aliqua
290 2361 326 2380 ex
336 2348 439 2390 parte]
465 2362 500 2380 ex
517 2357 604 2389 parte
618 2351 790 2381 delendum
835 2350 909 2391 quid
921 2350 999 2390 sequi
1016 2349 1178 2388 excogitare
1187 2355 1344 2387 possumus.

94 2393 257 2423 videbatur
272 2394 409 2423 Reiskio.
454 2394 632 2425 Commode
647 2404 721 2424 sane
737 2395 789 2424 ab-
880 2399 897 2423 6
915 2404 977 2421 cum
993 2393 1175 2421 obruerentur
1191 2391 1271 2430 copia
1286 2402 1306 2419 s.
1324 2396 1411 2431 atque
1427 2388 1475 2427 v.]
1493 2389 1531 2419 In

96 2436 200 2466 suerit.
226 2446 281 2476 pro
308 2435 461 2466 liberemur
484 2438 562 2467 Mss.
590 2438 652 2467 fere
678 2448 790 2468 ornnes

97 2478 271 2508 liberentur.-
295 2480 389 2518 idque
412 2490 476 2509 non
501 2481 573 2511 satis
590 2488 700 2519 aptum
716 2482 749 2510 h.
767 2481 789 2510 l.

96 2529 203 2551 tarnen
221 2523 313 2561 recipi
328 2523 453 2552 volebat
470 2524 636 2553 Buherius.

140 2572 158 2594 4
175 2576 309 2604 magnum
325 2566 348 2594 is
363 2566 417 2594 sibi
435 2567 607 2605 pretsidium
627 2565 786 2606 comparat]

97 2608 281 2646 Legendum
298 2610 491 2647 comparavit.

141 2657 156 2680 5
171 2651 272 2680 etenim
289 2651 312 2680 si
326 2651 476 2691 orationes]
493 2653 699 2690 Consequens
712 2658 789 2689 erat,

97 2699 206 2722 tamen
232 2695 473 2733 reprehensione
502 2705 567 2725 non
597 2702 789 2733 caruerunt,

98 2743 167 2774 post
187 2738 385 2774 parenthesin
408 2745 531 2768 mutata
545 2744 591 2768 est
606 2739 708 2768 forma
722 2747 791 2768 ora-

97 2777 202 2808 tionis.
245 2779 302 2809 Pro
316 2780 436 2820 probari
452 2781 605 2811 Corradus
623 2782 743 2811 Quaest.
759 2791 790 2820 p.

97 2827 170 2852 348.
186 2830 203 2850 e
219 2821 282 2852 Ms.
299 2824 431 2861 probare.
489 2825 577 2854 Idem
594 2825 627 2854 in
643 2825 707 2854 Ms.
724 2830 792 2863 post

407 2872 415 2886 X

835 2437 883 2466 his
901 2438 992 2465 haesit
1009 2437 1120 2465 frustra
1136 2435 1302 2464 Buherius.
1333 2433 1450 2462 Sensus
1466 2439 1530 2462 est:

834 2489 912 2509 cum
928 2479 1053 2518 copiam
1069 2489 1094 2508 s.
1107 2485 1137 2508 et
1151 2488 1182 2507 v.
1196 2478 1228 2506 in
1246 2478 1324 2506 meis
1337 2475 1531 2506 orationibus

833 2524 974 2552 viderent
988 2529 1122 2558 tantam,
1136 2529 1290 2560 quantam
1306 2520 1362 2559 ipsi
1380 2520 1530 2558 consequi

835 2576 899 2596 non
915 2573 1052 2605 possent.

878 2615 893 2643 7
913 2608 1051 2650 quijam]
1068 2608 1121 2637 An
1137 2613 1232 2635 tamen
1245 2606 1263 2635 ἓ

881 2658 897 2682 8
914 2651 1030 2680 auxilia
1046 2649 1097 2680 rel.
1108 2650 1160 2689 ph.
1174 2646 1348 2688 disciplinis]
1374 2647 1497 2678 Excidit
1512 2659 1534 2675 a

835 2695 1023 2735 praepositio,
1040 2694 1185 2732 absorpta
1207 2702 1225 2721 a
1249 2691 1338 2721 finali
1354 2691 1533 2729 praeceden-

835 2739 872 2768 tis
888 2738 986 2773 verbi,
1004 2738 1088 2766 idern
1102 2737 1207 2766 visum
1223 2735 1392 2770 Lambino,
1408 2735 1531 2763 Turne·

835 2781 876 2811 bo
904 2782 962 2811 ὅτε,
984 2787 1014 2809 et
1040 2780 1085 2809 sic
1111 2788 1175 2808 non
1202 2788 1283 2818 opus
1305 2787 1384 2811 curriv
1406 2775 1532 2806 Davisio

836 2824 988 2862 corrigere
1003 2821 1180 2860 disciplinas.

837 2877 914 2916 T4
