1778 3095
184 749 257 782 108

172 1986 246 2018 110
257 1982 332 2015 est.

276 163 356 198 550

716 161 795 199 DE
833 161 1270 204 DIVINATIONE

384 268 552 307 Curantes
570 282 696 319 magna
715 283 789 307 cum
807 285 900 316 cura,
919 275 1140 324 concupientes

380 322 502 373 Regni,
521 322 605 361 dant
621 334 750 373 operam
769 326 870 362 simul
886 328 1042 377 auspicio,
1061 329 1276 379 augurioque.

380 376 473 413 Hinc
493 377 614 413 Remus
633 378 777 427 auspicio
795 392 828 415 se
844 379 1002 424 devo-vet,
1022 391 1123 431 atque
1140 380 1317 418 secundam

380 429 483 466 Solus·
494 442 592 466 avem
608 440 735 467 scr-vat.

791 433 842 468 At
861 432 1018 469 Romulus
1030 435 1145 483 pulcer
1163 435 1197 471 in
1216 434 1284 470 alto

383 482 515 530 Qua’rit
531 484 713 528 Aventino,
730 497 867 522 servans
881 499 987 534 genus
1008 486 1247 523 altivolantum
1262 502 1276 523 .·

379 534 577 581 Certabant,
598 536 712 573 urbem
741 545 778 568 42
797 538 935 575 Romam
957 539 1172 576 Remoramne
1187 549 1357 577 vocarent.

381 588 545 626 Omnibus
563 603 644 626 cura
661 591 762 635 viris,
776 601 849 627 uter
866 600 946 627 esset
966 591 1187 641 induperator.

376 641 597 692 Exspectant,
617 643 738 687 veluti,
757 644 869 680 consul
890 657 961 680 cum
991 651 1029 674 43
1050 645 1177 681 mittere
1194 645 1328 694 signum

379 694 465 740 Vblt,
484 709 590 732 omnes
608 695 706 732 avidi
723 704 871 746 spectant
890 697 940 733 ad
953 698 1093 734 carceris
1110 711 1201 742 oras,

379 748 492 797 Quam
512 763 585 785 mox
602 749 733 785 emittat
762 756 801 779 44
812 750 909 799 pictis
926 763 967 786 ex
971 747 1132 799 faucibu’
1151 763 1266 787 currus
1279 766 1292 787 .-

378 801 435 838 Sic
447 801 658 852 exspectabat
674 801 828 851 populus,
848 812 948 853 atquc
975 810 1014 834 4⁵
1029 816 1081 840 ore
1099 802 1237 840 timebat

374 853 498 898 Rebus,
518 855 586 890 utri
605 856 719 903 magni
737 855 880 892 victoria
901 856 945 893 sit
963 855 1048 893 data
1062 857 1170 906 regni.

372 907 504 944 Interea
522 908 573 944 sol
589 905 679 944 albu’
697 909 825 945 recessit
843 909 877 945 in
895 909 1005 957 infera
1024 910 1138 946 noctis.

372 960 465 996 Exin
483 960 631 997 candida
644 974 676 997 se
693 961 796 998 radiis
815 961 904 999 dedit
923 963 992 999 icta
998 963 1103 1012 fhras
1121 962 1183 1000 lux
1197 979 1210 999 :

373 1013 421 1049 Et
440 1014 541 1050 simul
557 1028 599 1050 ex
617 1014 686 1051 alto
704 1015 797 1065 longe
810 1016 1008 1066 pulcerrima
1023 1027 1154 1067 praepes

371 1066 488 1104 Laeva
505 1067 643 1104 volavit
659 1069 738 1105 avis
751 1085 763 1104 .·
784 1069 886 1105 simul
901 1082 1020 1106 aureus
1038 1070 1185 1106 exoritur
1200 1068 1260 1106 sol.

374 1118 505 1157 Cedunt
523 1121 564 1158 de
578 1121 658 1158 caelo
677 1130 725 1158 ter
742 1130 901 1172 quattuor
917 1133 1051 1172 corpora
1070 1131 1189 1159 sancta

369 1178 411 1203 46
427 1174 573 1218 Avium,
586 1174 792 1225 praepetibus
810 1189 877 1212 sese
890 1176 1084 1226 pulcrisque
1101 1176 1175 1213 Iocis
1196 1174 1292 1213 dant.

375 1227 542 1278 Conspicit
559 1227 635 1264 inde
652 1228 716 1265 sibi
734 1228 818 1265 data
840 1229 1001 1266 Romulus
1019 1242 1086 1266 esse
1098 1229 1229 1280 priora,

374 1281 533 1331 Auspicio
561 1287 599 1316 47
616 1282 710 1331 regni
726 1281 882 1318 stabilita
900 1295 1049 1325 scamna,
1067 1283 1247 1333 solumque.

177 1348 251 1404 49
320 1354 402 1395 Sed
426 1354 538 1395 unde
566 1354 650 1396 huc
669 1355 859 1411 digressa
875 1365 952 1408 est,
981 1356 1134 1398 eodem
1156 1355 1299 1397 redeat
1319 1355 1469 1398 oratio.
1527 1356 1571 1397 Si
1591 1357 1696 1399 nihil

175 1423 250 1465 109
263 1424 415 1465 queam
435 1411 664 1467 disputare,
684 1412 960 1468 quamobrem
985 1413 1170 1469 quidque
1192 1413 1262 1453 fiat
1274 1428 1286 1463 3
1317 1421 1360 1454 et
1383 1414 1694 1465 tantummodo,

262 1467 349 1508 fieri
369 1482 433 1520 ea,
452 1483 547 1524 quae
567 1469 907 1520 commemoravi,
928 1469 1131 1511 doceaint
1161 1483 1363 1526 parumne
1383 1469 1566 1525 Epicuro
1587 1470 1694 1511 Car-

132 1536 164 1576 ρ·
180 1523 435 1565 ina-neadive
462 1524 769 1581 respondeam?
803 1525 934 1582 Quid,
954 1526 988 1567 si
1019 1527 1147 1568 etiam
1175 1526 1282 1567 ratio
1307 1534 1441 1567 exstat
1461 1526 1693 1568 artificiosae

221 1581 568 1635 ²·praesensi0nis‚
594 1582 758 1633 facilis3
788 1582 935 1623 divinae
963 1593 1120 1634 autem,
1149 1582 1293 1638 paullo
1317 1582 1565 1623 obscurior?
1596 1597 1692 1637 quae

260 1636 373 1677 enim
404 1640 524 1688 extis,
555 1652 648 1694 quae
680 1638 934 1694 fulguribus,
955 1655 1049 1695 quae
1080 1639 1298 1694 portentiS,
1318 1654 1411 1693 quae
1441 1639 1562 1679 astris
1583 1653 1691 1693 prae-

259 1694 508 1744 sentiuntur,
539 1693 629 1734 haec
660 1703 805 1735 notata
835 1704 932 1736 sunt
961 1695 1247 1736 observatione
1283 1695 1494 1735 diuturna.

1553 1695 1692 1737 Affert

258 1757 398 1790 autem
422 1757 604 1793 vetustas
625 1751 820 1792 omnibus
841 1751 883 1792 in
903 1752 1027 1793 rebus
1056 1751 1288 1807 longinqua
1319 1750 1607 1791 observatione
1625 1751 1690 1794 in-

257 1805 502 1847 credibilem
533 1807 749 1847 scientiam
771 1823 780 1848 :
809 1822 903 1863 quae
934 1817 1076 1863 potest
1103 1822 1194 1848 esse
1221 1808 1345 1848 etiam
1373 1806 1461 1847 sine
1482 1815 1604 1847 motu
1623 1815 1689 1848 at-

258 1877 340 1917 que
361 1862 546 1917 impulsu
575 1862 767 1915 deorum,
788 1878 901 1914 cum,
923 1864 1025 1919 quid
1053 1878 1103 1904 ex
1134 1878 1304 1920 quoque
1330 1863 1506 1914 eveniat,
1525 1873 1567 1904 et
1586 1863 1689 1918 quid

257 1933 469 1974 quamque
499 1933 586 1959 reni
615 1919 836 1974 significet,
865 1922 1010 1961 crebra
1039 1920 1393 1961 animadversione
1420 1929 1688 1975 perspectum

391 1975 539 2016 Altera
573 1975 787 2026 divinatio,
809 1986 874 2018 est
903 1977 1118 2027 naturalis,
1141 1985 1188 2017 ut
1207 1988 1303 2017 ante
1325 1975 1433 2016 dixi:
1465 1990 1558 2031 quae
1577 1975 1687 2032 phy-

257 2031 343 2072 sica
363 2030 602 2086 disputandi
624 2032 855 2073 subtilitate
872 2033 1089 2074 referenda
1109 2043 1172 2074 est
1193 2033 1246 2073 ad
1268 2042 1459 2073 naturam
1481 2032 1656 2073 deorum
1675 2049 1686 2074 ε

255 2102 280 2127 a
301 2101 397 2143 qua,
418 2096 467 2128 ut
491 2087 745 2129 doctissimis
770 2090 1169 2146 sapientissimisque
1198 2088 1371 2145 placuit,
1393 2088 1566 2129 haustos
1598 2088 1688 2129 ani·-

254 2157 363 2194 mos,
383 2154 427 2184 et
444 2143 598 2185 libatos
620 2145 821 2186 habemus
840 2163 848 2186 :
880 2161 1064 2202 cumque
1084 2146 1226 2187 omnia
1245 2144 1455 2201 completa
1474 2154 1517 2185 et
1535 2145 1687 2186 referta

254 2200 337 2240 sint
357 2209 513 2241 aeterno
540 2215 679 2253 sensu,
702 2210 745 2243 et
765 2211 904 2244 mente
925 2203 1076 2255 divina,
1097 2216 1266 2244 necesse
1287 2211 1350 2243 est
1379 2210 1418 2233 48
1434 2201 1686 2257 cognatione

295 2331 334 2354 49
360 2325 480 2354 Romam
505 2326 690 2355 Remoramne
715 2325 766 2366 w]
805 2327 945 2357 Quidam

252 2367 429 2405 Remamne;
452 2368 504 2398 alii
529 2369 701 2398 Remuram:
728 2371 878 2400 Remorum
895 2371 946 2400 fir-

251 2417 319 2439 mat
334 2411 467 2450 Dionys.
486 2411 588 2441 Halic.
607 2413 632 2449 1,
651 2420 700 2443 85.
717 2413 771 2452 qui
795 2414 891 2443 habet
913 2414 946 2443 iu

250 2451 330 2482 Mss.
348 2453 530 2483 melioribus
546 2454 695 2496 Ῥεμοξίαν.
719 2457 788 2486 add.
804 2457 944 2486 Turneb.

248 2494 331 2524 Adv.
346 2496 466 2531 XXIV,
485 2505 514 2527 4.

294 2544 332 2567 48
358 2538 470 2567 mittere
482 2537 610 2578 signum]
629 2540 783 2579 Mappam
798 2550 844 2571 sc.
857 2551 874 2571 e
890 2551 945 2580 po-

251 2578 314 2615 dio,
338 2588 399 2618 qua
424 2581 519 2610 missa
541 2589 658 2612 exeunt
681 2583 856 2614 carceribus
875 2593 945 2613 cur-

251 2631 315 2651 rus.
331 2632 361 2651 v.
378 2623 444 2652 Liv.
460 2624 550 2660 VIII,
568 2632 618 2654 40.

294 2672 333 2695 44
353 2665 440 2703 pictis
455 2665 655 2706 exsaucibus]
675 2668 694 2696 i.
711 2677 736 2696 e.
753 2669 837 2697 ostiis
855 2669 940 2703 circi,

249 2707 282 2737 in
298 2708 414 2746 quibus
429 2714 512 2738 stant
527 2718 649 2745 currus,
667 2720 738 2748 quae
754 2711 835 2749 picta
850 2719 879 2740 et
895 2721 944 2741 or·

248 2757 322 2781 nata
337 2751 431 2780 fuisse
448 2752 524 2788 hinc
540 2759 632 2790 patet.

290 2800 329 2823 45
353 2804 399 2822 ore
418 2793 536 2822 timebat
552 2791 660 2833 Rebus]
687 2795 832 2835 Intelligo
847 2795 884 2825 de
899 2796 939 2825 si-

247 2834 343 2865 lentio
359 2836 434 2872 alto,
452 2837 534 2875 quod
552 2846 617 2866 esse
632 2839 829 2876 stupentium
845 2845 938 2878 atque

245 2879 430 2910 timentium
445 2879 534 2910 solet.
550 2880 597 2910 ed.
615 2880 699 2910 Med·
717 2881 813 2912 habet
833 2893 881 2911 ora
898 2889 939 2911 te-

990 2327 1086 2364 nebat,
1110 2328 1161 2357 sed
1187 2338 1252 2357 non
1275 2327 1424 2357 convenit
1447 2325 1549 2355 rebus:
1573 2332 1627 2356 aut
1645 2326 1684 2356 de

989 2370 1094 2407 vultu,
1111 2371 1166 2409 qui
1183 2371 1330 2400 timorem
1347 2369 1504 2408 prodebat.

1032 2419 1073 2444 46
1096 2413 1226 2452 Avium]
1245 2413 1428 2451 Legendum
1445 2408 1654 2443 δισσυλλάὲως,

1033 2463 1071 2491 47
1098 2468 1122 2485 r.
1140 2467 1254 2485 scamna
1276 2452 1433 2495 solumque]
1456 2454 1509 2483 Est
1525 2454 1684 2493 periphra-

989 2499 1029 2528 sis
1046 2500 1142 2538 regni.

1032 2549 1071 2572 48
1097 2539 1258 2579 cognatione
1273 2539 1335 2568 div.
1353 2539 1683 2568 animorum—commo-

989 2583 1069 2621 vem]
1090 2583 1146 2612 Pro
1170 2582 1330 2621 cognatione
1353 2582 1499 2612 Davisius
1516 2581 1606 2611 malit
1620 2591 1682 2610 con-

987 2626 1121 2664 tagione:
1155 2625 1322 2663 eleganter.
1369 2624 1428 2654 Sed
1459 2632 1489 2654 et
1518 2623 1681 2663 cognatione

986 2668 1068 2697 bene
1091 2668 1197 2704 habet,
1221 2677 1318 2707 quam
1342 2674 1414 2697 ante
1436 2667 1517 2698 clare
1537 2675 1680 2696 comme-

987 2712 1132 2747 moravit,
1149 2721 1225 2740 eum
1243 2711 1367 2740 animos
1384 2717 1504 2740 nostros
1520 2710 1647 2738 haustos
1660 2718 1678 2738 e

984 2761 1096 2784 natura
1118 2755 1223 2783 divina
1246 2754 1342 2783 dixit:
1366 2760 1396 2783 et
1418 2762 1488 2782 eam
1505 2751 1578 2781 alibi
1597 2761 1677 2790 quo-

983 2806 1044 2835 que
1067 2798 1099 2826 in
1123 2798 1184 2826 hoc
1208 2796 1286 2825 libro
1310 2797 1351 2825 ita
1373 2801 1618 2831 commemorat,
1642 2801 1678 2824 ut

983 2840 1055 2870 inde
1077 2840 1145 2870 vim
1167 2840 1328 2870 divinandi
1351 2839 1445 2869 ducat
1466 2848 1496 2868 v.
1512 2837 1556 2874 11,
1575 2844 1626 2868 11.
1645 2844 1675 2867 et

984 2889 1033 2914 14.
