1778 3095
569 159 752 201 LIBER
786 159 1032 204 PRIMUS..
1433 166 1514 203 415

88 272 249 327 negotii
283 270 437 314 deum?
470 269 583 312 Hinc
614 269 732 311 vobis
765 268 926 310 exstitit
955 269 1140 325 primum
1172 267 1244 309 illa
1276 268 1413 311 fatalis
1442 285 1515 312 ne·
1527 279 1579 314 5⁵

89 330 275 381 cessitas,
296 344 422 385 quam
442 330 652 382 εἱμαρμένην
672 326 834 367 dicitis:
866 335 928 376 ut,
956 324 1162 382 quidquid
1189 324 1366 375 accidat,
1395 326 1440 367 id
1467 341 1519 370 ex

89 395 246 426 aeterna
269 386 451 434 veritate,
481 396 785 438 causarumque
814 382 1130 424 continuatione
1162 381 1329 422 fluxisse
1358 380 1518 424 dicatis.

90 442 251 497 Quanti
270 450 411 483 autem
430 440 522 480 haec
542 438 812 494 philosophia
837 439 1083 480 aestimanda
1101 446 1180 488 est,
1200 438 1284 489 cui,
1303 446 1522 493 tamquam

90 498 278 548 aniculis,
300 506 342 538 et
370 497 418 537 iis
451 496 622 551 quidem
652 495 849 545 indoctis,
879 495 966 535 fato
997 495 1084 536 fieri
1111 494 1327 535 videantur
1346 494 1519 535 omnia?

91 553 288 610 Sequitur
317 556 472 605 μαντικὴ
503 562 652 603 vestra,
687 567 782 608 quae
816 552 966 593 Latine
1001 551 1200 593 divinatio
1229 549 1405 591 dicitur:
1437 564 1524 605 qua

89 618 207 651 tanta
237 610 522 650 imbueremur
557 609 864 664 superstitione,
898 608 933 650 si
961 623 1034 649 vos
1063 607 1206 649 audire
1235 606 1450 657 vellemus,
1473 615 1523 649 ut

88 665 341 720 haruspiceS,
363 680 559 720 augures,
582 664 745 716 harioli,
764 674 875 706 vates
895 675 937 706 et
958 666 1219 721 conjectores
1241 663 1363 704 nobis
1383 671 1523 704 essent

89 722 268 765 colendi.
327 722 407 762 His
429 721 657 763 terroribus
677 722 730 762 ab
750 721 935 777 Epicuro
965 721 1108 772 soluti,
1138 729 1181 762 et
1209 720 1253 761 in
1281 719 1521 761 libertatem
1533 722 1586 760 56

89 777 297 828 vindicati,
338 792 413 819 nec
451 779 681 819 metuimus
721 792 810 829 eos,
849 793 956 834 quos
995 777 1287 832 intelligimus,
1325 790 1404 817 nec
1442 775 1523 817 sibi

89 835 246 889 fingere
265 834 395 875 ullam
416 834 668 885 molestiam,
703 849 779 875 nec
813 835 931 876 alteri
962 848 1147 891 quaerere
1168 850 1178 875 :
1208 842 1251 874 et
1269 833 1337 889 pie
1357 841 1522 874 sancte-

90 904 172 946 que
202 890 382 932 colimus
413 900 606 932 naturam
635 891 910 932 excellentem
940 901 1067 947 atque
1097 898 1380 946 praestantem.
1439 888 1632 932 Sedpdss’·⁴

89 946 224 989 elatus
246 947 399 997 studio,
419 961 577 997 vereor,
598 962 650 988 ne
669 947 837 1002 longior
857 947 1022 988 fuerim.
1060 949 1164 988 Erat
1182 955 1322 988 autem
1341 946 1524 998 difficile,
1534 946 1564 968 ³·

89 1018 179 1045 rem
196 1012 370 1054 tantam,
387 1014 559 1058 tamque
572 1003 829 1059 praeclaram,
850 1003 1091 1045 inchoatam
1106 1002 1353 1058 relinquere.
1373 1018 1528 1059 quam-

89 1074 218 1115 quam
241 1074 324 1100 non
355 1068 439 1100 tam
475 1060 642 1101 dicendi
672 1060 779 1102 ratio
809 1060 915 1103 mihi
945 1059 1138 1103 habenda
1166 1059 1260 1111 fuit,
1292 1074 1418 1116 quam
1448 1075 1527 1102 au-

90 1116 247 1158 diendi.

147 1174 259 1214 Tum
302 1173 446 1224 Cotta,
486 1173 678 1223 comiter,
712 1182 762 1215 ut
795 1174 971 1226 solebat,
1006 1174 1156 1231 Atqui,
1191 1174 1341 1230 inquit,
1373 1162 1608 1227 Vellei,21

91 1229 172 1274 nisi
206 1239 254 1271 tu
287 1230 445 1285 aliquid
481 1230 669 1281 dixisses,
709 1230 810 1272 nihil
852 1246 948 1272 sane
987 1246 1037 1273 ex
1076 1245 1148 1272 me
1174 1231 1348 1287 quidem
1383 1231 1589 1275 audire57

90 1286 314 1342 potuisses.
335 1287 439 1327 mihi
458 1287 567 1327 enim
590 1302 672 1327 non
694 1296 780 1328 tam
811 1288 932 1328 facile
961 1288 1003 1328 in
1030 1297 1218 1329 mentem
1248 1288 1385 1329 venire
1405 1287 1530 1338 solet,

91 1357 222 1398 quare
250 1357 392 1383 verum
424 1343 477 1383 sit
512 1343 684 1398 aliquid,
717 1358 842 1398 quam
876 1359 1005 1399 quare
1037 1344 1204 1386 falsum.
1264 1344 1399 1400 quue
1429 1359 1531 1388 cum

92 1414 218 1454 saepe,
238 1408 345 1450 tum,
366 1414 464 1440 cum
485 1407 527 1439 te
549 1399 736 1440 audirem
766 1408 803 1432 83
820 1401 964 1456 paullo
989 1410 1100 1451 ante,
1132 1400 1328 1455 contigit.
1389 1402 1531 1455 Roges,

91 1470 177 1506 me,
214 1457 380 1511 qualem
416 1456 594 1496 deorum
626 1464 817 1498 naturam
851 1466 889 1489 84
905 1471 995 1498 esse
1024 1456 1186 1498 dicam:
1219 1457 1325 1498 nihil
1355 1458 1534 1498 fortasse

91 1512 382 1567 respondeam.
442 1514 634 1568 Quaeras,
664 1521 863 1567 putemne
893 1513 1019 1554 talem
1053 1528 1157 1564 esse,
1187 1513 1323 1569 qualis
1350 1512 1481 1554 modo
1507 1527 1534 1554 a

90 1578 136 1610 te
159 1569 212 1609 sit
231 1569 446 1623 exposita:
478 1567 583 1608 nihil
602 1568 739 1609 dicam
759 1570 864 1610 mihi
887 1569 1015 1611 videri
1037 1570 1189 1612 minus.
1213 1569 1286 1610 sed
1305 1578 1531 1625 antequam

89 1625 320 1680 aggrediar
340 1624 393 1664 acl
413 1639 474 1675 ea,
502 1639 596 1680 quae
618 1639 642 1665 a
662 1634 704 1666 te
732 1625 944 1681 disputata
973 1634 1084 1677 sunt,
1117 1627 1168 1666 de
1198 1633 1240 1666 te
1269 1626 1361 1681 ipso
1391 1626 1532 1667 dicam

92 1682 195 1737 quid
217 1681 408 1722 sentiam.
469 1681 590 1736 Saepe
611 1681 723 1722 enim
755 1683 807 1723 de
837 1684 887 1723 L.
911 1682 1082 1732 Crasso,
1111 1682 1316 1724 familiare
1345 1682 1419 1724 illo
1439 1692 1597 1737 ωο,53ζ

92 1738 235 1779 videor
255 1737 434 1788 audisse,
455 1752 554 1778 cum
575 1746 616 1779 te
636 1738 792 1793 togatis
816 1739 1013 1780 omnibus
1034 1739 1122 1780 sine
1140 1739 1272 1780 dubio
1292 1740 1530 1790 anteferret,
1597 1737 1601 1742 “

93 1803 138 1835 et
156 1808 314 1850 paucos
335 1803 477 1834 tecum
498 1794 728 1849 Epicureos
750 1810 772 1835 e
794 1794 962 1836 Graecia
993 1804 1270 1850 compararet.
1304 1795 1394 1846 sed,
1415 1796 1533 1851 quod

94 1851 148 1891 ab
165 1866 216 1891 eo
236 1860 277 1892 te
298 1851 470 1891 mirifice
491 1850 611 1905 diligi
630 1850 936 1906 intelligebam,
967 1849 1198 1893 arbitrabar
1218 1852 1339 1893 illum
1362 1861 1534 1907 propter

93 1906 418 1948 benivolentiam
454 1907 497 1947 id
533 1908 703 1948 uberius
738 1907 888 1949 dicere.
947 1910 1043 1964 Ego
1078 1918 1237 1958 autem,
1272 1909 1353 1950 etsi
1389 1923 1533 1949 vereor

95 1963 265 2005 laudare
299 1973 565 2018 praesentem,
593 1963 743 2019 judico
779 1973 935 2014 tamen,
972 1966 1024 2006 de
1059 1980 1104 2006 re
1135 1966 1315 2006 obscura
1353 1973 1391 1997 8⁵
1406 1974 1536 2021 atque

95 2020 340 2061 difficillima
361 2034 385 2060 a
405 2030 447 2060 te
468 2020 630 2060 dictum
651 2035 743 2061 esse
759 2020 942 2062 dilucide
961 2038 970 2062 :
1004 2036 1141 2079 neque
1156 2022 1372 2064 sententiis
1393 2022 1532 2063 solum

93 2076 282 2132 copiose,
303 2076 376 2116 sed
399 2076 531 2116 verbis
553 2077 678 2116 etiam
701 2078 903 2129 ornatius,
925 2093 1052 2133 quam
1072 2079 1210 2119 solent
1221 2078 1361 2120 vestri.
1391 2080 1532 2120 Zeno·
1545 2089 1596 2129 59

95 2148 209 2183 nem,
230 2148 352 2188 quem
377 2133 498 2172 Philo
520 2141 659 2173 noster
686 2135 961 2189 coryphaeum
987 2135 1197 2190 appellare
1225 2136 1533 2191 Epicureorum

97 2190 276 2239 solebat,
297 2203 394 2229 cum
414 2189 596 2229 Athenis
615 2203 764 2240 essem,
781 2191 1003 2232 audiebam
1020 2192 1273 2246 frequenter,
1295 2202 1338 2233 et
1360 2192 1533 2248 quidem

97 2246 189 2300 ipso
224 2254 395 2286 auctore
433 2245 635 2286 Philone:
667 2246 808 2297 credo,
848 2256 898 2288 ut
930 2247 1092 2288 facilius
1116 2248 1368 2303 judicarem,
1405 2263 1534 2303 quam

95 2303 168 2344 illa
206 2303 312 2343 bene
352 2302 654 2352 refellerentur,
695 2317 791 2343 cum
834 2319 858 2343 a
897 2304 1082 2359 principe
1121 2304 1424 2359 Epicureorum
1463 2319 1533 2345 ac-

97 2359 318 2414 cepissem,
349 2358 711 2414 quemadmodum
748 2359 998 2400 dicerentur.
1057 2361 1158 2401 Non
1196 2360 1325 2414 igitur
1360 2361 1446 2411 ille,
1486 2369 1534 2401 ut

98 2415 303 2471 plerique,
333 2415 404 2456 sed
436 2415 517 2456 isto
548 2415 691 2465 modo,
725 2427 773 2457 ut
809 2424 870 2466 tu,
904 2416 1113 2467 distincte,
1145 2417 1342 2472 graviter,
1372 2426 1534 2458 ornate.

99 2471 182 2512 Sed
203 2472 316 2527 quod
336 2473 378 2512 in
406 2472 480 2513 illo
510 2472 615 2512 mihi
646 2487 726 2513 usu
755 2487 866 2527 saepe
897 2473 1020 2523 venit,
1051 2472 1163 2513 idem
1194 2473 1340 2523 modo,
1371 2488 1468 2514 cum
1491 2482 1533 2514 te

99 2528 304 2578 audirem,
326 2536 364 2560 86
378 2528 609 2579 accidebat,
643 2537 690 2569 ut
718 2529 896 2570 moleste
924 2529 1092 2580 ferrem,
1118 2538 1284 2570 tantum
1315 2529 1535 2585 ingenium

103 2584 234 2638 (bona
253 2585 370 2625 venia
388 2599 456 2626 me
478 2585 636 2638 audies)
654 2586 697 2626 in
715 2595 800 2626 tam
822 2585 945 2636 leves,
961 2600 1011 2626 ne
1027 2586 1165 2627 dicam
1187 2586 1229 2626 in
1249 2596 1333 2626 tam
1356 2588 1532 2643 ineptas,
1547 2597 1576 2630 1)1

145 2726 182 2750 83
205 2719 305 2758 paullo
330 2727 408 2756 ante,
436 2720 568 2760 contigit]
603 2723 690 2752 Male
721 2723 794 2754 ΜΙ-
880 2729 916 2752 83
942 2721 1236 2763 atquezlfflz‘cz'llima]
1261 2724 1312 2753 Sic
1338 2723 1400 2753 MS.
1424 2722 1535 2753 Guelf-

102 2772 142 2800 go
170 2763 321 2802 conringii,
350 2764 429 2793 Mss.
454 2763 557 2802 plures
579 2772 609 2798 et
631 2767 701 2796 edd.
716 2773 792 2796 vett.
836 2772 866 2795 et
881 2765 930 2795 alii
949 2775 997 2804 ap.
1014 2767 1121 2796 Daris.
1139 2777 1193 2805 pro
1209 2767 1338 2804 vulgato
1355 2764 1479 2804 difficili.

104 2805 221 2835 habent
236 2806 368 2844 contigit,
386 2813 420 2836 ut
435 2806 507 2835 Ald.
882 2813 920 2838 86
944 2808 1105 2848 accidi-hat]
1132 2810 1183 2839 Sic
1211 2810 1274 2839 Ms.
1299 2810 1329 2838 in
1359 2818 1458 2845 marg.
1485 2807 1534 2835 ed.

149 2854 187 2877 84
210 2859 266 2877 esse
302 2847 420 2888 ducam]
462 2849 524 2878 Ms.
555 2849 661 2881 Guelf.
700 2851 793 2882 dicam
838 2851 950 2880 Lamb.
974 2853 1059 2888 quod
1083 2861 1147 2882 non
1171 2853 1310 2883 dubitavi
1335 2851 1462 2890 vulgato
1487 2860 1536 2878 ac-

104 2890 195 2921 bene.
212 2891 338 2931 vulgato
355 2903 410 2921 esse
427 2901 490 2923 non
508 2894 666 2924 convenit.
840 2892 960 2930 fiderat,
980 2895 1133 2934 praeferre.
