1778 3095
524 98 701 136 LIBER
741 97 1074 136 SECUNDUS.
1437 108 1511 150 593

82 212 237 262 poema
272 206 456 249 declarat
487 208 565 259 (est
595 205 708 246 enim
738 206 872 260 magis
902 206 1001 247 artis
1031 215 1074 248 et
1107 205 1351 261 diligentiae,
1383 224 1511 264 quam

81 265 335 306 incitationis
367 274 410 305 et
444 262 600 313 motus)
641 271 731 301 tum
760 276 857 301 vero
889 276 951 311 ea,
989 278 1083 318 quae
1115 265 1307 318 ἀκροςιχὶς
1342 264 1509 318 dicitur,

81 335 180 361 cum
222 321 418 375 deinceps
459 327 495 350 12
518 332 567 358 ex
608 317 752 371 primis
793 331 985 358 versuum
1023 320 1171 360 litteris
1209 319 1367 375 aliquid
1405 337 1508 363 con-

80 378 275 428 nectitur,
306 385 352 417 ut
381 376 423 416 in
452 374 701 431 quibusdam
733 373 946 424 Ennianis,
981 382 1016 405 13
1039 377 1152 429 [anoe
1181 376 1342 417 Ennius
1357 376 1501 432 fecit]

78 431 122 473 id
153 443 265 474 certe
285 433 418 487 magis
446 442 510 472 est
537 430 684 471 attenti
710 430 852 480 animi,
884 445 1010 484 quam
1042 431 1231 472 furentis.
1289 434 1433 488 Atque
1463 435 1506 475 in
1522 445 1592 477 112

79 489 295 544 Sibyllinis
328 498 365 520 14
381 502 430 528 ex
463 487 600 542 primo
633 501 751 527 versu
779 486 984 542 cujusque
1014 487 1229 527 sententiae
1260 489 1404 542 primis
1436 490 1506 531 lit-

76 546 176 586 teris
194 546 305 586 illius
327 544 542 585 sententiae
564 558 730 584 carmen
751 557 874 583 omne
896 544 1148 598 praetexitur.
1209 544 1307 585 Hoc
1327 546 1502 600 scripto-

75 601 131 641 ris
170 611 247 651 est,
279 615 363 641 non
398 600 597 651 furentis3
647 599 883 641 adhibentis
923 599 1201 655 diligentiam,
1233 614 1317 641 non
1356 601 1503 644 insani.

76 656 368 698 Quamobrem
404 656 610 712 Sibyllam
641 655 809 711 quidem
844 657 1069 710 sepositam
1102 666 1143 697 et
1177 657 1391 698 conditam
1428 658 1504 700 ha-

74 712 264 763 beamus,
284 723 347 763 ut,
369 712 410 753 id
433 713 547 768 quod
576 713 787 768 proditum
809 722 872 753 est
893 727 918 752 a
937 713 1182 768 majoribus,
1204 713 1365 768 injussu
1385 728 1504 756 sena-

71 777 140 809 tus
162 783 214 810 ne
233 769 429 824 legantur
450 769 619 825 quidem
640 768 747 819 libri,
770 769 1015 824 valeantque
1043 769 1096 809 ad
1126 769 1394 824 deponendas
1425 785 1505 826 po·

71 825 171 876 tius,
191 840 317 881 quam
338 826 390 866 ad
420 825 701 881 suscipiendas
728 825 976 879 religiones:
1009 841 1104 867 cum
1127 826 1381 867 antistitibus
1401 841 1503 882 aga-

71 896 181 932 mus,
203 891 251 923 ut
268 882 428 938 quidvis
449 883 588 937 potius
608 896 659 922 ex
678 881 759 922 illis
780 881 909 932 libriS,
931 897 1057 937 quam
1084 897 1229 937 regem
1257 884 1473 938 proferant
1491 901 1502 925 t

70 952 197 992 quem
225 939 371 979 Romae
391 939 580 993 posthaec
601 952 676 978 nec
697 937 768 986 dii,
790 952 864 977 nec
892 938 1082 978 homines
1104 953 1193 979 esse
1224 948 1258 971 1⁵
1274 941 1500 995 patiantur.

69 995 132 1035 At
152 995 274 1035 multi
295 1009 406 1050 saepe
427 1009 520 1035 vera
539 994 761 1045 vaticinati,
785 1002 831 1035 ut
855 993 1106 1045 Cassandra,
1515 991 1584 1041 55

175 1074 329 1124 Jamque
355 1074 443 1110 mari
461 1087 647 1123 magno.-

66 1147 311 1203 Eademque
331 1148 475 1203 paullo
495 1156 590 1203 post
607 1164 617 1189 z

175 1228 270 1265 Eheu
289 1228 469 1265 videte.—

66 1301 186 1341 Num
220 1302 350 1356 igitur
381 1316 450 1342 me
479 1300 596 1356 cogis
624 1301 750 1342 etiam
781 1299 932 1342 fabulis
961 1300 1157 1342 credere?
1191 1316 1285 1357 quae
1315 1302 1588 1351 delecta-113

66 1357 192 1399 tionis
232 1358 428 1409 habeant,
468 1367 671 1413 quantum
704 1357 847 1399 voles:
890 1358 1037 1408 verbis,
1080 1358 1310 1409 sententiis,
1352 1375 1499 1401 nume-

65 1414 134 1464 ris,
171 1415 364 1456 cautibus
396 1414 669 1471 adjuventur:
700 1415 992 1455 auctoritatem
1025 1415 1196 1469 quidem
1232 1415 1390 1456 nullam
1423 1416 1497 1457 de-
1511 1434 1541 1463 p.
1560 1431 1629 1456 1232.

65 1470 227 1521 bemus,
257 1486 332 1512 nec
366 1470 489 1511 fidem
516 1471 822 1511 commenticiis
853 1471 975 1511 rebus
1007 1470 1253 1526 adjungere.
1312 1473 1497 1514 Eodem·
1510 1477 1539 1498 a.

63 1541 147 1581 que
181 1527 312 1568 modo
344 1542 419 1568 nec
448 1542 530 1582 ego
564 1527 752 1568 Publicio
781 1528 920 1567 nescio
956 1528 1038 1576 cui,
1071 1542 1146 1567 nec
1183 1529 1358 1570 Marciis
1394 1530 1498 1571 vati-

64 1583 157 1633 bus,
197 1597 273 1623 nec
302 1583 514 1639 Apollinis
555 1583 710 1638 opertis
746 1583 1002 1623 credendum
1044 1583 1269 1626 existimo:
1315 1600 1497 1640 quorum

61 1639 213 1693 partim
250 1640 346 1680 ficta
380 1649 537 1695 aperte,
568 1639 719 1694 partim
759 1640 923 1680 effutita
961 1650 1133 1690 temere,
1170 1655 1403 1696 numquam
1445 1657 1498 1683 ne

62 1695 263 1737 mediocri
302 1696 473 1752 quidem
514 1697 727 1752 cuiquam,
768 1710 852 1736 non
896 1696 1027 1736 niodo
1068 1697 1278 1751 prudenti,
1321 1699 1498 1752 probata

61 1761 175 1793 sunt.
234 1753 378 1794 Quid?
411 1753 597 1808 inquies:
629 1767 771 1793 remex
803 1752 874 1792 ille
907 1752 959 1793 de
989 1753 1121 1793 classe
1155 1753 1354 1808 Coponii,
1391 1770 1586 1802 non-114

63 1822 114 1848 ne
147 1823 197 1848 ea
229 1809 434 1863 praedixit,
464 1824 558 1864 quae
594 1809 705 1849 facta
738 1810 865 1849 sunt?
902 1808 979 1848 Ille
1005 1823 1116 1859 verO,
1150 1820 1191 1850 et
1224 1825 1272 1850 ea
1309 1811 1497 1865 quidem,

62 1879 158 1919 quae
188 1879 333 1905 omnes
367 1879 423 1906 eo⁴
452 1874 656 1919 tempore,
693 1879 744 1904 ne
780 1864 1032 1915 acciderent,
1063 1866 1330 1907 timebamus.
1361 1876 1498 1909 castra

62 1920 175 1960 enim
204 1921 245 1961 in
273 1921 491 1962 Thessalia
519 1921 663 1961 castris
689 1920 842 1961 collata
862 1920 1163 1962 audiebamus:
1195 1923 1499 1980 videbaturque

61 1977 182 2017 nobis
208 1978 412 2018 exercitus
436 1977 612 2018 Caesaris
645 1985 687 2017 et
714 1977 899 2017 audaciae
927 1977 1021 2032 plus
1050 1978 1218 2029 habere,
1242 1980 1397 2034 quippe
1425 1982 1497 2036 qui

58 2034 207 2087 patriae
247 2034 404 2074 bellum
444 2033 677 2083 intulisset3
725 2042 768 2073 et
808 2034 985 2084 roboris,
1021 2044 1191 2089 propter
1231 2045 1494 2078 vetustatem.

62 2088 221 2130 Casum
257 2100 400 2131 autem
440 2091 590 2145 proelii,
626 2104 750 2130 nemo
791 2092 980 2130 nostrum
1020 2102 1124 2141 erat,
1160 2091 1261 2146 quin
1301 2093 1494 2135 timeret:

60 2145 133 2186 sed
162 2146 234 2196 ita,
270 2153 306 2178 16
320 2156 368 2188 ut
393 2146 685 2187 constantibus
716 2146 957 2188 hominibus
988 2161 1063 2201 par
1092 2158 1195 2197 erat,
1226 2163 1310 2188 non
1336 2159 1495 2203 aperte.

60 2201 139 2243 Ille
169 2212 312 2244 autem
335 2204 524 2253 Graecus,
544 2202 644 2259 quid
675 2203 845 2253 mirum,
866 2203 901 2244 si
928 2203 1221 2258 magnitudine
1246 2205 1423 2255 timoris,
1446 2216 1495 2247 ut

57 2258 309 2315 plerumque
331 2260 390 2311 fit,
411 2274 436 2301 a
465 2260 713 2310 constantia,
740 2270 867 2315 atque
893 2274 917 2300 a
941 2269 1098 2311 mente,
1125 2270 1252 2316 atque
1281 2276 1307 2301 a
1332 2276 1374 2301 se
1403 2263 1494 2318 ipse

57 2314 277 2357 discessit?
315 2331 398 2372 qua
433 2316 746 2372 perturbatione
773 2316 916 2365 animi,
947 2331 1056 2372 quae,
1086 2331 1210 2358 sanus
1238 2332 1337 2359 cum
1370 2328 1495 2372 esset,

100 2436 136 2459 ια
160 2440 197 2457 ex
220 2429 326 2467 primis
354 2440 490 2459 versuum
523 2427 645 2469 litteris]
680 2430 749 2459 Ver-
792 2436 838 2459 est
853 2429 939 2469 ρἧις,
956 2430 1058 2467 locus,
1077 2440 1142 2470 quo
1163 2431 1282 2471 aliquid
1305 2432 1492 2472 explicatur.

55 2482 136 2501 suum
166 2471 262 2501 habet
287 2473 350 2503 Ms.
380 2473 525 2509 pateam,
550 2480 585 2502 ut
610 2474 749 2503 Auratus
792 2482 865 2512 ergo
885 2482 995 2504 sensus
1016 2481 1076 2511 est,
1100 2474 1197 2504 literae
1219 2476 1330 2513 primae
1351 2476 1493 2515 singulo-

54 2515 246 2552 conjecerat,
273 2522 302 2544 et
330 2515 479 2546 Davisius
504 2515 542 2545 de
566 2516 750 2554 conjectura
793 2525 866 2545 rum
882 2516 1029 2555 deinceps
1047 2527 1198 2547 versuum
1217 2519 1403 2557 exprimunt
1423 2520 1492 2550 bre-

53 2558 169 2586 edidit:
194 2558 300 2596 itaque
315 2565 346 2588 et
367 2560 432 2598 ipse
446 2559 491 2589 sic
506 2558 598 2588 edidi.
644 2558 750 2597 Vulgo
792 2559 870 2587 viter
885 2568 1015 2588 sensum
1033 2561 1127 2590 totius
1142 2560 1254 2597 ῥήσεως,
1271 2563 1430 2593 carminis.

54 2606 101 2630 est
116 2610 228 2629 versus.
839 2608 876 2631 15
902 2600 1074 2641 patiantur]
1112 2602 1163 2632 Sic
1194 2613 1248 2642 pro
1273 2604 1442 2643 patiuntur,
1472 2613 1490 2634 θ

99 2648 137 2673 13
161 2653 227 2684 quae
246 2641 356 2671 Ennius
360 2641 453 2681 fecit]
480 2642 552 2673 Hoc
569 2649 615 2674 est
630 2652 648 2673 a
668 2643 751 2683 glos·
794 2644 857 2674 Ms.
882 2644 963 2674 bene
985 2645 1145 2675 Davisius.
1161 2647 1206 2675 sic
1221 2648 1354 2676 correxit
1373 2654 1402 2675 et
1421 2655 1490 2676 ma-

52 2691 166 2716 eatore.
183 2687 288 2724 itaque
304 2685 394 2715 uncis
411 2684 536 2716 inclusi.
794 2697 854 2717 nus
871 2687 964 2717 docta
980 2689 1011 2717 in
1027 2689 1076 2717 ed.
1092 2689 1174 2718 Ven.
1195 2696 1285 2721 1494.

101 2735 139 2758 14
163 2739 199 2758 ex
213 2727 308 2768 primo
327 2737 415 2757 versu
435 2728 569 2769 cnjusque
585 2726 745 2766 sententiae]
839 2734 876 2759 16
899 2736 932 2758 ut
954 2731 1145 2760 constantibus
1161 2731 1315 2759 hominibus
1331 2736 1389 2768 par
1409 2729 1485 2770 erat]

54 2770 216 2810 intelligo,
232 2771 305 2801 inde
324 2779 343 2800 a
363 2770 466 2810 primo
480 2780 572 2802 versu
592 2772 748 2811 cujusque
792 2772 894 2801 Latini
911 2782 976 2802 non
991 2774 1103 2803 dicunt
1113 2780 1172 2812 par
1187 2780 1227 2802 est
1243 2772 1313 2801 mihi
1329 2782 1383 2811 pro
1399 2775 1488 2806 decer

49 2814 231 2851 sententiae,
247 2815 286 2843 ad
308 2813 410 2844 finem
431 2822 544 2854 usque.
587 2815 750 2846 Sententia
792 2823 856 2843 me.
873 2814 978 2854 itaque
995 2816 1024 2846 in
1039 2817 1221 2848 addendum
1236 2822 1358 2856 putem.

105 2867 226 2897 vox..
247 2869 317 2898 xv.
339 2869 379 2897 P.
402 2868 436 2898 ι.
789 2869 821 2896 α
842 2869 869 2910 q
