1768 3095
231 61 282 93 58
567 55 835 94 ACADEM.
868 55 1316 94 QUAESTIONUM

166 173 215 214 93
232 175 340 213 mus,
362 176 446 204 non
466 161 685 205 habemus.
745 164 806 205 At
826 163 963 205 vitiosi
985 171 1081 205 sunt
1102 163 1546 220 soritae.F1angite
1536 165 1668 221 igitur

231 232 318 269 eOS,
350 219 383 260 si
414 220 604 274 potestis,
637 235 688 261 nc
726 220 893 262 molesti
931 221 1026 261 sint.
1063 230 1186 262 erunt
1219 221 1345 272 enim,
1384 236 1461 262 nisi
1497 223 1664 263 cavetis.

187 286 219 317 b
232 284 401 317 cautum
435 285 512 328 est,
548 277 697 333 inquit.
728 276 868 332 placet
899 277 1010 318 enim
1045 277 1302 341 Chrysippo,
1328 292 1425 320 cum
1455 277 1665 333 gradatim

230 331 529 397 interrogetur,
551 334 664 374 verbi
683 347 823 385 causa,
844 333 937 384 tria,
964 347 1098 388 pauca
1131 334 1228 385 sint,
1258 350 1366 376 anne
1396 334 1558 376 multa:
1590 335 1668 377 ali-

230 398 390 445 quanto
419 389 548 453 prius,
571 397 609 422 86
626 405 752 446 quam
783 390 836 431 ad
866 391 1002 431 multa
1026 391 1252 445 perveniat,
1275 391 1506 447 quiescere,
1526 390 1568 432 id
1587 401 1666 442 est,

230 446 346 502 quod
375 446 428 487 ab
457 445 507 486 iis
532 446 699 498 dicitur,
721 447 933 501 ἡσυχάζειν.
996 447 1071 487 Per
1097 461 1165 488 me
1197 448 1260 488 vel
1291 458 1441 489 stertas
1468 447 1582 499 licet,
1603 447 1668 489 in-

230 503 323 558 quit
356 502 612 555 Carneades,
647 518 731 544 nou
767 502 896 544 modo
932 503 1137 558 quiescas.
1171 511 1206 540 87
1223 503 1297 545 sed
1332 504 1433 560 quid
1468 504 1665 560 proficit?

231 559 421 615 sequitur
439 561 566 611 enim,
587 560 658 616 qui
689 569 730 600 te
761 574 811 600 ex
839 574 989 601 somno
1010 560 1177 611 excitet,
1199 570 1242 601 et
1271 560 1420 602 eodem
1453 560 1612 602 modo
1603 575 1667 602 m-

231 625 435 672 terroget.
496 625 534 649 88
556 617 657 659 Quo
686 616 726 656 in
757 630 934 657 numero
963 616 1232 658 conticuisti:
1261 617 1296 658 si
1317 617 1370 658 ad
1390 631 1488 658 eum
1518 632 1668 658 nume-

232 687 326 714 rum
363 688 495 715 unum
530 672 747 722 addidero,
781 673 970 713 multane
1007 675 1164 714 erunt?
1202 673 1473 729 progrediere
1512 688 1668 726 rursuS,

232 729 373 785 quoad
392 730 614 775 videbitur.
674 729 789 785 Quid
810 730 955 784 plura
948 731 961 758 ³
995 729 1077 771 hoc
1107 730 1217 771 enim
1246 729 1415 771 fateris·
1446 743 1583 786 neque
1603 730 1669 771 ul-

233 786 385 827 timum
421 797 463 828 te
494 801 742 851 paucorum,
773 800 908 850 neque
939 786 1122 841 primum
1154 786 1386 828 multorum
1416 785 1672 842 respondere

233 857 372 898 posse.
392 845 512 900 cujus
533 843 699 899 generis
721 857 836 884 error
855 842 913 884 ita
932 852 1090 893 manat,
1110 852 1159 884 ut
1176 858 1259 885 non
1279 843 1458 894 videam,
1478 857 1564 899 quo
1584 857 1670 884 non

169 905 221 949 94
233 900 368 955 possit
398 900 612 942 accedere.
670 899 793 940 Nihil
820 914 888 940 me
917 899 1046 950 laedit,
1068 900 1217 956 inquit.
1248 914 1331 955 ego
1362 900 1490 951 enim,
1511 907 1560 940 ut
1579 899 1671 956 agi-

232 965 346 998 tator
365 956 555 1009 callidus,
575 956 689 1021 prius
709 970 835 1021 quam
858 956 911 997 ad
932 957 1054 998 finem
1074 957 1252 1007 veniam,
1273 971 1406 1012 equos
1428 956 1669 998 sustinebo.

232 1027 369 1078 eoque
385 1014 538 1069 magis,
558 1015 592 1054 si
611 1013 759 1054 locus
750 1028 800 1064 is,
820 1027 905 1069 quo
925 1013 1113 1054 ferentur
1140 1014 1252 1070 equi,
1273 1027 1460 1078 praeceps
1486 1013 1580 1054 erit.
1611 1012 1671 1054 sic

232 1084 316 1121 me,
337 1070 488 1126 inquit,
509 1078 606 1112 ante
627 1069 858 1122 sustinebo,
884 1084 961 1111 nec
989 1070 1146 1111 diutius
1176 1071 1365 1126 captiose
1393 1070 1672 1126 interroganti

234 1134 274 1161 89
289 1126 569 1182 respondebo.
628 1127 674 1167 Si
708 1127 852 1178 habes,
890 1126 1004 1182 quod
1035 1126 1209 1183 liqueat,
1244 1141 1381 1182 neque
1409 1126 1668 1191 respondes·
1658 1157 1670 1176 ,

232 1183 438 1239 superbis.
469 1183 503 1224 si
536 1197 620 1224 non
651 1183 814 1224 habes·
804 1214 816 1233 ,
847 1192 887 1217 90
905 1197 957 1223 ne
987 1191 1035 1224 tu
1066 1183 1238 1238 quidem
1268 1183 1462 1238 percipiS.
1493 1182 1543 1233 si,
1571 1197 1672 1238 quia

233 1240 440 1291 obscura-3
471 1238 676 1281 concedo.
707 1239 779 1280 sed
801 1252 930 1294 negas
951 1248 993 1280 te
1014 1253 1148 1294 usque
1176 1238 1231 1280 ad
1260 1239 1442 1280 obscura
1460 1238 1672 1295 'progredi-

231 1296 466 1338 illustribus
485 1296 614 1360 igitur
635 1295 760 1336 rebus
779 1295 949 1337 insistis.
981 1295 1016 1336 si
1034 1295 1077 1336 id
1097 1295 1412 1347 tantummodo,
1438 1304 1487 1337 ut
1515 1304 1672 1347 taceas,

232 1352 339 1394 nihil
369 1352 615 1408 assequeris.
633 1351 748 1416 ‘quid
782 1351 894 1393 enim
931 1351 984 1392 ad
1017 1352 1152 1402 illum,
1184 1352 1257 1409 qui
1287 1360 1330 1393 te
1365 1361 1536 1407 captare
1567 1352 1671 1403 vult,

231 1418 377 1451 utrum
398 1418 609 1451 tacentem
632 1408 794 1450 irretiat
812 1417 869 1460 te,
890 1423 941 1449 an
964 1409 1209 1464 loquentem
1232 1410 1246 1449 ?
1279 1409 1341 1449 sin
1366 1418 1506 1449 autem
1537 1422 1670 1464 usque

232 1466 306 1507 ad
320 1480 487 1515 novem,
518 1465 632 1506 verbi
669 1465 819 1520 gratia,
852 1465 942 1506 sine
975 1465 1240 1507 dubitatione
1274 1464 1501 1520 respondes
1536 1479 1672 1520 pauca

232 1536 338 1573 esse,
365 1522 408 1563 in
436 1522 604 1563 decimo
632 1521 815 1563 insistis:
847 1522 974 1563 etiam
997 1536 1021 1562 a
1040 1523 1180 1572 certis,
1200 1530 1242 1562 et
1272 1521 1568 1563 illustrioribus
1594 1535 1670 1563 co-

232 1579 354 1620 hibes
372 1593 616 1620 assensum:
649 1578 730 1619 hoc
763 1577 872 1618 idem
907 1593 977 1619 me
1009 1578 1049 1619 in
1082 1579 1272 1620 obscuris
1292 1578 1430 1619 facere
1450 1593 1534 1619 non
1555 1578 1672 1619 sinis.

233 1635 337 1676 nihil
357 1635 487 1691 igitur
507 1646 549 1677 te
571 1643 717 1676 eontra
746 1636 893 1676 soritas
913 1650 977 1676 ars
1000 1636 1080 1676 ista
1098 1635 1293 1699 adjuvat:
1325 1643 1362 1669 91
1380 1649 1475 1691 quae
1496 1649 1572 1676 nec
1594 1649 1670 1676 au-

233 1691 364 1747 genti,
386 1706 463 1733 nec
494 1691 716 1741 minuenti,
737 1691 840 1747 quid
871 1701 944 1732 aut
971 1692 1154 1747 primum
1187 1691 1256 1742 sit,
1288 1701 1363 1732 aut
1391 1700 1668 1747 postremum,

170 1755 219 1795 95
234 1749 372 1790 docet.
432 1748 562 1805 Quid,
584 1747 699 1804 quod
729 1747 877 1789 eadem
910 1748 982 1789 illa
1010 1762 1090 1798 ars,
1112 1748 1230 1804 quasi
1253 1756 1291 1782 92
1311 1747 1520 1804 Penelope
1539 1748 1667 1789 telam

234 1815 439 1857 retexenS,
458 1805 572 1846 tollit
592 1805 646 1846 ad
666 1813 901 1846 extremum
932 1804 1174 1860 superiora.
1166 1806 1179 1836 ³
1214 1814 1354 1846 utrum
1377 1819 1428 1846 ea
1446 1813 1596 1856 vestra,
1616 1819 1669 1846 an

233 1870 377 1903 nostra
396 1861 521 1917 eulpa
540 1870 602 1902 est
622 1863 634 1902 .³
669 1875 822 1917 nempe
844 1861 1164 1902 fundamentum
1188 1860 1420 1902 dialecticae
1444 1869 1522 1911 est,
1544 1861 1669 1918 quid-

234 1919 336 1974 quid
357 1919 598 1964 enuntietur
621 1917 679 1971 (id
700 1927 841 1959 autem
862 1917 1097 1973 appellatur
1126 1917 1298 1970 ἀξίωμαε
1330 1916 1443 1973 quod
1466 1925 1530 1959 est
1550 1919 1677 1974 quasi

123 1986 154 2016 Ρ·
169 1983 219 2049 ’ὶέ-
234 1976 423 2029 effatum)
449 1984 523 2016 aut
541 1989 682 2016 verum
704 1989 808 2026 esse,
829 1983 902 2016 aut
922 1975 1088 2016 falsum.
1120 1975 1223 2031 quid
1252 1974 1408 2030 igitur.
1400 1976 1414 2005 ³
1448 1974 1539 2016 haec
1557 1988 1668 2028 vera,

230 2112 340 2142 Cicero
365 2121 419 2150 pro
443 2120 522 2150 vago
547 2111 614 2146 illo,
642 2109 726 2151 quod,
749 2111 851 2149 posuit
873 2119 926 2140 ex·
972 2109 1120 2146 Grutero,
1147 2118 1223 2140 cum
1251 2109 1407 2139 Victorius
1438 2109 1515 2140 illud
1541 2110 1670 2151 percipis

231 2155 355 2194 planate
371 2161 464 2194 atque
486 2154 692 2184 determinate
709 2160 814 2195 quanto
830 2153 927 2182 aldito
971 2153 1099 2188 dederit,
1111 2153 1196 2192 quod
1213 2159 1243 2182 et
1259 2162 1305 2182 res
1321 2153 1483 2183 desiderat.

230 2206 282 2227 au!
298 2197 400 2226 demto.
1015 2203 1051 2228 91
1068 2206 1148 2237 quae,
1162 2206 1210 2224 ncc
1221 2195 1352 2234 augenti,
1365 2206 1415 2224 nec
1429 2195 1582 2231 minuenti,
1598 2196 1676 2238 quid

275 2245 313 2271 86
338 2250 425 2282 quam
448 2239 488 2268 ad
512 2238 604 2268 multa
622 2244 670 2277 pet
671 2238 796 2279 unias]
823 2249 865 2269 sc.
890 2240 926 2275 ἰ5,
973 2244 1022 2267 aut
1031 2244 1081 2277 pr.
1094 2238 1131 2266 sit
1140 2244 1379 2286 ..autpostremum
1401 2237 1495 2280 docet]
1512 2239 1601 2270 Edidi
1617 2250 1671 2270 au-

231 2284 284 2322 qui
302 2284 488 2322 interrogat:
513 2283 565 2312 sed
584 2282 660 2311 forte
676 2282 791 2312 melius
808 2282 929 2321 legatur
968 2280 1050 2328 geori
1064 2287 1093 2310 et
1108 2280 1245 2309 »inuenti
1268 2291 1323 2320 pro
1344 2280 1474 2320 vulgato
1494 2281 1620 2322 augendi
1639 2288 1671 2313 et

228 2334 260 2365 p
252 2327 397 2362 rvmios,
415 2325 464 2355 vel
475 2325 678 2364 perveniatur.
973 2323 1130 2359 minuendi,
1153 2324 1236 2371 quod
1262 2325 1347 2354 unde
1369 2325 1504 2364 pendeat
1526 2335 1591 2356 non
1613 2325 1670 2356 ha-

276 2375 311 2403 87
339 2369 399 2404 sed,
424 2368 496 2409 quid
514 2367 644 2407 proficit]
670 2368 845 2398 Contextus
876 2376 930 2406 po·
973 2367 1044 2396 bet:
1070 2366 1187 2405 augenti
1202 2374 1310 2397 autern
1333 2374 1364 2397 et
1387 2366 1527 2397 minuenti
1542 2369 1673 2399 refertur

231 2412 329 2441 stulat
349 2411 478 2450 proficis,
503 2411 560 2440 nisi
585 2411 645 2440 fuit
661 2411 767 2450 prosit,
791 2418 827 2441 ut
850 2410 929 2440 Dav.

231 2455 460 2493 suspicabatur.

278 2503 315 2527 fib
341 2497 403 2525 Quo
428 2497 457 2525 in
484 2507 597 2525 numero
623 2495 796 2533 conticuisti]
823 2495 929 2534 Vulgo

234 2540 320 2569 Quod
332 2540 426 2569 male.
451 2538 513 2568 Quo
525 2540 593 2577 jam
611 2539 777 2568 Manutius
789 2545 819 2568 et
835 2539 928 2569 Lam-

233 2583 328 2613 binus
350 2584 485 2617 edidere,
501 2588 609 2621 estque
625 2583 657 2611 in
675 2581 754 2611 Mss.
771 2590 927 2621 repertum

231 2627 328 2656 etiam
344 2634 361 2654 a
374 2626 514 2655 Davisio.

277 2676 316 2702 89
344 2666 521 2707 respondebo]
555 2667 605 2697 Sic
632 2668 701 2697 edd.
731 2674 805 2696 vett.
832 2668 926 2697 etiam

233 2711 312 2742 Mss.
327 2711 444 2750 Vulgg.
462 2710 619 2750 respondeo.

276 2762 316 2788 90
332 2766 364 2783 tu
380 2762 411 2784 tu
426 2753 540 2795 quidem
559 2751 699 2793 percipis]
726 2753 783 2783 Pro
800 2752 929 2791 vulgato

227 2797 378 2837 perspicis,
405 2798 488 2836 quod
517 2797 614 2827 miror
636 2802 795 2827 servatum
822 2806 888 2827 esse
911 2805 928 2825 a

974 2410 1011 2439 ad
1025 2409 1152 2448 primum
1166 2410 1218 2446 sit,
1232 2417 1341 2449 estque
1356 2420 1374 2440 a
1389 2420 1454 2450 quo
1466 2412 1602 2450 augendi
1614 2418 1671 2442 aut

974 2452 1139 2482 minuendi
1169 2453 1298 2483 initium
1328 2454 1433 2490 faciat,
1463 2460 1519 2484 aut
1547 2453 1578 2482 in
1614 2465 1669 2497 quo

973 2495 1083 2525 finem.
1108 2504 1155 2525 res
1181 2502 1227 2526 est
1252 2497 1432 2527 manifesta.
1462 2497 1547 2526 unde
1573 2498 1671 2528 edidit

973 2538 1147 2569 Lambinus
1163 2545 1271 2568 contra
1285 2539 1391 2570 libros.
1435 2539 1495 2569 Sed
1516 2545 1625 2571 tamen
1639 2546 1672 2571 et

973 2582 1004 2610 in
1024 2582 1101 2611 Mss.
1118 2582 1228 2620 reperit
1244 2582 1390 2612 Davisius

1017 2631 1055 2657 92
1083 2623 1233 2664 Penelope]
1267 2625 1318 2654 Sic
1347 2625 1417 2655 edd.
1446 2630 1520 2654 vett.
1565 2623 1670 2655 Prima

974 2667 1118 2697 Lambini
1142 2668 1239 2698 habet
1255 2666 1415 2708 Penelope,
1431 2673 1539 2697 secuta
1554 2666 1670 2697 Grute-

970 2711 1069 2746 tiana,
1100 2719 1212 2747 errore,
1242 2712 1365 2750 opinor,
1395 2719 1575 2749 operarum,
1612 2716 1669 2741 aut

969 2753 1163 2790 correctoris,
1194 2752 1281 2783 telam
1310 2752 1459 2793 Penelopa*
1489 2753 1522 2783 in
1559 2753 1669 2784 animo

972 2797 1128 2827 habentis.
