1778 3095
580 101 762 146 LIBER
799 101 1109 140 QUARTUS.
1498 107 1574 149 193·

133 210 289 253 tum'in
311 215 484 267 quoque
499 208 552 249 s'it
566 207 777 263 pon'd'eris,
799 216 888 248 esse
905 205 1153 248 aesti‘manda
1175 222 1185 247 :
1216 218 1396 262 quaeque
1416 214 1571 264 secun&

132 267 234 308 dum
257 277 446 309 naturam
477 265 574 314 sint,
604 264 754 319 partim
787 263 892 304 nihil
922 262 1077 304 habere
1106 262 1149 303 in
1179 275 1269 303 sese
1291 263 1383 319 ejus
1405 267 1567 320 appeti..

130 324 273 374 tionis,
312 323 364 364 de
399 335 483 377 qua
521 334 632 376 saepe
663 320 755 376 jam
790 320 987 370 diximus,
1024 333 1118 375 quae
1155 332 1230 359 nec
1262 319 1454 370 honesta,
1489 337 1566 365 nec

128 379 356 421 laudabilia
385 378 605 418 dicantur:
641 386 677 409 10
686 377 854 432 partim,
891 391 986 432 quae
1016 375 1278 431 voluptatem
1307 376 1489 417 habeant
1522 379 1564 420 in

125 437 245 477 omni
265 436 488 484 animante,
519 434 593 475 sed
623 434 667 474 in
696 433 867 474 homine
897 433 1101 473 rationem
1134 433 1289 484 etiam:
1321 447 1371 478 ex
1396 433 1445 473 iis
1468 449 1564 489 quae

127 493 210 533 sint
238 499 348 546 apta,
378 505 427 531 ea
456 490 649 541 honesta,
677 504 727 530 ea
760 490 921 545 pulcra,
954 504 1003 529 ea
1037 488 1293 530 laudabilia:
1324 489 1398 530 illa
1416 500 1561 531 autem

126 549 351 604 superiora,
371 547 576 588 naturalia
595 546 866 587 nominantur
884 562 893 586 z
923 561 1017 601 quae
1048 545 1279 601 conjuncta
1304 560 1402 586 cum
1423 547 1558 588 hone-

124 605 211 654 stis,
231 603 358 645 vitam
379 604 547 645 beatam
568 604 802 659 perficiunt,
824 612 867 644 et
896 602 1131 644 absolvunt.
1191 602 1393 643 Omnium
1415 613 1557 645 autem
1568 618 1621 660 59

122 675 269 701 eorum
289 660 630 711 commodorum,
652 660 804 716 quibus
835 674 921 700 non
950 659 1010 700 illi
1038 659 1134 714 plus
1164 659 1371 710 tribuunt,
1393 661 1465 715 qui
1485 661 1558 702 illa

121 717 231 757 bona
252 731 342 758 esse
362 717 520 768 dicunt,
543 732 668 773 quam
690 718 824 768 Zeno,
846 717 917 772 qui
937 725 1080 771 negat,
1109 716 1238 771 longe
1259 717 1556 770 praestantissi-

118 787 237 813 mum
267 787 370 824 esse,
405 774 519 830 quod
555 775 782 815 honestum
816 781 940 823 esset,
974 781 1102 828 atque
1131 772 1374 824 laudabile:
1403 774 1494 826 sed,-
1521 775 1559 816 si·

117 829 204 870 duo
224 829 403 872 honesta
421 831 638 886 proposita
657 831 752 880 sint,
771 830 951 871 alterum
981 844 1080 870 cum
1109 829 1353 880 valitudine,
1373 829 1555 872 alterum

116 899 214 926 cum
235 887 388 929 morbo
408 903 417 927 :
448 903 531 928 non
554 902 645 929 esse
667 887 858 936 dubium,
880 886 935 927 ad
962 895 1102 927 utrum
1138 900 1285 927 eorum
1308 896 1457 928 natura
1477 903 1552 929 nos
1564 894 1600 927 b'.

113 942 205 997 ipsa
234 943 467 986 deductura
496 945 563 986 sit.
599 944 673 985 sed
704 953 844 985 tamen
882 951 1043 984 tantam
1072 943 1155 983 vim
1187 943 1420 985 honestatis
1447 958 1552 997 esse,

113 1007 365 1056 tantumque
405 1015 498 1042 eam
537 1001 662 1042 rebus
700 1000 896 1042 omnibus
933 1008 1130 1055 praestare
1166 1009 1209 1040 et
1245 1000 1464 1052 excellere,
1503 1012 1553 1044 ut

112 1056 238 1097 nullis
260 1072 336 1098 nec
356 1057 586 1114 suppliciis,
603 1072 678 1099 nec
698 1057 881 1113 praemiis
899 1055 1111 1097 demoveri
1128 1056 1261 1111 possit
1279 1072 1329 1111 ex
1349 1072 1418 1109 eo,
1437 1059 1552 1114 quod

110 1121 274 1155 rectum
307 1129 398 1156 esse
426 1115 682 1156 decreverit:
715 1114 956 1169 omniaque,
986 1128 1081 1168 quae
1110 1113 1233 1164 dura,
1256 1112 1454 1166 difficilia,
1476 1115 1551 1156 ad-

110 1184 226 1211 versa
244 1171 476 1222 videantur,
509 1187 559 1213 ea
589 1171 812 1212 virtutibus
842 1171 905 1221 iis,
939 1171 1092 1225 quibus
1123 1185 1148 1210 a
1177 1179 1326 1211 natura
1360 1185 1549 1214 essemus

109 1227 261 1278 ornati,
282 1228 418 1269 obteri
437 1242 577 1283 posse,
601 1236 635 1259 11
648 1239 732 1268 non
749 1228 892 1268 faciles
925 1227 1017 1268 illas
1044 1226 1232 1282 quidem,
1255 1241 1331 1268 nec
1352 1237 1547 1275 contem-

109 1283 267 1325 nendas
288 1293 323 1317 12
339 1286 456 1341 (quid
471 1286 581 1326 enim
597 1294 705 1325 esset
717 1285 760 1325 in
775 1285 928 1325 virtute
942 1291 1104 1324 tantum
1126 1285 1161 1336 ἒ)
1183 1283 1255 1324 sed
1269 1293 1318 1325 ut
1331 1284 1414 1325 hoc
1424 1285 1545 1340 judi-

107 1353 313 1392 caremus,
336 1357 420 1382 non
442 1356 532 1382 esse
552 1341 598 1381 in·
610 1342 674 1382 his
694 1350 855 1396 partem
877 1341 1106 1381 maximam
1121 1340 1312 1395 ,positam
1334 1351 1407 1382 aut
1423 1343 1544 1384 beate

106 1405 179 1437 aut
194 1412 313 1438 secus
331 1398 507 1439 vivendi.
565 1398 637 1438 Ad
652 1412 878 1448 summam,
898 1411 962 1447 ea,
977 1411 1072 1452 quae
1088 1397 1208 1448 Zeno
1224 1397 1483 1453 aestimanda‚
1500 1409 1543 1441 et
1553 1400 1606 1438 ὅθ

106 1454 323 1505 sumenda,
338 1463 380 1494 et
397 1465 495 1509 apta
508 1462 668 1495 naturae
690 1469 779 1494 esse
795 1454 914 1504 dixit,
931 1453 1078 1493 eadem
1097 1452 1156 1493 illi
1172 1454 1286 1494 bona
1300 1455 1515 1509 appellant
1531 1473 1542 1497 2

102 1509 230 1550 vitam
261 1519 402 1551 autern
438 1511 604 1552 beatam
636 1511 696 1551 illi
729 1525 836 1561 eam,
870 1520 967 1565 quae·
996 1517 1208 1551 constaret
1239 1518 1291 1550 ex
1319 1511 1368 1551 iis
1399 1512 1540 1563 rebus,

101 1580 204 1621 quas
226 1565 324 1618 dixi,
347 1575 421 1608 aut
440 1567 646 1622 plurimis,
667 1577 741 1608 aut
770 1566 1041 1621 gravissimis.
1102 1566 1221 1606 Zeno
1243 1574 1400 1619 autem,
1423 1570 1540 1624 quod

99 1637 233 1673 suam,
255 1623 369 1679 quod
397 1624 609 1679 propriam
641 1623 824 1678 speciem
854 1622 1022 1673 habeat,
1052 1637 1127 1663 cur
1156 1623 1442 1678 appetendum
1469 1626 1537 1677 sit,

98 1678 141 1718 id
162 1679 301 1721 solum
315 1680 475 1722 bonum
495 1680 702 1736 appellat:
735 1679 901 1721 beatam
919 1688 1060 1721 autem
1085 1688 1120 1711 13
1132 1679 1259 1720 vitam
1277 1690 1366 1720 eam
1386 1681 1534 1734 solam,

99 1750 194 1790 quae
213 1751 313 1778 cum
334 1737 487 1778 virtute
501 1738 694 1792 degatur.
754 1737 798 1777 Si
814 1736 867 1777 de
883 1750 928 1777 re
944 1736 1168 1792 disceptari
1189 1747 1357 1792 oportet
1373 1753 1384 1788 3
1418 1739 1534 1780 nulla
1546 1733 1614 1781 22

98 1792 203 1832 mihi
225 1801 380 1845 tecum,
404 1794 530 1844 Cato,
561 1803 702 1850 potest·
731 1804 821 1834 esse
852 1793 1072 1834 dissensio.
1103 1792 1207 1833 nihil
1237 1802 1300 1834 est
1329 1795 1457 1845 enim,
1478 1796 1532 1837 de

96 1863 182 1903 quo
212 1849 331 1890 aliter
360 1859 407 1891 tu
437 1850 606 1901 sentias,
637 1859 765 1906 atque
801 1861 911 1905 ego:
942 1849 1072 1891 modo
1103 1851 1378 1892 commutatis
1399 1852 1532 1894 verbis

93 1905 204 1959 ipsas
225 1921 290 1946 res
311 1907 593 1948 conferamus.
622 1921 698 1947 nec
728 1907 810 1948 hoc
839 1907 910 1947 ille
940 1921 1024 1947 non
1054 1906 1181 1947 vidit:
1215 1906 1288 1947 sed
1307 1908 1537 1951 verborum*

94 1962 406 2016 magnificentia
427 1973 504 2014 est,
535 1972 578 2004 et
604 1964 741 2019 gloria
771 1963 1003 2004 delectatus
1021 1978 1032 2013 3
1064 1963 1137 2018 qui
1157 1963 1191 2004 si
1212 1978 1275 2014 ea,
1295 1979 1390 2020 quae
1412 1965 1529 2018 dicit‘,

91 2017 152 2058 ita
181 2019 367 2071 sentiret,
403 2029 452 2060 ut
482 2021 606 2061 verba
639 2020 876 2075 significant
892 2035 904 2070 3
937 2020 1039 2075 quid
1070 2021 1178 2061 inter
1209 2034 1324 2071 eum,
1347 2030 1437 2062 Met
1465 2022 1535 2065 vel'

92 2074 369 2129 Pyrrhonem,
401 2076 465 2117 vel
495 2077 741 2117 Aristonem
775 2077 1022 2118 interesset?
1068 2077 1129 2117 sin
1163 2085 1306 2118 autem
1337 2092 1410 2118 eos
1443 2094 1535 2120 non=

89 2131 324 2186 probabat:
356 2132 457 2188 quid
482 2133 652 2174 attinuit
679 2148 777 2174 cum
810 2133 874 2183 iis,
903 2133 1157 2188 quibuscum
1187 2148 1231 2174 re
1262 2135 1527 2187 concinebat,

89 2187 223 2229 verbis
238 2188 474 2245 discrepare
489 2191 502 2229 ?
527 2189 646 2232 Quid
661 2189 694 2230 si
707 2189 950 2230 reviviscant
965 2189 1169 2230 Platonici
1183 2189 1257 2241 illi,
1271 2200 1315 2231 et
1329 2191 1526 2248 deinceps
1538 2201 1585 2238 61

89 2244 162 2299 qui
193 2259 340 2287 eorum
370 2246 583 2287 auditores
613 2246 797 2297 fuerunt,
816 2253 859 2286 et
885 2254 1027 2288 tecum
1056 2245 1118 2287 ita
1143 2245 1400 2302 loquantur?
1431 2244 1526 2292 Nos

133 2389 171 2412 10
187 2381 314 2421 partim,
341 2393 407 2423 quae
437 2381 616 2422 voluptatem
639 2379 781 2422 habeant]

86 2424 217 2454 Videtur
232 2425 397 2461 excidisse,
422 2426 505 2464 quod
529 2426 567 2454 ad
583 2426 699 2464 partim
714 2435 782 2465 per-

85 2468 218 2504 tinebat,
235 2475 265 2497 et
280 2469 479 2507 responderet
499 2469 649 2506 superiori
665 2468 781 2506 partim

84 2510 162 2538 nihil
185 2511 215 2539 in
245 2522 271 2539 se
301 2511 402 2540 hahere
431 2511 624 2550 appetitionis.
670 2511 781 2549 Itaque

84 2555 173 2592 signa
185 2554 309 2583 lacunae
325 2555 379 2583 hic
394 2555 499 2593 posuit
514 2554 673 2584 Davisius.
719 2555 779 2584 Sed

84 2602 185 2636 potest
200 2606 216 2625 e
233 2598 388 2626 contrario
405 2597 536 2635 intelligi
554 2596 666 2628 habere.

129 2646 162 2669 11
189 2650 241 2667 non
257 2639 370 2679 faciles
399 2639 467 2668 illas
494 2639 620 2680 quidem,
642 2651 691 2668 nec
715 2650 779 2669 con-

82 2681 257 2720 temnendas]
278 2682 357 2712 Haec
374 2693 436 2712 non
456 2691 537 2712 reete
560 2692 592 2712 se
615 2683 730 2712 habere
745 2683 776 2712 in

82 2724 226 2754 confesso
239 2732 301 2755 est:
320 2735 379 2755 nec
392 2726 478 2755 enim
490 2732 547 2761 est,
563 2736 626 2765 quo
640 2727 776 2755 referan—

82 2775 143 2795 tur.
158 2767 261 2805 itaque
275 2769 358 2797 varie
375 2768 462 2797 locus
486 2775 621 2799 tentatus
639 2776 694 2798 est.
718 2769 776 2797 Le-

85 2809 254 2839 uissimum
288 2818 410 2848 putem,
442 2812 467 2840 si
495 2818 563 2850 post
583 2810 691 2852 facilis
722 2812 775 2841 ad—

140 2863 254 2892 VOL.
280 2865 346 2891 IV.
372 2866 410 2893 P.
434 2865 466 2892 1.

826 2381 940 2412 damus
958 2386 1011 2412 res'.

872 2432 909 2455 12
933 2425 1006 2466 quid
1019 2423 1093 2453 enirn
1110 2431 1178 2454 esset
1201 2423 1232 2453 in
1254 2423 1369 2454 virtute
1391 2424 1519 2465 tantum]

826 2466 945 2498 Melius
962 2474 1039 2507 puto
1055 2479 1120 2496 esse.

869 2517 905 2541 123
930 2511 1029 2540 vitam
1044 2521 1105 2539 eam
1121 2509 1221 2546 solam,
1241 2521 1307 2552 quae
1327 2522 1390 2540 cum
1405 2510 1520 2541 virtule

822 2552 960 2593 degatur]
994 2554 1142 2583 Davisius
1168 2555 1294 2592 corrigit
1318 2554 1415 2583 vitam
1442 2566 1519 2592 eam,

823 2608 888 2637 quae
917 2596 976 2625 sola
1006 2606 1069 2625 cum
1107 2596 1221 2625 virtute
1259 2596 1393 2636 degatur.
1431 2599 1518 2636 quod

822 2640 936 2678 placet.
953 2649 1028 2669 narn
1046 2640 1107 2669 hoc
1124 2640 1238 2669 Stoicae
1253 2640 1365 2670 rationi
1380 2645 1428 2670 est
1441 2649 1519 2671 con-

821 2690 1024 2712 sentaneum.

866 2733 904 2755 14
928 2732 955 2754 et
977 2724 1031 2754 vel
1044 2724 1231 2765 Pyrrhonem,
1253 2724 1308 2754 vel
1319 2722 1378 2765 Α.]
1402 2726 1517 2756 Addidi

820 2775 847 2797 et
870 2778 887 2798 e
908 2768 988 2798 Mss.
1009 2774 1040 2797 et
1057 2768 1126 2798 edd.
1151 2769 1236 2807 apud
1259 2768 1438 2799 Davisium.
1462 2769 1516 2800 sed

818 2811 963 2850 primum
979 2809 1032 2840 vel
1044 2811 1140 2840 etiam
1156 2810 1253 2841 velim
1269 2811 1420 2842 deletum.

809 2863 839 2891 O
