1778 3095
195 179 274 213 408
581 174 658 212 DE
687 171 951 211 NATURA
978 172 1247 212 DEORUM

199 292 238 316 ⁵0
255 282 336 346 qui
360 281 535 333 bellum,
568 282 639 338 qui
674 281 941 333 discordiam,
978 283 1050 338 qui
1085 282 1375 338 cupiditatem,
1406 289 1628 340 ceteraque

196 339 360 395 genelis
389 339 579 403 ejusdem
610 339 663 380 ad
693 339 819 380 deum
852 349 1048 380 revocat.
1080 353 1174 394 quae
1204 338 1266 379 vel
1291 338 1457 390 morbo,
1477 339 1541 380 vel
1560 355 1629 382 so-

197 410 313 448 mno,
333 396 397 437 vel
419 396 643 447 oblivione,
661 396 724 437 vel
744 405 949 438 vetustate
971 395 1175 437 delentur.
1196 395 1428 460 eademque
1447 395 1499 436 de
1516 396 1627 438 side-

198 453 335 503 ribus;
360 462 395 486 51
415 468 507 508 quae
529 452 807 507 reprehensa
791 467 881 508 Jam
902 454 942 493 in
964 452 1046 492 alio
1066 452 1207 502 loco,
1198 467 1239 492 m
1260 452 1343 492 hoc
1364 452 1627 495 omittantur.

118 505 181 552 12
199 509 477 564 Empedocles
507 519 648 551 autem
677 501 813 550 multa
840 509 922 550 alia
951 522 1143 563 peccans,
1164 509 1205 549 in
1231 508 1407 549 deorum
1430 509 1629 574 opinione

134 580 185 620 29
199 566 437 621 turpissime
458 566 625 607 labitur.
649 575 686 597 ⁵2
700 574 900 621 quattuor
915 580 994 605 em
987 580 1027 604 n
1049 573 1170 605 natu]
1173 580 1230 615 as
1245 579 1296 605 ex
1317 566 1471 621 quibus
1487 566 1630 607 omnia

111 638 143 669 p.
157 633 186 657 8·
198 630 390 663 constare
411 623 511 673 vult,
533 623 689 663 dixinas
711 636 801 662 esse
821 631 978 671 censet,
999 635 1102 676 quas
1133 629 1175 661 et
1202 622 1329 672 nasci,
1349 630 1392 662 et
1416 622 1628 678 exstingui

158 679 467 743 a‘perspicuum
488 689 565 729 est,
586 689 629 719 et
650 693 771 719 5511511
793 678 908 718 omni
928 691 1082 718 carere.
1128 678 1222 717 Nec
1241 692 1338 718 vero
1362 680 1630 734 Protagoras,

197 736 269 791 qui
301 750 388 776 sese
420 744 546 791 negat
576 735 749 775 omnino
769 733 821 773 de
843 733 921 774 diis
948 741 985 765 53
1004 733 1173 783 habere,
1194 734 1308 788 quod
1338 735 1508 790 liqueat,
1529 736 1628 787 sint,

197 807 282 833 non
304 792 400 842 51111,
420 770 613 847 qualesve
633 791 729 840 sint,
751 790 983 845 quidquam
1003 789 1167 830 videtur
1196 790 1247 830 de
1278 799 1425 832 natura
1451 791 1629 833 deorum

197 849 413 904 suspicari.
472 847 588 903 Quid
616 822 904 898 Democritus,
926 847 998 902 qui
1034 855 1125 887 tum
1157 845 1378 901 imagines,
1399 862 1630 904 earumque

194 905 395 946 circuitus
427 905 469 945 in
500 903 677 944 deorum
703 917 878 944 numero
899 904 1040 953 reffert,
1059 911 1151 943 tum
1172 901 1287 943 illam
1309 912 1516 956 naturam,
1535 920 1630 962 quae

194 962 401 1016 imagines
432 959 594 1010 fundat,
621 975 668 1001 ac
695 960 850 1009 mittat,
872 968 963 1000 tum
986 959 1203 1001 scientiam
1223 959 1630 1017 intelligentiamque

196 1027 235 1049 ⁵4
252 1028 453 1068 nostram,
490 1032 628 1058 nonne
666 1018 708 1058 in
741 1017 925 1057 maximo
957 1031 1096 1058 errore
1133 1018 1346 1057 versatur?
1388 1031 1487 1058 cum
1516 1017 1630 1059 idem

194 1075 384 1125 omnino,
423 1074 521 1130 quia
556 1074 660 1115 nihil
694 1087 858 1130 semper
897 1089 974 1115 suo
1009 1081 1121 1115 statu
1155 1080 1338 1125 maneat,
1372 1082 1502 1129 neget
1539 1087 1631 1115 esse

193 1132 424 1187 quidquam
455 1131 786 1196 sempiternum:
819 1145 956 1171 nonne
988 1130 1114 1172 deum
1143 1129 1317 1171 omnino
1346 1130 1406 1171 ita
1432 1130 1559 1181 tollit,
1580 1137 1630 1173 ut

193 1188 353 1229 nullam
376 1188 619 1243 opinionem
641 1188 730 1251 ejus
751 1187 955 1241 reliquam
984 1187 1137 1227 faciat?
1170 1186 1287 1243 Quid
1306 1191 1392 1237 aer,
1415 1201 1499 1242 quo
1519 1187 1630 1228 Dio-

193 1259 322 1299 genes
342 1244 638 1300 Apolloniates
666 1244 800 1285 utitur
825 1243 920 1294 deo,
942 1258 1068 1299 quem
1097 1257 1265 1283 sensum
1291 1242 1446 1284 habere
1473 1251 1629 1307 potest,

129 1308 182 1341 30
194 1311 266 1342 aut
287 1316 412 1356 quam
436 1301 614 1341 formam
637 1301 757 1341 dei?
769 1309 806 1332 55
823 1301 919 1341 Jam
949 1300 1001 1341 de
1030 1299 1214 1340 Platonis
1234 1298 1514 1341 inconstantia
1534 1299 1629 1341 lon-

191 1372 297 1413 gum
319 1366 383 1397 est
402 1357 570 1397 dicere·
559 1373 570 1407 3
603 1358 675 1423 qui
703 1357 745 1397 in
772 1357 950 1407 Timaeo,
970 1365 1132 1412 partem
1161 1354 1289 1420 hujus
1318 1356 1467 1397 mundi
1489 1357 1629 1398 nomi-

193 1414 283 1454 nari
313 1422 452 1478 neget·
472 1428 623 1479 Ρο555.
654 1414 697 1455 111
726 1413 874 1469 legum
904 1423 1046 1454 autem
1076 1412 1209 1463 libris,
1240 1412 1343 1468 quid
1373 1412 1426 1453 sit
1454 1413 1630 1454 omnino

192 1470 311 1522 deus,
329 1471 493 1526 anquiri
509 1479 703 1526 oportere
722 1485 808 1511 non
828 1478 1010 1511 censeat.
1069 1469 1200 1525 Ouod
1224 1483 1321 1511 vero
1343 1469 1431 1510 sine
1451 1478 1631 1525 corpore

193 1527 284 1568 ullo
316 1528 442 1568 deum
473 1527 560 1568 vult
590 1542 695 1579 5555,
725 1536 774 1569 ut
804 1528 945 1568 Giaeei
975 1513 1136 1578 dicu‘nt,
1165 1526 1392 1579 ἀσώματον·
1380 1557 1392 1578 ,
1431 1526 1476 1567 id
1506 1526 1630 1583 quale

193 1598 284 1625 5555
306 1585 454 1640 possit,
473 1584 654 1640 intelligi
689 1600 774 1626 non
806 1592 959 1639 potest.
991 1592 1130 1625 careat
1157 1583 1270 1624 enim
1300 1597 1439 1633 sensu,
1460 1596 1631 1624 11555555

191 1650 272 1692 551,
294 1649 434 1682 careat
464 1641 592 1682 etiam
624 1641 858 1696 prudentia,
880 1649 1020 1682 careat
1038 1640 1279 1695 voluptate:
1313 1645 1352 1671 56
1370 1654 1465 1694 quae
1486 1640 1631 1680 omnia

192 1713 277 1738 una
297 1713 395 1738 cum
416 1697 591 1738 deorum
614 1699 786 1739 notione
813 1696 1227 1752 comprehendimus
1288 1696 1408 1736 Idem
1430 1704 1473 1737 et
1493 1696 1536 1736 in
1555 1696 1629 1737 Ti-

192 1768 303 1795 maeo
324 1754 440 1804 dicit,
461 1764 503 1795 et
529 1754 569 1794 in
600 1754 781 1809 legibus,
802 1762 845 1794 et
872 1753 1081 1794 mundum
1114 1753 1242 1794 deum
1271 1766 1377 1815 esse,
1398 1760 1441 1793 et
1461 1753 1630 1804 caelum,

193 1820 237 1851 et
257 1819 382 1874 astra,
404 1820 446 1851 et
467 1819 635 1862 terram,
658 1820 701 1852 et
721 1810 899 1861 animos,
919 1818 962 1851 et
980 1825 1068 1859 505,
1091 1816 1127 1845 57
1146 1823 1252 1865 quos
1274 1823 1487 1872 maJorum
1508 1809 1629 1850 insti-

192 1867 326 1908 tutis
315 1867 582 1922 accepimus:
612 1883 707 1923 quae
733 1875 776 1908 et
805 1881 878 1922 per
899 1881 941 1907 se
963 1875 1060 1907 sunt
1080 1866 1184 1906 falsa
1201 1865 1436 1920 perspicue,
1457 1874 1501 1906 et
1519 1866 1630 1907 inter

130 1935 175 1966 31
194 1937 282 1964 5555
307 1924 573 1964 vehementer
593 1924 885 1979 repugnantia.
944 1923 1090 1978 Atque
1110 1922 1238 1962 etiam
1258 1922 1501 1977 Xenophon
1522 1937 1629 1978 pau-

193 1981 377 2021 cioribus
407 1981 542 2021 verbis
573 1981 719 2021 eadem
751 1981 835 2020 fere
870 1988 1030 2035 peccat.
1061 1979 1162 2020 facit
1191 1978 1304 2019 enim
1330 1978 1373 2019 in
1402 1978 1467 2030 iis,
1490 1994 1583 2034 quae
1605 1993 1630 2019 a

193 2038 368 2078 Socrate
407 2037 521 2078 dicta
555 2037 714 2088 retulit,
747 2038 964 2078 Socratem
1007 2035 1307 2091 disputantem,
1342 2035 1524 2076 formam
1561 2035 1631 2078 dei

193 2094 325 2147 quaeii
347 2109 429 2134 non
453 2104 671 2149 oportere:
702 2093 969 2148 eundemque
991 2101 1034 2133 et
1059 2092 1206 2142 solem,
1227 2101 1270 2133 et
1290 2091 1479 2132 animum
1499 2091 1628 2132 deum

150 2158 181 2191 b.
193 2150 358 2190 dicere:
387 2160 429 2191 et
458 2150 588 2191 modo
618 2166 675 2191 un
679 2166 766 2200 um,
786 2160 879 2190 tum
910 2158 1051 2190 autem
1082 2148 1222 2204 plures
1253 2148 1371 2189 deos.
1403 2163 1498 2203 quae
1528 2156 1628 2189 sunt

192 2206 374 2248 iisdem
363 2222 407 2248 111
427 2222 471 2248 51
474 2216 571 2247 ratis
593 2207 694 2258 fele,
715 2207 866 2262 quibus
886 2221 948 2257 oa,
973 2213 1010 2238 58
1026 2221 1120 2261 qua:
1154 2205 1207 2246 de
1237 2205 1410 2246 Platone
1434 2204 1628 2246 dicimus.

979 2359 1016 2382 55
1041 2352 1114 2381 Jam
1136 2351 1170 2380 de
1194 2348 1340 2389 Platonis]
1358 2350 1436 2381 Mss.
1459 2350 1523 2381 duo
1545 2352 1629 2390 apud

933 2394 1100 2425 Davisium
1132 2395 1224 2430 Nam,
1252 2394 1338 2432 quod
1364 2393 1417 2422 ille
1443 2399 1474 2422 et
1502 2395 1628 2434 recepit.

932 2438 977 2468 nil
993 2438 1129 2467 interest.
1154 2447 1231 2467 nam
1246 2436 1358 2473 etjam
1375 2437 1550 2466 transitioni
1565 2447 1630 2468 ser-

239 2362 277 2384 50
301 2354 351 2393 qni
378 2353 495 2389 hellam,
523 2366 552 2395 q.
583 2352 766 2391 discordiam]
801 2354 889 2384 Idem

193 2398 284 2426 tradit
300 2398 381 2426 Plut.
398 2398 436 2426 de
452 2397 532 2436 plac.
549 2396 631 2426 Phil.
648 2397 675 2431 1,
689 2403 719 2427 8.

239 2447 273 2469 51
301 2451 367 2480 quae
390 2440 554 2478 reprehensa
568 2440 636 2479 jam
652 2439 681 2468 in
698 2438 754 2468 alio
773 2438 841 2474 loco,
859 2438 888 2466 in

192 2482 242 2510 hoc
271 2482 454 2520 omittantur]
484 2482 540 2510 loco
568 2482 670 2512 addidi
700 2482 752 2511 hic
779 2491 795 2510 e
824 2482 887 2511 MS.

193 2524 302 2554 Guelf.
341 2525 487 2554 Davisius
504 2525 620 2555 addidit
640 2531 708 2564 post
724 2524 772 2553 boc
787 2524 842 2554 ubi
858 2532 889 2554 et

191 2569 242 2597 cd.
259 2567 387 2596 Victorii
401 2568 508 2598 habet.

239 2616 276 2640 5-2
302 2616 436 2653 quattuor
465 2622 488 2639 ε.
520 2609 653 2648 naturas]
685 2610 736 2639 Sc.
764 2609 885 2647 ignem,

193 2662 325 2691 aquarn,
342 2654 459 2687 adrem,
477 2659 604 2682 terram.

240 2702 277 2725 53
295 2695 407 2730 habere,
425 2695 500 2736 quod
513 2693 635 2735 liqueat]
654 2694 730 2723 NISS.
743 2693 886 2732 quidam,

192 2740 289 2768 etiarn
316 2738 422 2768 Guelf.
451 2739 525 2778 quod
546 2737 668 2777 liqueat,
690 2736 780 2765 scire:
803 2737 887 2774 quod

193 2789 224 2810 et
247 2782 360 2820 recepit
383 2781 542 2811 Davisius.
578 2779 751 2818 Vulgatum
772 2778 885 2808 melius

193 2831 282 2863 puto.

239 2874 276 2896 54
301 2863 439 2907 nostram]
456 2865 549 2899 Delet
564 2865 730 2896 Walkerus
747 2877 753 2895 τ
778 2864 887 2904 probat

194 2910 361 2941 Euherius.

931 2487 985 2511 vit.

975 2528 1013 2554 56
1038 2532 1103 2563 quae
1118 2520 1212 2550 omnia
1227 2531 1284 2550 una
1299 2530 1362 2549 cnm
1377 2520 1503 2551 Deorum
1519 2522 1628 2552 notione

930 2564 1048 2604 compn]
1075 2575 1137 2593 cum
1160 2573 1226 2593 non
1247 2563 1361 2602 placet,
1386 2573 1444 2593 nec
1469 2564 1577 2595 Cicero
1593 2566 1627 2596 in

930 2609 990 2638 hac
1017 2608 1120 2646 phrasi
1148 2606 1227 2636 solet
1251 2607 1370 2636 addere.
1396 2614 1466 2637 tum
1489 2618 1547 2637 urm
1574 2609 1628 2638 ad,

925 2651 1040 2690 jective
1056 2649 1259 2689 capiendum,
1276 2660 1332 2678 una
1348 2649 1468 2680 notione.

974 2700 1010 2728 57
1037 2691 1321 2734 qtcos—acccpiraeztaes]
1359 2693 1448 2722 l⁴orte
1484 2692 1627 2732 acceptri-

930 2748 1002 2766 mus.
1026 2746 1103 2766 mox
1129 2744 1184 2774 pro
1206 2735 1397 2774 repugnantia
1421 2734 1549 2774 legerim
1568 2741 1627 2774 pu·

927 2780 1053 2819 gnantia
1069 2784 1193 2819 propter
1208 2776 1240 2805 Ρό
1256 2777 1331 2807 inter
1345 2789 1382 2807 se.

975 2829 1013 2853 58
1037 2832 1102 2863 quae
1124 2821 1157 2849 de
1181 2819 1302 2849 Platone
1323 2818 1457 2859 dicimus]
1478 2821 1530 2851 An
1546 2819 1627 2850 ιίἱκιῗ-

931 2876 990 2895 mus
1002 2865 1019 2896 ,9
1042 2865 1094 2895 Sic
1110 2870 1140 2894 et
1155 2863 1285 2894 Davisio
1299 2863 1413 2904 placet.
