1768 3095
220 101 270 135 88
528 97 600 137 DE
627 99 785 138 FINIB.
814 100 1016 139 BONOR.
1046 100 1114 138 ET
1141 98 1352 139 MALOR.

218 218 297 260 pro
331 218 429 247 vero
458 207 686 263 probatum
720 209 788 260 sit,
819 208 1035 252 sublatum
1065 224 1155 251 esse
1185 223 1311 251 omne
1333 207 1543 266 judicium
1563 207 1663 260 veri,

156 266 204 299 23
219 269 262 302 et
290 261 383 303 falsi
413 273 550 318 putat.
607 273 649 299 39
669 266 739 319 [In
771 266 893 307 tertia
921 281 1018 307 vero
1049 277 1181 320 parte,
1203 282 1298 322 quae
1328 275 1392 307 est
1421 265 1473 306 de
1501 266 1600 316 vita,
1620 274 1665 307 et

219 318 425 369 moribus,
456 320 498 362 in
532 322 835 363 constitutione
868 323 975 373 finis,
1007 323 1064 364 nil
1095 337 1348 378 generosum
1382 322 1507 378 sapit,
1537 331 1666 378 atque

220 376 527 431 magnificum]
594 378 830 420 Confirmat
861 379 967 421 illud
998 379 1059 420 vel
1091 380 1289 429 maxime,
1321 379 1438 436 quod
1467 379 1558 434 ipsa
1587 393 1663 419 na-

220 439 330 482 tura,
360 442 408 473 ut
439 434 498 474 ait
528 434 613 486 ille,
644 436 836 486 asciscat,
867 445 910 476 et
938 437 1150 491 reprobet,
1172 435 1216 477 id
1235 445 1313 485 est,
1337 435 1600 491 voluptatem
1621 443 1666 476 et

220 487 428 531 dolorem.
451 490 504 530 ad
527 491 633 542 haec,
655 502 697 533 et
719 507 814 547 quae
837 506 1079 546 sequamur,
1100 501 1144 532 et
1165 507 1260 549 quae
1281 492 1516 548 fugiamus,
1539 491 1667 532 refert

220 545 377 586 omnia.
409 547 526 601 quod
558 562 819 603 quamquam
841 548 1050 603 Aristippi
1078 557 1156 599 est,
1176 564 1200 589 a
1222 548 1553 604 Cyrenaicisque
1574 562 1666 589 me-

177 600 302 642 b.lius
332 601 591 659 liberiusque
618 604 888 645 defenditur:
919 613 1062 645 tamen
1091 604 1303 660 ejusmodi
1325 619 1415 646 esse
1431 606 1596 660 judico,
1618 613 1667 646 ut

222 657 328 699 nihil
356 659 529 700 homine
555 661 745 702 videatur
766 660 997 715 indignius.
1056 661 1128 702 Ad
1150 661 1313 717 majora
1333 662 1447 702 enim
1468 661 1665 718 quaedam

222 729 298 755 nos
329 724 478 758 natura
507 717 658 772 genuit
689 726 732 758 et
761 717 1056 767 conformavit,
1086 727 1135 759 ut
1164 717 1271 759 mihi
1292 717 1464 773 quidem
1488 717 1665 759 videtur.

222 771 288 813 Ae
321 772 407 812 fieri
438 783 593 828 potest,
626 782 674 815 ut
703 788 865 815 errem:
895 774 969 815 sed
1000 774 1058 815 ita
1087 788 1259 830 prorsus
1289 774 1502 823 existimo,
1527 789 1666 830 neque

222 842 321 869 eum
351 829 633 885 Torquatum,
665 831 739 887 qui
768 830 850 871 hoc
881 831 1042 886 primus
1073 844 1317 887 cognomen
1346 830 1562 881 invenerit,
1592 839 1667 872 aut

222 891 418 940 torquem
452 885 573 927 illum
609 887 723 928 hosti
753 887 997 937 detraxisse,
1017 895 1065 928 ut
1083 887 1269 944 aliquam
1290 901 1342 928 ex
1361 901 1414 928 eo
1437 887 1669 943 perciperet

221 954 400 997 corpore
431 942 708 1041 volgiptatem‚
739 953 813 985 aut
842 958 942 985 cum
973 944 1135 986 Latinis
1164 943 1291 985 tertio
1322 943 1548 986 consulatu
1567 958 1670 985 con-

222 997 377 1039 flixisse
404 1013 488 1054 apu
548 1000 743 1042 Veserim
770 1009 941 1056 propter
967 1000 1245 1057 voluptatem.
1306 999 1438 1042 Quod
1469 1015 1567 1042 vero
1601 1015 1668 1041 se-

222 1054 313 1095 curi
336 1055 469 1097 filium
489 1057 756 1112 percusserit,
777 1057 999 1113 privavisse
1025 1072 1071 1098 se
1091 1057 1219 1098 etiam
1241 1056 1405 1098 videtur
1427 1056 1572 1099 multis
1593 1072 1670 1098 vo-

223 1109 474 1165 luptatibus,
500 1127 599 1154 cum
628 1113 708 1168 ipsi
736 1114 899 1154 ¹naturae
930 1113 1155 1170 patrioque
1184 1114 1318 1154 amori
1345 1113 1580 1170 praetulerit
1593 1114 1667 1169 jus

160 1166 456 1223 24majestatis
489 1177 617 1225 atque
652 1170 832 1225 imperii.
891 1169 1044 1226 Quid?
1078 1179 1118 1203 40
1134 1171 1185 1211 T.
1211 1170 1471 1225 Torquatus,
1509 1170 1559 1221 is,
1595 1170 1668 1226 qui

223 1225 373 1266 consul
404 1240 503 1267 cum
535 1226 617 1267 Cn.
649 1226 827 1267 Octavio
858 1227 954 1276 fuit,
984 1241 1083 1267 cum
1114 1227 1230 1267 illam
1263 1226 1526 1267 severitatem
1551 1226 1593 1267 in
1616 1241 1669 1267 eo

224 1279 310 1322 filio
332 1281 541 1332 adhibuit,
562 1297 691 1338 quem
714 1283 754 1323 in
776 1282 1050 1337 adoptionem
1072 1284 1129 1324 D.
1153 1282 1297 1324 Silano
1318 1283 1668 1338 emancipaverat,

223 1345 273 1377 ut
307 1352 422 1388 eum,
458 1338 750 1381 Macedonum
784 1338 935 1394 legatis
969 1339 1281 1390 accusantibus,
1317 1338 1434 1396 quod
1467 1339 1670 1395 pecunias

224 1402 450 1447 praetorem
480 1395 523 1436 in
553 1395 767 1452 provincia
796 1395 959 1451 cepisse
992 1405 1236 1451 arguerent,
1267 1410 1439 1437 causam
1480 1395 1593 1451 apud
1623 1411 1668 1437 se

222 1447 363 1492 dicere
384 1450 572 1506 juberet,
600 1466 729 1507 reque
754 1466 806 1493 ex
835 1461 1015 1508 utraque
1037 1462 1155 1507 parte
1176 1451 1338 1502 audita,
1358 1452 1667 1507 pronuntiaret,

234 1521 334 1548 eum
365 1522 450 1548 non
474 1508 603 1549 talem
629 1508 758 1549 videri
778 1508 909 1550 fuisse
927 1509 970 1549 in
992 1508 1185 1564 imperio,
1208 1508 1352 1564 quales
1373 1509 1464 1565 ejus
1485 1507 1669 1565 majores

228 1563 410 1607 fuissent
440 1574 484 1605 et
513 1565 554 1605 in
585 1574 863 1619 conspectum
894 1580 1020 1606 suum
1051 1565 1188 1606 venire
1219 1573 1255 1596 41
1273 1566 1429 1606 vetuit:
1459 1565 1670 1621 numquid

226 1619 392 1662 videtur
422 1621 500 1662 tibi
532 1621 584 1662 de
613 1621 903 1676 voluptatibus
934 1621 1019 1662 suis
1048 1621 1331 1677 cogitavisse?
1365 1622 1449 1663 Sed
1470 1630 1519 1663 ut
1539 1622 1669 1663 omit-

225 1683 314 1717 tam
343 1677 545 1732 pericula,
575 1677 757 1728 labores,
789 1677 982 1718 dolorem
1013 1678 1157 1728 etiam,
1190 1693 1318 1733 quem
1340 1678 1528 1734 optimus
1551 1678 1668 1735 quis-

227 1747 310 1789 que
331 1747 409 1789 pro
430 1734 566 1789 patria
584 1743 627 1774 et
646 1748 724 1789 pro
747 1734 832 1774 suis
853 1733 1043 1789 suscipit,
1064 1745 1114 1775 ut
1132 1749 1216 1775 non
1233 1735 1364 1776 modo
1387 1735 1546 1777 nullam
1566 1749 1669 1791 cap-

224 1797 301 1840 tet,
332 1789 407 1831 sed
437 1790 565 1831 etiam
596 1798 820 1846 praetereat
850 1804 996 1831 omnes
1027 1790 1277 1846 voluptates,
1304 1800 1344 1823 42
1362 1791 1529 1833 dolores
1551 1790 1671 1833 deni-

226 1861 310 1902 que
333 1847 501 1903 quosvis
523 1847 736 1902 suscipere
753 1846 887 1897 malit,
909 1861 1036 1902 quam
1059 1847 1251 1888 deserere
1272 1847 1404 1889 ullam
1427 1847 1554 1888 officii
1575 1862 1670 1903 par-

224 1910 312 1944 tem
333 1918 343 1943 1
372 1902 426 1944 ad
458 1918 522 1953 ea,
545 1919 640 1959 quae
671 1903 752 1944 hoe
774 1918 859 1944 non
884 1904 1023 1944 minus
1046 1903 1277 1953 declarant,
1299 1904 1374 1945 sed
1396 1904 1590 1946 videntur
1609 1904 1670 1946 le-

162 1972 210 2004 25
224 1959 352 2010 viora,
373 1960 603 2001 veniamus.
662 1959 780 2016 Quid
801 1959 877 2000 tibi
899 1960 1114 2016 Torquate
1132 1961 1146 2000 ?
1172 1960 1273 2016 quid
1296 1960 1395 2002 huic
1415 1961 1579 2002 Triario
1600 1960 1670 2002 lit-

225 2023 342 2067 terae,
365 2015 465 2072 quid
487 2016 688 2067 historiae,
711 2015 990 2072 cognitioque
1018 2031 1175 2067 rerum,
1198 2017 1299 2073 quid
1322 2022 1545 2072 poetarum
1568 2031 1668 2058 evo-

224 2072 349 2124 lutio,
386 2073 487 2128 quid
527 2082 644 2113 tanta
679 2082 744 2114 tot
777 2087 973 2113 versuum
1010 2073 1216 2115 memoria
1250 2073 1477 2128 voluptatis
1514 2074 1665 2115 affert?

224 2131 321 2171 Nec
350 2129 457 2170 mihi
486 2128 589 2170 illud
616 2129 768 2170 dixeris
787 2145 797 2169 :
827 2130 935 2170 Haec
957 2129 1070 2170 enim
1091 2130 1179 2184 ipsa
1200 2129 1305 2169 mihi
1328 2138 1426 2170 sunt
1446 2130 1667 2185 voluptati.

115 2205 146 2234 p.
164 2200 214 2226 54.
227 2195 270 2227 et
295 2196 412 2228 erant
441 2185 513 2226 illa
541 2186 783 2242 Torquatis.
843 2186 1096 2242 Numquam
1118 2186 1200 2226 hoc
1222 2186 1282 2226 ita
1302 2185 1489 2226 defendit
1508 2187 1668 2241 Epicu-

186 2247 214 2267 ὅ·
226 2258 297 2285 rus
316 2260 326 2284 ι
351 2257 487 2298 neque
509 2258 606 2284 vero
628 2253 690 2293 tu,
712 2243 862 2292 Triari,
883 2251 959 2282 aut
978 2242 1204 2297 quisquam
1224 2256 1387 2293 eorum,
1411 2243 1483 2298 qui
1506 2252 1579 2284 aut
1599 2257 1666 2284 sa-

224 2308 346 2355 peret
376 2299 550 2355 aliquid,
581 2308 655 2341 aut
685 2299 765 2340 ista
795 2298 1025 2340 didicisset.
1084 2300 1153 2348 Et,
1176 2298 1292 2354 quod
1318 2300 1520 2354 quaeritur
1540 2314 1668 2355 saepe,

223 2372 300 2398 cur
330 2366 418 2397 tam
449 2355 574 2397 multi
605 2356 687 2397 sint
717 2354 940 2410 Epicurei:
973 2363 1070 2395 sunt
1100 2354 1192 2395 aliae
1224 2370 1395 2410 quoque
1416 2370 1570 2407 causae,
1591 2356 1666 2398 sed

224 2412 541 2455 multitudinem
564 2412 647 2454 hoc
668 2412 850 2452 maxime
872 2410 1017 2461 allicit,
1037 2410 1154 2466 quod
1176 2410 1234 2452 ita
1254 2420 1377 2466 putat
1400 2412 1482 2453 dici
1505 2413 1558 2454 ab
1577 2412 1667 2464 illo,

224 2478 340 2511 recta
364 2478 407 2510 et
436 2469 614 2510 honesta
643 2483 738 2525 quae
765 2468 861 2519 sint,
883 2481 933 2509 ea
963 2467 1100 2509 facere
1122 2467 1212 2524 ipsa
1233 2482 1307 2524 per
1329 2483 1372 2510 se
1393 2469 1601 2522 laetitiam,
1622 2468 1666 2511 id

267 2625 307 2651 09
331 2618 367 2647 In
391 2616 478 2646 tertia
501 2627 571 2646 vero
588 2616 918 2656 parte—magnificum]
1009 2623 1046 2646 41
1072 2615 1187 2645 vetuit*
1207 2616 1366 2656 Tempora
1381 2615 1540 2655 superiora
1555 2621 1666 2655 postu-

224 2662 304 2692 Haec
320 2661 437 2690 absunt
453 2660 492 2689 ab
509 2660 578 2689 edd.
596 2669 641 2698 pr.
965 2657 1033 2688 lant
1048 2665 1174 2688 vetaret.

266 2712 305 2736 40
331 2704 363 2733 T.
390 2702 563 2744 Torquatus]
595 2703 627 2731 T.
651 2702 836 2741 scripsimus
862 2711 918 2740 pro
1006 2708 1045 2732 42
1067 2700 1171 2730 dolores
1181 2699 1567 2742 denique—qfficiipartem]
1581 2700 1664 2734 Haec

223 2748 262 2778 L.
287 2757 317 2777 v.
344 2745 433 2776 Clav.
481 2746 590 2784 ltaque
619 2745 825 2775 scribendum
852 2754 920 2774 esse
962 2744 1110 2774 Davisius
1133 2745 1238 2783 spuria
1261 2750 1351 2783 putat
1372 2750 1403 2772 et
1425 2742 1569 2774 delenda.
1593 2753 1661 2776 non

221 2791 338 2820 docent
364 2788 445 2818 Fasti
474 2787 605 2819 Consul.
635 2789 711 2818 item
739 2787 784 2817 sic
813 2794 860 2818 est
885 2788 918 2818 in
961 2788 1053 2818 video
1066 2787 1275 2819 necessariam
1289 2796 1432 2818 causam.

224 2833 369 2874 Epitome
384 2832 449 2862 Liv.
467 2839 518 2862 54.
536 2832 589 2862 ubi
606 2841 636 2862 v.
649 2830 812 2862 Drakenb.
