1768 3095
234 58 284 95 63
557 59 839 98 ACADEM.
881 60 1337 100 QUAESTIONUM

202 184 205 185 ⁷
233 174 339 207 turae
365 166 469 209 dixit
501 181 604 219 esse,
626 183 648 209 e
681 184 765 226 qua
792 170 934 211 omnia
960 170 1250 225 gignerentur.
1270 178 1368 226 post
1388 168 1479 226 ejus
1499 169 1666 211 auditor

233 223 532 275 Anaximenes,
563 225 771 267 infinitum
802 232 924 268 ae'ra:
959 227 1031 267 sed
1065 241 1128 277 ea,
1158 241 1252 290 quae
1283 242 1333 267 ex
1363 241 1415 267 eo
1446 225 1668 277 orirentur,

234 280 431 322 definita.
463 282 584 337 gigni
614 291 756 323 autem
789 291 958 347 terram,
988 298 1156 348 aquam,
1187 284 1348 339 ignem,
1386 291 1478 323 tum
1521 296 1572 323 ex
1603 282 1668 324 his

199 365 203 367 μ
234 338 400 379 omnia:
432 339 724 403 Anaxagoras,
743 340 961 380 materiam
989 339 1224 381 infinitam:
1257 339 1328 380 sed
1360 354 1411 380 ex
1440 353 1489 380 ea
1516 346 1558 373 ³9
1573 353 1669 394 par-

128 905 158 934 p.
172 901 223 925 ao.

233 394 398 444 ticulas,
435 395 593 436 similes
632 395 740 437 inter
778 411 837 446 se,
878 396 1088 447 minutas3
1125 411 1194 436 eas
1232 396 1415 451 primum
1455 395 1668 446 confusas,

232 460 379 506 postea
412 452 452 492 in
488 451 678 492 ordinem
715 452 919 493 adductas
954 467 979 493 a
1011 462 1155 493 mente
1189 452 1352 493 divina.
1383 452 1669 507 Xenophanes

234 508 376 562 paullo
408 508 534 548 etiam
555 509 778 563 antiquior,
802 524 932 550 unum
955 523 1046 550 esse
1066 509 1224 559 omnia,
1245 523 1381 564 neque
1400 509 1442 550 id
1463 523 1554 550 esse
1573 523 1671 550 mu·-

233 564 376 615 tabile,
407 574 446 596 40
464 574 507 605 et
536 565 579 605 id
608 579 698 606 esse
726 565 867 615 deum,
895 574 931 596 41
951 580 1086 621 neque
1106 574 1252 605 natum
1273 580 1474 621 unquam,
1495 574 1537 606 et
1558 580 1668 607 sem-

233 621 459 675 piternum,
490 622 749 677 conglobata
779 622 942 677 figura:
975 621 1253 671 ParmenideS,
1283 622 1441 676 ignem,
1472 622 1544 677 qui
1574 637 1670 663 mo-

232 686 324 740 yeat
353 687 523 728 terram,
554 694 648 742 quse
679 679 731 719 ab
763 693 814 719 eo
807 655 1079 719 ‘³:formetur
1112 678 1369 733 LeucippUS,
1409 677 1596 741 plenum,
1627 688 1671 720 et

232 733 379 775 inane:
410 734 684 775 Democritus
716 735 814 776 huic
846 735 886 775 in
918 735 999 776 hoc
1031 735 1192 785 similis,
1222 734 1392 776 uberior
1420 734 1463 774 in
1494 734 1669 776 ceteris.

232 791 528 846 Empedocles,
550 791 642 832 haec
674 791 936 847 pervulgata,
967 802 1011 833 et
1031 801 1132 832 nota
1152 800 1382 847 quattuor:
1414 791 1671 843 Heraclitus,

235 847 376 902 ignem
395 867 403 889 :
432 848 649 898 Melissus,
673 849 769 899 hoc,
790 848 905 904 quod
925 858 1063 889 essent
1083 849 1306 897 infinitum,
1329 855 1372 888 et
1391 847 1673 898 immutabile,

235 914 278 944 et
305 904 433 945 fuisse
459 919 638 960 semper,
668 913 710 945 et
739 905 842 946 fore.
904 905 1021 946 Plato
1043 919 1092 945 ex
1118 905 1295 946 materia
1315 905 1356 945 in
1377 918 1422 944 se
1442 904 1586 945 omnia
1605 918 1671 945 re-

235 961 415 1015 cipiente
449 961 655 1002 mundum
690 976 781 1003 esse
817 962 977 1004 factum
1010 971 1153 1002 censet
1183 976 1208 1002 a
1238 961 1318 1003 deo
1353 961 1670 1025 sempiternum.

236 1018 508 1073 Pythagorei,
529 1033 578 1059 ex
608 1019 807 1070 numeris,
838 1028 880 1060 et
899 1018 1297 1059 mathematicorum
1317 1017 1444 1059 initiis
1465 1018 1674 1072 proficisci

232 1074 378 1116 volunt
409 1076 563 1116 omnia.
623 1077 686 1116 Ex
715 1075 779 1116 his
809 1076 940 1131 eliget
968 1085 1101 1116 vester
1130 1075 1294 1130 sapiens
1318 1089 1448 1116 unum
1470 1074 1672 1130 aliquem,

233 1131 377 1181 credo,
407 1146 534 1186 quem
565 1139 790 1187 sequatur:
823 1132 949 1173 ceteri
976 1140 1041 1172 tot
1071 1132 1167 1182 viri,
1187 1140 1229 1172 et
1248 1132 1369 1181 tanti,
1389 1130 1596 1186 repudiati
1616 1131 1671 1172 ab

149 1197 222 1238 119
234 1201 300 1238 eo,
331 1188 684 1243 condemnatique
715 1188 944 1229 discedent.
1003 1189 1332 1244 Quamcumque
1371 1202 1467 1227 vero
1502 1197 1673 1228 senten-

234 1244 334 1284 tiam
367 1245 618 1299 probaverit,
648 1259 741 1285 eam
773 1245 831 1285 sic
862 1245 1003 1285 animo
1033 1244 1382 1298 comprehensam
1414 1243 1604 1293 habebit,
1625 1252 1674 1285 ut

233 1314 283 1341 ea
302 1316 396 1365 quae
419 1301 633 1342 sensibus:
667 1315 742 1341 nec
763 1301 899 1357 magis
924 1301 1177 1356 approbabit
1197 1315 1306 1341 nunc
1326 1301 1495 1341 lucere.
1528 1315 1671 1355 quam,

233 1357 433 1412 quoniam
461 1357 628 1398 Stoicus
649 1366 741 1409 est3
774 1358 887 1399 hunc
908 1357 1114 1398 mundum
1135 1371 1225 1398 esse
1246 1357 1493 1421 sapientem,
1515 1356 1671 1398 habere

233 1421 435 1464 mentem,
457 1429 550 1469 quae
572 1422 613 1454 et
635 1429 692 1465 se,
713 1423 756 1455 et
781 1415 917 1478 ipsum
941 1414 1146 1455 fabricata
1165 1413 1232 1464 sit,
1254 1423 1297 1454 et
1316 1414 1459 1454 omnia
1478 1413 1673 1454 modere-

234 1479 317 1521 tur,
335 1479 516 1520 moveat,
537 1480 672 1526 regat.
703 1480 743 1502 42
758 1472 848 1512 Erit
862 1486 899 1511 ei
921 1485 1167 1526 persuasum
1188 1470 1331 1519 etiam,
1348 1470 1496 1520 solem,
1512 1470 1672 1522 lunam,

234 1527 374 1568 stellas
397 1542 558 1577 omneS,
587 1536 756 1579 terram,
786 1542 914 1578 mare,
946 1527 1045 1567 deos
1076 1541 1181 1577 esse,
1211 1526 1325 1582 quod
1355 1526 1551 1582 quaedam
1581 1527 1673 1568 ani-

234 1584 355 1624 malis
389 1584 667 1638 intelligentia
695 1599 772 1640 ¹per
799 1585 942 1625 omnia
971 1598 1020 1624 ea
1049 1591 1238 1638 permeet
1267 1592 1310 1624 et
1340 1592 1548 1624 transeat:
1580 1584 1672 1625 fore

234 1649 377 1680 tam-en
415 1640 656 1695 aliquando,
694 1650 742 1682 ut
777 1641 914 1682 omnis
949 1640 1017 1681 hic
1050 1640 1233 1681 mundus
1268 1640 1417 1681 ardore
1453 1640 1674 1695 deflagret.

149 1700 220 1747 38
235 1697 328 1738 Sint
356 1697 437 1737 ista
465 1711 589 1737 vera:
617 1697 729 1739 vides
759 1698 871 1738 enim
895 1699 986 1753 jam
1017 1711 1086 1737 me
1117 1697 1237 1737 fateri
1267 1696 1424 1753 aliquid
1445 1710 1535 1738 esse
1553 1697 1670 1738 veri:

235 1753 535 1817 comprehendi
567 1767 616 1794 ea
639 1763 780 1795 tamen
811 1763 852 1795 et
881 1753 1052 1818 percipi,
1075 1768 1200 1809 nego.
1221 1768 1320 1794 cum
1339 1754 1448 1794 enim
1472 1761 1569 1794 tuus
1591 1753 1671 1795 iste

235 1810 403 1851 Stoicus
434 1810 596 1865 sapiens
626 1811 867 1867 syllabatim
897 1809 975 1851 tibi
1004 1810 1084 1851 ista
1112 1810 1290 1860 dixerit3
1327 1810 1476 1861 veniet,
1513 1811 1672 1859 flumen

234 1866 435 1908 orationis
464 1881 638 1908 aureum
665 1867 844 1909 fundens
873 1867 1141 1918 Aristoteles,
1162 1867 1235 1922 qui
1258 1867 1378 1908 illum
1399 1866 1585 1921 desipere
1606 1866 1672 1908 di-

233 1932 331 1965 cat.
364 1937 497 1979 neque
524 1923 637 1964 enim
670 1933 810 1965 ortum
843 1938 934 1965 esse
954 1937 1155 1979 umquam
1178 1923 1401 1974 mundum,
1423 1922 1538 1988 quod
1558 1923 1674 1964 nulla

234 1980 377 2031 fuerit,
398 1994 506 2021 novo
528 1980 705 2022 consilio
725 1981 845 2033 inito,
866 1990 952 2022 tam
970 1980 1159 2035 praeclari
1181 1981 1319 2035 operis
1334 1980 1532 2034 inceptiO,
1552 1987 1596 2020 et
1614 1979 1673 2020 ita

234 2051 332 2077 eum
348 2051 438 2078 esse
454 2035 640 2092 undique
656 2045 817 2093 aptum,
831 2047 879 2079 ut
895 2037 1010 2079 nulla
1028 2037 1087 2077 vis
1102 2045 1242 2077 tantos
1258 2044 1385 2092 queat
1401 2044 1558 2085 motuS,
1574 2050 1671 2077 mu-

234 2093 524 2149 tationemque
546 2093 699 2145 moliri,
728 2094 844 2135 nulla
870 2102 1062 2135 senectus
1083 2101 1122 2125 43
1137 2093 1411 2134 diuturnitate
1431 2101 1670 2146 temporum

235 2150 428 2200 existere,
449 2159 497 2191 ut
522 2150 590 2191 hic
617 2159 789 2192 ornatus
809 2164 1013 2215 umquam
1033 2149 1217 2205 dilapsus
1237 2149 1417 2190 occidat.
1474 2148 1571 2190 Tibi
1590 2148 1672 2190 hoc

234 2206 467 2262 repudiare,
489 2206 592 2248 illud
626 2215 768 2249 autem
803 2207 1006 2263 superius,
1026 2207 1136 2247 sicut
1147 2214 1281 2264 ,caput
1302 2215 1345 2247 et
1362 2208 1519 2249 famam
1539 2213 1672 2258 tuam,

234 2362 409 2399 infinitam,
428 2369 462 2392 ut
487 2372 563 2392 mox
587 2361 734 2400 itfim'tum
755 2367 836 2398 a'e‘ra,
853 2362 930 2392 item
974 2361 1062 2390 enim
1087 2361 1116 2391 id
1138 2361 1295 2391 statuebat
1316 2361 1544 2402 Xenophanes,
1561 2368 1669 2393 tamen

234 2405 386 2434 materiam
410 2405 567 2444 itfinitam.
592 2411 663 2434 tum
680 2416 694 2433 e
716 2416 773 2445 qua
789 2405 860 2435 dedi
876 2414 930 2444 pro
975 2404 1027 2433 hic
1040 2413 1105 2433 non
1121 2404 1274 2434 attinebat
1288 2405 1370 2434 addi.

234 2459 252 2476 α
266 2459 336 2489 qua,
353 2458 370 2477 e
386 2447 471 2477 libris
487 2454 561 2477 vett.
579 2457 637 2477 scr.
654 2454 684 2477 et
700 2448 768 2477 edd.
1018 2453 1056 2476 42
1084 2446 1154 2475 Eri!
1177 2447 1203 2475 ti
1222 2446 1407 2487 persuasum]
1435 2447 1513 2477 Edd.
1536 2453 1610 2477 vett.
1635 2455 1672 2478 ut

280 2497 320 2523 39
339 2490 516 2530 particulas,
543 2489 648 2519 similes
672 2490 747 2519 inter
773 2501 813 2525 se,
837 2489 929 2518 minu·
974 2489 1056 2519 Ven.
1073 2489 1191 2519 habent
1207 2489 1273 2519 Erit
1290 2491 1363 2519 enim
1379 2500 1409 2530 p.
1426 2492 1511 2529 quod
1533 2500 1669 2530 sequen-

235 2532 294 2572 ηις]
313 2534 373 2563 Hae
388 2539 463 2563 sunt
480 2533 541 2563 illae
554 2540 637 2562 notae
653 2533 720 2570 ejus
734 2532 928 2574 ὅμωσμεςείαι,
975 2538 1018 2561 tes
1041 2532 1194 2562 delevere.
1218 2533 1325 2562 Davis.
1350 2534 1382 2563 in
1408 2533 1486 2564 Mss.
1505 2534 1616 2573 reperit
1631 2534 1668 2570 ei,

233 2577 271 2606 de
288 2577 404 2615 quibus
421 2587 451 2605 v.
470 2577 593 2605 Lucret.
613 2576 638 2612 1,
658 2582 719 2606 830
734 2586 783 2614 sq.
973 2576 1058 2615 quod
1074 2585 1149 2604 cum
1168 2576 1235 2614 ipso
1249 2582 1279 2605 et
1296 2576 1452 2606 Lambino
1467 2576 1656 2616 recepimus.

277 2627 318 2649 40
341 2626 368 2648 el
392 2619 423 2647 id
445 2629 500 2647 esse
521 2617 617 2656 deum]
645 2618 723 2648 Edd.
746 2624 821 2648 vett·
843 2627 931 2656 quae-
1019 2625 1056 2648 43
1081 2618 1110 2648 d.
1141 2624 1226 2656 temp.
1257 2617 1395 2659 existere]
1434 2619 1602 2649 Walkerus
1640 2626 1671 2649 et

226 2663 307 2692 'dam
324 2669 351 2690 et
367 2662 461 2691 idesse
477 2672 580 2691 verum
599 2662 704 2691 Deum.
972 2661 1052 2691 Dav.
1077 2661 1238 2700 corrigunt
1261 2660 1378 2700 efficere,
1404 2662 1456 2691 hic
1479 2662 1574 2692 etiam
1595 2668 1668 2691 ante

276 2713 311 2735 41
340 2716 428 2746 neque
458 2712 559 2734 nalum
590 2715 718 2745 unquam
747 2710 775 2733 et
804 2701 926 2743 semper]
971 2703 1190 2733 diuturnitasve
1213 2711 1379 2742 temporum.
1425 2704 1507 2735 Sane
1530 2705 1571 2735 ita
1602 2715 1668 2734 me-

232 2759 360 2789 unquam
384 2749 463 2778 edidi
488 2758 542 2787 pro
566 2758 687 2788 usquam
711 2757 750 2777 ex
768 2747 837 2777 edd.
855 2753 927 2777 vett.
973 2747 1033 2776 lius
1059 2748 1120 2776 hoc
1145 2756 1221 2777 eum
1246 2757 1333 2785 seqq.
1357 2754 1388 2777 ut
1412 2747 1457 2777 hic
1474 2755 1590 2777 ornatus
1607 2750 1666 2778 διε.

232 2801 306 2831 quae
322 2797 429 2821 tamen
446 2791 530 2821 male
546 2791 666 2820 addunt
687 2790 854 2832 quicquam.
872 2790 926 2819 etsi
972 2791 1189 2829 conjungitur.
