<?xml version="1.0" encoding="UTF-8"?>
<!DOCTYPE html PUBLIC "-//W3C//DTD XHTML 1.0 Transitional//EN"
    "http://www.w3.org/TR/xhtml1/DTD/xhtml1-transitional.dtd">
<html xmlns="http://www.w3.org/1999/xhtml" xml:lang="en" lang="en">
 <head>
  <title>
</title>
<meta http-equiv="Content-Type" content="text/html;charset=utf-8" />
  <meta name='ocr-system' content='tesseract 3.04.00' />
  <meta name='ocr-capabilities' content='ocr_page ocr_carea ocr_par ocr_line ocrx_word'/>
</head>
<body>
  <div class='ocr_page' id='page_1' title='image "./p1operaomnia04ciceuoft_0132.png"; bbox 0 0 1768 3095; ppageno 0'>
   <div class='ocr_carea' id='block_1_1' title="bbox 220 130 1326 170">
    <p class='ocr_par' dir='ltr' id='par_1_1' title="bbox 220 130 1326 170">
     <span class='ocr_line' id='line_1_1' title="bbox 220 130 1326 170; baseline 0 0"><span class='ocrx_word' id='word_1_1' title='bbox 220 136 295 170; x_wconf 84' lang='lat'>124</span> <span class='ocrx_word' id='word_1_2' title='bbox 507 130 581 167; x_wconf 92' lang='lat' dir='ltr'>DE</span> <span class='ocrx_word' id='word_1_3' title='bbox 607 130 764 168; x_wconf 87' lang='lat' dir='ltr'>FINIB.</span> <span class='ocrx_word' id='word_1_4' title='bbox 793 130 993 169; x_wconf 90' lang='lat' dir='ltr'>BONOR.</span> <span class='ocrx_word' id='word_1_5' title='bbox 1023 132 1092 169; x_wconf 83' lang='lat' dir='ltr'>ET</span> <span class='ocrx_word' id='word_1_6' title='bbox 1117 132 1326 170; x_wconf 88' lang='lat' dir='ltr'><strong>MALOR.</strong></span> 
     </span>
    </p>
   </div>
   <div class='ocr_carea' id='block_1_2' title="bbox 104 242 1656 2277">
    <p class='ocr_par' dir='ltr' id='par_1_2' title="bbox 212 242 1648 411">
     <span class='ocr_line' id='line_1_2' title="bbox 212 242 1644 299; baseline 0.003 -17"><span class='ocrx_word' id='word_1_7' title='bbox 212 242 440 283; x_wconf 87' lang='lat' dir='ltr'>instructus</span> <span class='ocrx_word' id='word_1_8' title='bbox 462 242 516 283; x_wconf 89' lang='lat' dir='ltr'>ad</span> <span class='ocrx_word' id='word_1_9' title='bbox 535 250 714 283; x_wconf 85' lang='lat' dir='ltr'>mortem</span> <span class='ocrx_word' id='word_1_10' title='bbox 738 242 1105 293; x_wconf 78' lang='lat' dir='ltr'><strong>contemnendam,</strong></span> <span class='ocrx_word' id='word_1_11' title='bbox 1136 242 1187 284; x_wconf 88' lang='lat' dir='ltr'>ad</span> <span class='ocrx_word' id='word_1_12' title='bbox 1208 243 1416 293; x_wconf 79' lang='lat' dir='ltr'>exsilium,</span> <span class='ocrx_word' id='word_1_13' title='bbox 1438 242 1491 284; x_wconf 81' lang='lat' dir='ltr'>ad</span> <span class='ocrx_word' id='word_1_14' title='bbox 1508 243 1644 299; x_wconf 62' lang='lat' dir='ltr'>ipsum*</span> 
     </span>
     <span class='ocr_line' id='line_1_3' title="bbox 213 298 1646 355; baseline 0.001 -16"><span class='ocrx_word' id='word_1_15' title='bbox 213 298 341 340; x_wconf 82' lang='lat' dir='ltr'>etiam</span> <span class='ocrx_word' id='word_1_16' title='bbox 375 298 579 339; x_wconf 87' lang='lat' dir='ltr'>dolorem.</span> <span class='ocrx_word' id='word_1_17' title='bbox 616 313 742 354; x_wconf 87' lang='lat' dir='ltr'>quem</span> <span class='ocrx_word' id='word_1_18' title='bbox 777 299 947 354; x_wconf 58' lang='lat' dir='ltr'>quidem</span> <span class='ocrx_word' id='word_1_19' title='bbox 985 314 1071 349; x_wconf 92' lang='lat' dir='ltr'>vos,</span> <span class='ocrx_word' id='word_1_20' title='bbox 1105 313 1203 340; x_wconf 89' lang='lat' dir='ltr'>cum</span> <span class='ocrx_word' id='word_1_21' title='bbox 1242 299 1442 354; x_wconf 74' lang='lat' dir='ltr'>improbis</span> <span class='ocrx_word' id='word_1_22' title='bbox 1477 312 1646 355; x_wconf 83' lang='lat' dir='ltr'>poenam</span> 
     </span>
     <span class='ocr_line' id='line_1_4' title="bbox 212 355 1648 411; baseline 0.002 -16"><span class='ocrx_word' id='word_1_23' title='bbox 212 355 461 410; x_wconf 70' lang='lat' dir='ltr'><strong>proponitis,</strong></span> <span class='ocrx_word' id='word_1_24' title='bbox 483 355 761 410; x_wconf 78' lang='lat' dir='ltr'>impatibilem</span> <span class='ocrx_word' id='word_1_25' title='bbox 782 356 944 397; x_wconf 81' lang='lat' dir='ltr'>facitis:</span> <span class='ocrx_word' id='word_1_26' title='bbox 975 370 1072 396; x_wconf 89' lang='lat' dir='ltr'>cum</span> <span class='ocrx_word' id='word_1_27' title='bbox 1102 356 1331 410; x_wconf 74' lang='lat' dir='ltr'>sapientem</span> <span class='ocrx_word' id='word_1_28' title='bbox 1361 368 1528 411; x_wconf 90' lang='lat' dir='ltr'>semper</span> <span class='ocrx_word' id='word_1_29' title='bbox 1547 356 1648 398; x_wconf 82' lang='lat' dir='ltr'>boni</span> 
     </span>
    </p>

    <p class='ocr_par' dir='ltr' id='par_1_3' title="bbox 136 411 1654 1146">
     <span class='ocr_line' id='line_1_5' title="bbox 136 411 1649 467; baseline 0.001 -15"><span class='ocrx_word' id='word_1_30' title='bbox 136 421 155 467; x_wconf 94' lang='grc'>]</span> <span class='ocrx_word' id='word_1_31' title='bbox 170 411 308 467; x_wconf 75' lang='grc' dir='ltr'>8Ρ1υ5</span> <span class='ocrx_word' id='word_1_32' title='bbox 327 411 481 452; x_wconf 80' lang='lat' dir='ltr'>habere</span> <span class='ocrx_word' id='word_1_33' title='bbox 501 412 638 461; x_wconf 85' lang='lat' dir='ltr'>vultis,</span> <span class='ocrx_word' id='word_1_34' title='bbox 661 412 938 453; x_wconf 73' lang='lat' dir='ltr'>tolerabilem.</span> <span class='ocrx_word' id='word_1_35' title='bbox 997 413 1079 453; x_wconf 86' lang='lat' dir='ltr'>Sed</span> <span class='ocrx_word' id='word_1_36' title='bbox 1112 413 1221 467; x_wconf 82' lang='lat' dir='ltr'>finge</span> <span class='ocrx_word' id='word_1_37' title='bbox 1254 427 1335 453; x_wconf 90' lang='lat' dir='ltr'>non</span> <span class='ocrx_word' id='word_1_38' title='bbox 1365 412 1505 453; x_wconf 90' lang='lat' dir='ltr'>solum</span> <span class='ocrx_word' id='word_1_39' title='bbox 1530 412 1649 454; x_wconf 88' lang='lat' dir='ltr'>calli-</span> 
     </span>
     <span class='ocr_line' id='line_1_6' title="bbox 214 468 1647 525; baseline 0.001 -17"><span class='ocrx_word' id='word_1_40' title='bbox 214 468 317 509; x_wconf 89' lang='lat' dir='ltr'>dum</span> <span class='ocrx_word' id='word_1_41' title='bbox 352 483 465 518; x_wconf 87' lang='lat' dir='ltr'>eum,</span> <span class='ocrx_word' id='word_1_42' title='bbox 505 469 577 523; x_wconf 91' lang='lat' dir='ltr'>qui</span> <span class='ocrx_word' id='word_1_43' title='bbox 611 469 768 522; x_wconf 89' lang='lat' dir='ltr'>aliquid</span> <span class='ocrx_word' id='word_1_44' title='bbox 800 470 991 524; x_wconf 80' lang='lat' dir='ltr'>improbe</span> <span class='ocrx_word' id='word_1_45' title='bbox 1024 469 1164 518; x_wconf 77' lang='lat' dir='ltr'>faciat,</span> <span class='ocrx_word' id='word_1_46' title='bbox 1201 483 1343 510; x_wconf 84' lang='lat' dir='ltr'>verum</span> <span class='ocrx_word' id='word_1_47' title='bbox 1377 469 1503 509; x_wconf 87' lang='lat' dir='ltr'>etiam</span> <span class='ocrx_word' id='word_1_48' title='bbox 1540 483 1647 525; x_wconf 83' lang='lat' dir='ltr'>prae-</span> 
     </span>
     <span class='ocr_line' id='line_1_7' title="bbox 214 525 1650 580; baseline 0.001 -15"><span class='ocrx_word' id='word_1_49' title='bbox 214 533 458 580; x_wconf 88' lang='lat' dir='ltr'>potentem:</span> <span class='ocrx_word' id='word_1_50' title='bbox 490 534 537 565; x_wconf 91' lang='lat' dir='ltr'>ut</span> <span class='ocrx_word' id='word_1_51' title='bbox 571 526 636 565; x_wconf 90' lang='lat' dir='ltr'>M.</span> <span class='ocrx_word' id='word_1_52' title='bbox 661 525 837 566; x_wconf 80' lang='lat' dir='ltr'>Crassus</span> <span class='ocrx_word' id='word_1_53' title='bbox 868 525 975 574; x_wconf 82' lang='lat' dir='ltr'>fuit;</span> <span class='ocrx_word' id='word_1_54' title='bbox 1006 526 1075 580; x_wconf 86' lang='lat' dir='ltr'>qui</span> <span class='ocrx_word' id='word_1_55' title='bbox 1108 534 1249 566; x_wconf 87' lang='lat' dir='ltr'>tamen</span> <span class='ocrx_word' id='word_1_56' title='bbox 1278 526 1440 566; x_wconf 83' lang='lat' dir='ltr'>solebat</span> <span class='ocrx_word' id='word_1_57' title='bbox 1478 526 1540 566; x_wconf 89' lang='lat' dir='ltr'>uti</span> <span class='ocrx_word' id='word_1_58' title='bbox 1573 538 1650 567; x_wconf 87' lang='lat' dir='ltr'>suo</span> 
     </span>
     <span class='ocr_line' id='line_1_8' title="bbox 214 581 1652 638; baseline 0.001 -17"><span class='ocrx_word' id='word_1_59' title='bbox 214 583 354 622; x_wconf 91' lang='lat' dir='ltr'>bono:</span> <span class='ocrx_word' id='word_1_60' title='bbox 384 591 431 621; x_wconf 88' lang='lat' dir='ltr'>ut</span> <span class='ocrx_word' id='word_1_61' title='bbox 453 581 579 622; x_wconf 89' lang='lat' dir='ltr'>hodie</span> <span class='ocrx_word' id='word_1_62' title='bbox 600 591 663 622; x_wconf 86' lang='lat' dir='ltr'>est</span> <span class='ocrx_word' id='word_1_63' title='bbox 685 591 825 622; x_wconf 83' lang='lat' dir='ltr'>noster</span> <span class='ocrx_word' id='word_1_64' title='bbox 845 581 1085 636; x_wconf 87' lang='lat' dir='ltr'>Pompeius,</span> <span class='ocrx_word' id='word_1_65' title='bbox 1106 582 1174 622; x_wconf 90' lang='lat' dir='ltr'>cui</span> <span class='ocrx_word' id='word_1_66' title='bbox 1195 590 1306 622; x_wconf 84' lang='lat' dir='ltr'>recte</span> <span class='ocrx_word' id='word_1_67' title='bbox 1326 582 1494 623; x_wconf 83' lang='lat' dir='ltr'>facienti</span> <span class='ocrx_word' id='word_1_68' title='bbox 1514 581 1652 638; x_wconf 83' lang='lat' dir='ltr'>gratia</span> 
     </span>
     <span class='ocr_line' id='line_1_9' title="bbox 215 637 1650 694; baseline 0.001 -15"><span class='ocrx_word' id='word_1_69' title='bbox 215 645 280 679; x_wconf 86' lang='lat' dir='ltr'>est</span> <span class='ocrx_word' id='word_1_70' title='bbox 309 637 526 678; x_wconf 83' lang='lat' dir='ltr'>habenda:</span> <span class='ocrx_word' id='word_1_71' title='bbox 556 652 646 678; x_wconf 86' lang='lat' dir='ltr'>esse</span> <span class='ocrx_word' id='word_1_72' title='bbox 676 638 786 678; x_wconf 86' lang='lat' dir='ltr'>enim</span> <span class='ocrx_word' id='word_1_73' title='bbox 822 638 1011 691; x_wconf 83' lang='lat' dir='ltr'>quamvis</span> <span class='ocrx_word' id='word_1_74' title='bbox 1042 638 1165 679; x_wconf 84' lang='lat' dir='ltr'>vellet</span> <span class='ocrx_word' id='word_1_75' title='bbox 1188 638 1347 694; x_wconf 86' lang='lat' dir='ltr'>justus,</span> <span class='ocrx_word' id='word_1_76' title='bbox 1376 639 1544 694; x_wconf 90' lang='lat' dir='ltr'>iniquus</span> <span class='ocrx_word' id='word_1_77' title='bbox 1570 652 1650 694; x_wconf 88' lang='lat' dir='ltr'>po-</span> 
     </span>
     <span class='ocr_line' id='line_1_10' title="bbox 215 693 1651 751; baseline 0.001 -17"><span class='ocrx_word' id='word_1_78' title='bbox 215 701 324 734; x_wconf 85' lang='lat' dir='ltr'>terat</span> <span class='ocrx_word' id='word_1_79' title='bbox 343 695 527 749; x_wconf 87' lang='lat' dir='ltr'>impune.</span> <span class='ocrx_word' id='word_1_80' title='bbox 587 695 728 736; x_wconf 75' lang='lat' dir='ltr'>Quam</span> <span class='ocrx_word' id='word_1_81' title='bbox 752 693 885 734; x_wconf 89' lang='lat' dir='ltr'>multa</span> <span class='ocrx_word' id='word_1_82' title='bbox 907 707 1002 734; x_wconf 85' lang='lat' dir='ltr'>vero</span> <span class='ocrx_word' id='word_1_83' title='bbox 1023 694 1177 750; x_wconf 87' lang='lat' dir='ltr'>injuste</span> <span class='ocrx_word' id='word_1_84' title='bbox 1198 695 1283 735; x_wconf 83' lang='lat' dir='ltr'>fieri</span> <span class='ocrx_word' id='word_1_85' title='bbox 1309 702 1500 750; x_wconf 85' lang='lat' dir='ltr'><strong>possunt,</strong></span> <span class='ocrx_word' id='word_1_86' title='bbox 1524 702 1540 731; x_wconf 93' lang='lat'><strong><em>⁷</em></strong></span> <span class='ocrx_word' id='word_1_87' title='bbox 1556 709 1651 751; x_wconf 78' lang='lat' dir='ltr'>quae</span> 
     </span>
     <span class='ocr_line' id='line_1_11' title="bbox 153 750 1651 805; baseline 0.001 -13"><span class='ocrx_word' id='word_1_88' title='bbox 153 760 204 792; x_wconf 82' lang='lat'>58</span> <span class='ocrx_word' id='word_1_89' title='bbox 217 763 344 791; x_wconf 87' lang='lat' dir='ltr'>nemo</span> <span class='ocrx_word' id='word_1_90' title='bbox 381 752 516 805; x_wconf 83' lang='lat' dir='ltr'>possit</span> <span class='ocrx_word' id='word_1_91' title='bbox 559 750 891 805; x_wconf 83' lang='lat' dir='ltr'>reprehendere?</span> <span class='ocrx_word' id='word_1_92' title='bbox 939 750 983 791; x_wconf 92' lang='lat' dir='ltr'>Si</span> <span class='ocrx_word' id='word_1_93' title='bbox 1029 759 1070 792; x_wconf 89' lang='lat' dir='ltr'>te</span> <span class='ocrx_word' id='word_1_94' title='bbox 1116 750 1276 791; x_wconf 88' lang='lat' dir='ltr'>amicus</span> <span class='ocrx_word' id='word_1_95' title='bbox 1324 761 1421 792; x_wconf 90' lang='lat' dir='ltr'>tuus</span> <span class='ocrx_word' id='word_1_96' title='bbox 1467 752 1651 793; x_wconf 81' lang='lat' dir='ltr'>moriens</span> 
     </span>
     <span class='ocr_line' id='line_1_12' title="bbox 215 806 1653 864; baseline 0.001 -17"><span class='ocrx_word' id='word_1_97' title='bbox 215 808 438 861; x_wconf 77' lang='lat' dir='ltr'>rogaverit,</span> <span class='ocrx_word' id='word_1_98' title='bbox 476 815 492 837; x_wconf 78' lang='lat'>8</span> <span class='ocrx_word' id='word_1_99' title='bbox 515 815 561 847; x_wconf 89' lang='lat' dir='ltr'>ut</span> <span class='ocrx_word' id='word_1_100' title='bbox 593 807 867 848; x_wconf 83' lang='lat' dir='ltr'>hereditatem</span> <span class='ocrx_word' id='word_1_101' title='bbox 902 806 1050 848; x_wconf 77' lang='lat' dir='ltr'>reddas</span> <span class='ocrx_word' id='word_1_102' title='bbox 1084 821 1170 848; x_wconf 81' lang='lat' dir='ltr'>suae</span> <span class='ocrx_word' id='word_1_103' title='bbox 1208 808 1317 857; x_wconf 85' lang='lat' dir='ltr'>filiae,</span> <span class='ocrx_word' id='word_1_104' title='bbox 1357 822 1434 848; x_wconf 87' lang='lat' dir='ltr'>nec</span> <span class='ocrx_word' id='word_1_105' title='bbox 1473 822 1653 864; x_wconf 79' lang='lat' dir='ltr'><strong>usquam</strong></span> 
     </span>
     <span class='ocr_line' id='line_1_13' title="bbox 214 863 1652 920; baseline 0.001 -16"><span class='ocrx_word' id='word_1_106' title='bbox 214 864 258 905; x_wconf 89' lang='lat' dir='ltr'>id</span> <span class='ocrx_word' id='word_1_107' title='bbox 278 864 504 918; x_wconf 83' lang='lat' dir='ltr'>scripserit,</span> <span class='ocrx_word' id='word_1_108' title='bbox 526 872 574 904; x_wconf 87' lang='lat' dir='ltr'>ut</span> <span class='ocrx_word' id='word_1_109' title='bbox 594 864 760 919; x_wconf 87' lang='lat' dir='ltr'>scripsit</span> <span class='ocrx_word' id='word_1_110' title='bbox 777 864 943 913; x_wconf 82' lang='lat' dir='ltr'><strong>Fadius,</strong></span> <span class='ocrx_word' id='word_1_111' title='bbox 974 879 1049 904; x_wconf 89' lang='lat' dir='ltr'>nec</span> <span class='ocrx_word' id='word_1_112' title='bbox 1075 864 1274 919; x_wconf 82' lang='lat' dir='ltr'><strong>cuiquam</strong></span> <span class='ocrx_word' id='word_1_113' title='bbox 1305 864 1479 905; x_wconf 86' lang='lat' dir='ltr'>dixerit:</span> <span class='ocrx_word' id='word_1_114' title='bbox 1518 863 1652 920; x_wconf 69' lang='lat' dir='ltr'>oquid</span> 
     </span>
     <span class='ocr_line' id='line_1_14' title="bbox 215 919 1651 976; baseline 0.001 -16"><span class='ocrx_word' id='word_1_115' title='bbox 215 919 371 960; x_wconf 81' lang='lat' dir='ltr'>facies?</span> <span class='ocrx_word' id='word_1_116' title='bbox 403 920 469 960; x_wconf 94' lang='lat' dir='ltr'>Tu</span> <span class='ocrx_word' id='word_1_117' title='bbox 486 919 657 975; x_wconf 88' lang='lat' dir='ltr'>quidem</span> <span class='ocrx_word' id='word_1_118' title='bbox 678 920 853 962; x_wconf 86' lang='lat' dir='ltr'>reddes:</span> <span class='ocrx_word' id='word_1_119' title='bbox 884 921 973 975; x_wconf 88' lang='lat' dir='ltr'>ipse</span> <span class='ocrx_word' id='word_1_120' title='bbox 999 921 1208 976; x_wconf 85' lang='lat' dir='ltr'>Epicurus</span> <span class='ocrx_word' id='word_1_121' title='bbox 1233 920 1411 962; x_wconf 90' lang='lat' dir='ltr'>fortasse</span> <span class='ocrx_word' id='word_1_122' title='bbox 1430 920 1651 962; x_wconf 85' lang='lat' dir='ltr'>redderet:</span> 
     </span>
     <span class='ocr_line' id='line_1_15' title="bbox 213 977 1652 1033; baseline 0.001 -17"><span class='ocrx_word' id='word_1_123' title='bbox 213 986 263 1017; x_wconf 90' lang='lat' dir='ltr'>ut</span> <span class='ocrx_word' id='word_1_124' title='bbox 296 977 392 1017; x_wconf 81' lang='lat' dir='ltr'>Sex.</span> <span class='ocrx_word' id='word_1_125' title='bbox 427 977 671 1026; x_wconf 80' lang='lat' dir='ltr'>Peducaeus,</span> <span class='ocrx_word' id='word_1_126' title='bbox 708 978 802 1018; x_wconf 87' lang='lat' dir='ltr'>Sex.</span> <span class='ocrx_word' id='word_1_127' title='bbox 837 979 882 1018; x_wconf 88' lang='lat' dir='ltr'>F.</span> <span class='ocrx_word' id='word_1_128' title='bbox 910 978 958 1026; x_wconf 80' lang='lat' dir='ltr'>is,</span> <span class='ocrx_word' id='word_1_129' title='bbox 991 978 1063 1033; x_wconf 89' lang='lat' dir='ltr'>qui</span> <span class='ocrx_word' id='word_1_130' title='bbox 1095 977 1209 1018; x_wconf 86' lang='lat' dir='ltr'>hunc</span> <span class='ocrx_word' id='word_1_131' title='bbox 1243 986 1435 1018; x_wconf 88' lang='lat' dir='ltr'>nostrum</span> <span class='ocrx_word' id='word_1_132' title='bbox 1468 977 1652 1033; x_wconf 87' lang='lat' dir='ltr'>reliquit,</span> 
     </span>
     <span class='ocr_line' id='line_1_16' title="bbox 213 1032 1654 1090; baseline 0.001 -17"><span class='ocrx_word' id='word_1_133' title='bbox 213 1032 398 1089; x_wconf 82' lang='lat' dir='ltr'>effigiem</span> <span class='ocrx_word' id='word_1_134' title='bbox 419 1041 461 1073; x_wconf 87' lang='lat' dir='ltr'>et</span> <span class='ocrx_word' id='word_1_135' title='bbox 480 1033 766 1084; x_wconf 86' lang='lat' dir='ltr'>humanitatis,</span> <span class='ocrx_word' id='word_1_136' title='bbox 788 1042 829 1075; x_wconf 88' lang='lat' dir='ltr'>et</span> <span class='ocrx_word' id='word_1_137' title='bbox 848 1034 1070 1090; x_wconf 82' lang='lat' dir='ltr'>probitatis</span> <span class='ocrx_word' id='word_1_138' title='bbox 1097 1049 1182 1075; x_wconf 85' lang='lat' dir='ltr'>suae</span> <span class='ocrx_word' id='word_1_139' title='bbox 1203 1034 1350 1084; x_wconf 91' lang='lat' dir='ltr'>filium,</span> <span class='ocrx_word' id='word_1_140' title='bbox 1373 1041 1463 1074; x_wconf 87' lang='lat' dir='ltr'>tum</span> <span class='ocrx_word' id='word_1_141' title='bbox 1486 1033 1654 1085; x_wconf 89' lang='lat' dir='ltr'>doctus,</span> 
     </span>
     <span class='ocr_line' id='line_1_17' title="bbox 215 1090 1654 1146; baseline 0.001 -17"><span class='ocrx_word' id='word_1_142' title='bbox 215 1096 307 1130; x_wconf 85' lang='lat' dir='ltr'>tum</span> <span class='ocrx_word' id='word_1_143' title='bbox 338 1090 529 1130; x_wconf 88' lang='lat' dir='ltr'>omnium</span> <span class='ocrx_word' id='word_1_144' title='bbox 560 1090 618 1129; x_wconf 89' lang='lat' dir='ltr'>vir</span> <span class='ocrx_word' id='word_1_145' title='bbox 642 1090 845 1145; x_wconf 89' lang='lat' dir='ltr'>optimus,</span> <span class='ocrx_word' id='word_1_146' title='bbox 872 1100 914 1131; x_wconf 88' lang='lat' dir='ltr'>et</span> <span class='ocrx_word' id='word_1_147' title='bbox 934 1090 1210 1146; x_wconf 88' lang='lat' dir='ltr'>justissimus,</span> <span class='ocrx_word' id='word_1_148' title='bbox 1239 1105 1339 1131; x_wconf 89' lang='lat' dir='ltr'>cum</span> <span class='ocrx_word' id='word_1_149' title='bbox 1368 1090 1494 1132; x_wconf 85' lang='lat' dir='ltr'>sciret</span> <span class='ocrx_word' id='word_1_150' title='bbox 1513 1103 1654 1142; x_wconf 88' lang='lat' dir='ltr'>nemo,</span> 
     </span>
    </p>

    <p class='ocr_par' dir='ltr' id='par_1_4' title="bbox 104 1146 1655 1485">
     <span class='ocr_line' id='line_1_18' title="bbox 104 1146 1655 1203; baseline 0.001 -16"><span class='ocrx_word' id='word_1_151' title='bbox 104 1167 133 1197; x_wconf 84' lang='lat' dir='ltr'>p.</span> <span class='ocrx_word' id='word_1_152' title='bbox 153 1163 202 1192; x_wconf 90' lang='lat'>77.</span> <span class='ocrx_word' id='word_1_153' title='bbox 215 1160 312 1187; x_wconf 89' lang='lat' dir='ltr'>eum</span> <span class='ocrx_word' id='word_1_154' title='bbox 334 1155 530 1202; x_wconf 83' lang='lat' dir='ltr'>rogatum</span> <span class='ocrx_word' id='word_1_155' title='bbox 553 1162 577 1186; x_wconf 87' lang='lat' dir='ltr'>a</span> <span class='ocrx_word' id='word_1_156' title='bbox 595 1146 646 1187; x_wconf 89' lang='lat' dir='ltr'>C.</span> <span class='ocrx_word' id='word_1_157' title='bbox 663 1147 815 1198; x_wconf 88' lang='lat' dir='ltr'>Plotio,</span> <span class='ocrx_word' id='word_1_158' title='bbox 832 1147 975 1203; x_wconf 89' lang='lat' dir='ltr'>equite</span> <span class='ocrx_word' id='word_1_159' title='bbox 991 1148 1184 1188; x_wconf 88' lang='lat' dir='ltr'>Romano</span> <span class='ocrx_word' id='word_1_160' title='bbox 1198 1146 1434 1202; x_wconf 87' lang='lat' dir='ltr'>splendido,</span> <span class='ocrx_word' id='word_1_161' title='bbox 1448 1147 1655 1198; x_wconf 85' lang='lat' dir='ltr'>Nursino,</span> 
     </span>
     <span class='ocr_line' id='line_1_19' title="bbox 174 1202 1652 1260; baseline 0.001 -17"><span class='ocrx_word' id='word_1_162' title='bbox 174 1212 202 1232; x_wconf 73' lang='lat' dir='ltr'>a·</span> <span class='ocrx_word' id='word_1_163' title='bbox 215 1202 327 1243; x_wconf 91' lang='lat' dir='ltr'>ultro</span> <span class='ocrx_word' id='word_1_164' title='bbox 347 1203 401 1243; x_wconf 89' lang='lat' dir='ltr'>ad</span> <span class='ocrx_word' id='word_1_165' title='bbox 421 1203 641 1244; x_wconf 89' lang='lat' dir='ltr'>mulierem</span> <span class='ocrx_word' id='word_1_166' title='bbox 662 1203 787 1254; x_wconf 90' lang='lat' dir='ltr'>venit,</span> <span class='ocrx_word' id='word_1_167' title='bbox 819 1205 941 1260; x_wconf 90' lang='lat' dir='ltr'>eique</span> <span class='ocrx_word' id='word_1_168' title='bbox 970 1203 1073 1245; x_wconf 89' lang='lat' dir='ltr'>nihil</span> <span class='ocrx_word' id='word_1_169' title='bbox 1103 1203 1291 1258; x_wconf 77' lang='lat' dir='ltr'>opinanti</span> <span class='ocrx_word' id='word_1_170' title='bbox 1311 1204 1384 1244; x_wconf 89' lang='lat' dir='ltr'>viri</span> <span class='ocrx_word' id='word_1_171' title='bbox 1405 1203 1652 1245; x_wconf 88' lang='lat' dir='ltr'>mandatum</span> 
     </span>
     <span class='ocr_line' id='line_1_20' title="bbox 213 1259 1654 1316; baseline 0 -16"><span class='ocrx_word' id='word_1_172' title='bbox 213 1260 424 1315; x_wconf 84' lang='lat' dir='ltr'>exposuit,</span> <span class='ocrx_word' id='word_1_173' title='bbox 459 1259 816 1315; x_wconf 83' lang='lat' dir='ltr'>hereditatemque</span> <span class='ocrx_word' id='word_1_174' title='bbox 853 1260 1049 1301; x_wconf 89' lang='lat' dir='ltr'>reddidit.</span> <span class='ocrx_word' id='word_1_175' title='bbox 1109 1260 1193 1301; x_wconf 90' lang='lat' dir='ltr'>Sed</span> <span class='ocrx_word' id='word_1_176' title='bbox 1225 1274 1308 1315; x_wconf 80' lang='lat' dir='ltr'>ego</span> <span class='ocrx_word' id='word_1_177' title='bbox 1341 1275 1392 1301; x_wconf 88' lang='lat' dir='ltr'>ex</span> <span class='ocrx_word' id='word_1_178' title='bbox 1422 1268 1464 1301; x_wconf 88' lang='lat' dir='ltr'>te</span> <span class='ocrx_word' id='word_1_179' title='bbox 1494 1272 1654 1316; x_wconf 84' lang='lat' dir='ltr'>quaero,</span> 
     </span>
     <span class='ocr_line' id='line_1_21' title="bbox 219 1316 1654 1372; baseline 0.001 -16"><span class='ocrx_word' id='word_1_180' title='bbox 219 1316 436 1371; x_wconf 84' lang='lat' dir='ltr'>(quoniam</span> <span class='ocrx_word' id='word_1_181' title='bbox 458 1316 569 1357; x_wconf 89' lang='lat' dir='ltr'>idem</span> <span class='ocrx_word' id='word_1_182' title='bbox 591 1324 638 1356; x_wconf 89' lang='lat' dir='ltr'>tu</span> <span class='ocrx_word' id='word_1_183' title='bbox 667 1325 781 1357; x_wconf 86' lang='lat' dir='ltr'>certe</span> <span class='ocrx_word' id='word_1_184' title='bbox 808 1317 994 1369; x_wconf 85' lang='lat' dir='ltr'>fecisses)</span> <span class='ocrx_word' id='word_1_185' title='bbox 1023 1325 1211 1357; x_wconf 84' lang='lat' dir='ltr'>¹0nonne</span> <span class='ocrx_word' id='word_1_186' title='bbox 1236 1316 1452 1372; x_wconf 86' lang='lat' dir='ltr'>intelligis,</span> <span class='ocrx_word' id='word_1_187' title='bbox 1481 1330 1533 1357; x_wconf 89' lang='lat' dir='ltr'>eo</span> <span class='ocrx_word' id='word_1_188' title='bbox 1562 1330 1654 1358; x_wconf 83' lang='lat' dir='ltr'>ma-</span> 
     </span>
     <span class='ocr_line' id='line_1_22' title="bbox 206 1372 1654 1429; baseline 0.001 -17"><span class='ocrx_word' id='word_1_189' title='bbox 206 1372 349 1428; x_wconf 88' lang='lat' dir='ltr'>jorem</span> <span class='ocrx_word' id='word_1_190' title='bbox 369 1373 451 1413; x_wconf 91' lang='lat' dir='ltr'>vim</span> <span class='ocrx_word' id='word_1_191' title='bbox 473 1387 564 1413; x_wconf 90' lang='lat' dir='ltr'>esse</span> <span class='ocrx_word' id='word_1_192' title='bbox 584 1382 760 1424; x_wconf 85' lang='lat' dir='ltr'>naturae,</span> <span class='ocrx_word' id='word_1_193' title='bbox 781 1373 899 1429; x_wconf 91' lang='lat' dir='ltr'>quod</span> <span class='ocrx_word' id='word_1_194' title='bbox 930 1373 1009 1429; x_wconf 88' lang='lat' dir='ltr'>ipsi</span> <span class='ocrx_word' id='word_1_195' title='bbox 1029 1387 1116 1424; x_wconf 83' lang='lat' dir='ltr'>VOS,</span> <span class='ocrx_word' id='word_1_196' title='bbox 1138 1374 1209 1429; x_wconf 91' lang='lat' dir='ltr'>qui</span> <span class='ocrx_word' id='word_1_197' title='bbox 1238 1373 1380 1414; x_wconf 86' lang='lat' dir='ltr'>omnia</span> <span class='ocrx_word' id='word_1_198' title='bbox 1399 1373 1452 1414; x_wconf 87' lang='lat' dir='ltr'>ad</span> <span class='ocrx_word' id='word_1_199' title='bbox 1471 1381 1654 1415; x_wconf 85' lang='lat' dir='ltr'>vestrum</span> 
     </span>
     <span class='ocr_line' id='line_1_23' title="bbox 213 1429 1655 1485; baseline 0.002 -16"><span class='ocrx_word' id='word_1_200' title='bbox 213 1429 506 1479; x_wconf 90' lang='lat' dir='ltr'>commodum,</span> <span class='ocrx_word' id='word_1_201' title='bbox 527 1438 584 1479; x_wconf 88' lang='lat' dir='ltr'>et,</span> <span class='ocrx_word' id='word_1_202' title='bbox 604 1437 652 1469; x_wconf 87' lang='lat' dir='ltr'>ut</span> <span class='ocrx_word' id='word_1_203' title='bbox 672 1430 750 1485; x_wconf 91' lang='lat' dir='ltr'>ipsi</span> <span class='ocrx_word' id='word_1_204' title='bbox 770 1429 923 1480; x_wconf 89' lang='lat' dir='ltr'>dicitis,</span> <span class='ocrx_word' id='word_1_205' title='bbox 945 1429 999 1470; x_wconf 89' lang='lat' dir='ltr'>ad</span> <span class='ocrx_word' id='word_1_206' title='bbox 1013 1429 1274 1484; x_wconf 86' lang='lat' dir='ltr'>voluptatem</span> <span class='ocrx_word' id='word_1_207' title='bbox 1288 1430 1489 1480; x_wconf 85' lang='lat' dir='ltr'>referatis,</span> <span class='ocrx_word' id='word_1_208' title='bbox 1511 1438 1655 1472; x_wconf 85' lang='lat' dir='ltr'>tamen</span> 
     </span>
    </p>

    <p class='ocr_par' dir='ltr' id='par_1_5' title="bbox 150 1485 1656 1938">
     <span class='ocr_line' id='line_1_24' title="bbox 150 1485 1655 1542; baseline 0.001 -16"><span class='ocrx_word' id='word_1_209' title='bbox 150 1498 154 1500; x_wconf 68' lang='grc'><strong><em>’</em></strong></span> <span class='ocrx_word' id='word_1_210' title='bbox 213 1499 264 1526; x_wconf 87' lang='lat' dir='ltr'>ea</span> <span class='ocrx_word' id='word_1_211' title='bbox 278 1485 456 1536; x_wconf 84' lang='lat' dir='ltr'>faciatis,</span> <span class='ocrx_word' id='word_1_212' title='bbox 473 1500 497 1526; x_wconf 90' lang='lat' dir='ltr'>e</span> <span class='ocrx_word' id='word_1_213' title='bbox 515 1485 669 1542; x_wconf 92' lang='lat' dir='ltr'>quibus</span> <span class='ocrx_word' id='word_1_214' title='bbox 684 1495 895 1542; x_wconf 86' lang='lat' dir='ltr'>appareat,</span> <span class='ocrx_word' id='word_1_215' title='bbox 910 1501 993 1526; x_wconf 90' lang='lat' dir='ltr'>non</span> <span class='ocrx_word' id='word_1_216' title='bbox 1013 1485 1272 1541; x_wconf 86' lang='lat' dir='ltr'>voluptatem</span> <span class='ocrx_word' id='word_1_217' title='bbox 1287 1499 1358 1527; x_wconf 91' lang='lat' dir='ltr'>vos</span> <span class='ocrx_word' id='word_1_218' title='bbox 1378 1486 1452 1528; x_wconf 90' lang='lat' dir='ltr'>sed</span> <span class='ocrx_word' id='word_1_219' title='bbox 1469 1487 1655 1528; x_wconf 86' lang='lat' dir='ltr'>officium</span> 
     </span>
     <span class='ocr_line' id='line_1_25' title="bbox 215 1542 1654 1598; baseline 0.001 -15"><span class='ocrx_word' id='word_1_220' title='bbox 215 1542 366 1598; x_wconf 89' lang='lat' dir='ltr'>sequi?</span> <span class='ocrx_word' id='word_1_221' title='bbox 418 1542 596 1597; x_wconf 88' lang='lat' dir='ltr'>plusque</span> <span class='ocrx_word' id='word_1_222' title='bbox 634 1551 793 1584; x_wconf 89' lang='lat' dir='ltr'>rectam</span> <span class='ocrx_word' id='word_1_223' title='bbox 833 1551 1040 1592; x_wconf 86' lang='lat' dir='ltr'>naturam,</span> <span class='ocrx_word' id='word_1_224' title='bbox 1079 1554 1205 1598; x_wconf 84' lang='lat' dir='ltr'>quam</span> <span class='ocrx_word' id='word_1_225' title='bbox 1239 1542 1445 1583; x_wconf 85' lang='lat' dir='ltr'>rationem</span> <span class='ocrx_word' id='word_1_226' title='bbox 1484 1552 1654 1598; x_wconf 87' lang='lat' dir='ltr'>pravam</span> 
     </span>
     <span class='ocr_line' id='line_1_26' title="bbox 153 1598 1656 1655; baseline 0.001 -17"><span class='ocrx_word' id='word_1_227' title='bbox 153 1614 204 1655; x_wconf 87' lang='lat'>59</span> <span class='ocrx_word' id='word_1_228' title='bbox 215 1599 378 1639; x_wconf 82' lang='lat' dir='ltr'>valere?</span> <span class='ocrx_word' id='word_1_229' title='bbox 412 1599 456 1640; x_wconf 90' lang='lat' dir='ltr'>Si</span> <span class='ocrx_word' id='word_1_230' title='bbox 477 1599 634 1649; x_wconf 87' lang='lat' dir='ltr'>scieris,</span> <span class='ocrx_word' id='word_1_231' title='bbox 665 1599 802 1655; x_wconf 89' lang='lat' dir='ltr'>inquit</span> <span class='ocrx_word' id='word_1_232' title='bbox 831 1598 1085 1649; x_wconf 83' lang='lat' dir='ltr'>Carneades,</span> <span class='ocrx_word' id='word_1_233' title='bbox 1114 1598 1301 1654; x_wconf 90' lang='lat' dir='ltr'>aspidem</span> <span class='ocrx_word' id='word_1_234' title='bbox 1331 1599 1497 1641; x_wconf 88' lang='lat' dir='ltr'>occulte</span> <span class='ocrx_word' id='word_1_235' title='bbox 1526 1599 1656 1640; x_wconf 81' lang='lat' dir='ltr'>latere</span> 
     </span>
     <span class='ocr_line' id='line_1_27' title="bbox 215 1655 1655 1711; baseline 0.001 -15"><span class='ocrx_word' id='word_1_236' title='bbox 215 1655 396 1711; x_wconf 84' lang='lat' dir='ltr'>uspiam,</span> <span class='ocrx_word' id='word_1_237' title='bbox 418 1664 460 1696; x_wconf 86' lang='lat' dir='ltr'>et</span> <span class='ocrx_word' id='word_1_238' title='bbox 488 1655 594 1696; x_wconf 88' lang='lat' dir='ltr'>velle</span> <span class='ocrx_word' id='word_1_239' title='bbox 623 1655 806 1711; x_wconf 81' lang='lat' dir='ltr'>aliquem</span> <span class='ocrx_word' id='word_1_240' title='bbox 837 1655 1147 1711; x_wconf 86' lang='lat' dir='ltr'>imprudentem</span> <span class='ocrx_word' id='word_1_241' title='bbox 1181 1669 1304 1711; x_wconf 86' lang='lat' dir='ltr'>super</span> <span class='ocrx_word' id='word_1_242' title='bbox 1333 1670 1422 1697; x_wconf 84' lang='lat' dir='ltr'>eam</span> <span class='ocrx_word' id='word_1_243' title='bbox 1456 1655 1655 1707; x_wconf 87' lang='lat' dir='ltr'>assidere,</span> 
     </span>
     <span class='ocr_line' id='line_1_28' title="bbox 215 1712 1654 1768; baseline 0.001 -16"><span class='ocrx_word' id='word_1_244' title='bbox 215 1721 253 1744; x_wconf 27' lang='lat'>*11</span> <span class='ocrx_word' id='word_1_245' title='bbox 270 1712 390 1767; x_wconf 86' lang='lat' dir='ltr'>cujus</span> <span class='ocrx_word' id='word_1_246' title='bbox 422 1723 536 1753; x_wconf 89' lang='lat' dir='ltr'>mors</span> <span class='ocrx_word' id='word_1_247' title='bbox 569 1712 646 1752; x_wconf 88' lang='lat' dir='ltr'>tibi</span> <span class='ocrx_word' id='word_1_248' title='bbox 680 1713 1014 1754; x_wconf 87' lang='lat' dir='ltr'>emolumentum</span> <span class='ocrx_word' id='word_1_249' title='bbox 1049 1712 1211 1752; x_wconf 87' lang='lat' dir='ltr'>factura</span> <span class='ocrx_word' id='word_1_250' title='bbox 1244 1712 1325 1753; x_wconf 83' lang='lat' dir='ltr'>sit:</span> <span class='ocrx_word' id='word_1_251' title='bbox 1371 1712 1565 1768; x_wconf 87' lang='lat' dir='ltr'>improbe</span> <span class='ocrx_word' id='word_1_252' title='bbox 1592 1713 1654 1753; x_wconf 86' lang='lat' dir='ltr'>fe·-</span> 
     </span>
     <span class='ocr_line' id='line_1_29' title="bbox 213 1767 1655 1823; baseline 0.001 -14"><span class='ocrx_word' id='word_1_253' title='bbox 213 1768 335 1818; x_wconf 82' lang='lat' dir='ltr'>ceris,</span> <span class='ocrx_word' id='word_1_254' title='bbox 357 1768 434 1809; x_wconf 90' lang='lat' dir='ltr'>nisi</span> <span class='ocrx_word' id='word_1_255' title='bbox 456 1767 683 1819; x_wconf 88' lang='lat' dir='ltr'>monueris,</span> <span class='ocrx_word' id='word_1_256' title='bbox 711 1782 763 1809; x_wconf 90' lang='lat' dir='ltr'>ne</span> <span class='ocrx_word' id='word_1_257' title='bbox 791 1769 998 1810; x_wconf 81' lang='lat' dir='ltr'>assideat:</span> <span class='ocrx_word' id='word_1_258' title='bbox 1031 1767 1102 1809; x_wconf 91' lang='lat' dir='ltr'>sed</span> <span class='ocrx_word' id='word_1_259' title='bbox 1131 1768 1302 1823; x_wconf 87' lang='lat' dir='ltr'>impune</span> <span class='ocrx_word' id='word_1_260' title='bbox 1330 1777 1495 1819; x_wconf 69' lang='lat' dir='ltr'>tamem</span> <span class='ocrx_word' id='word_1_261' title='bbox 1527 1769 1655 1810; x_wconf 85' lang='lat' dir='ltr'>scisse</span> 
     </span>
     <span class='ocr_line' id='line_1_30' title="bbox 213 1824 1653 1881; baseline 0.001 -16"><span class='ocrx_word' id='word_1_262' title='bbox 213 1825 325 1865; x_wconf 85' lang='lat' dir='ltr'>enim</span> <span class='ocrx_word' id='word_1_263' title='bbox 359 1834 401 1866; x_wconf 88' lang='lat' dir='ltr'>te</span> <span class='ocrx_word' id='word_1_264' title='bbox 433 1833 469 1856; x_wconf 77' lang='lat'>12</span> <span class='ocrx_word' id='word_1_265' title='bbox 488 1825 581 1880; x_wconf 89' lang='lat' dir='ltr'>quis</span> <span class='ocrx_word' id='word_1_266' title='bbox 611 1838 842 1881; x_wconf 79' lang='lat' dir='ltr'>coarguere</span> <span class='ocrx_word' id='word_1_267' title='bbox 873 1825 1033 1881; x_wconf 88' lang='lat' dir='ltr'>possit?</span> <span class='ocrx_word' id='word_1_268' title='bbox 1080 1824 1163 1865; x_wconf 87' lang='lat' dir='ltr'>Sed</span> <span class='ocrx_word' id='word_1_269' title='bbox 1194 1825 1317 1866; x_wconf 90' lang='lat' dir='ltr'>nimis</span> <span class='ocrx_word' id='word_1_270' title='bbox 1347 1825 1495 1867; x_wconf 88' lang='lat' dir='ltr'>multa.</span> <span class='ocrx_word' id='word_1_271' title='bbox 1557 1825 1653 1867; x_wconf 88' lang='lat' dir='ltr'>Per-</span> 
     </span>
     <span class='ocr_line' id='line_1_31' title="bbox 214 1881 1656 1938; baseline 0.001 -16"><span class='ocrx_word' id='word_1_272' title='bbox 214 1882 409 1936; x_wconf 87' lang='lat' dir='ltr'>spicuum</span> <span class='ocrx_word' id='word_1_273' title='bbox 429 1890 493 1922; x_wconf 91' lang='lat' dir='ltr'>est</span> <span class='ocrx_word' id='word_1_274' title='bbox 520 1882 648 1932; x_wconf 84' lang='lat' dir='ltr'>enim,</span> <span class='ocrx_word' id='word_1_275' title='bbox 679 1882 757 1923; x_wconf 88' lang='lat' dir='ltr'>nisi</span> <span class='ocrx_word' id='word_1_276' title='bbox 786 1883 975 1938; x_wconf 79' lang='lat' dir='ltr'>aequitas,</span> <span class='ocrx_word' id='word_1_277' title='bbox 1003 1881 1118 1930; x_wconf 84' lang='lat' dir='ltr'>fides,</span> <span class='ocrx_word' id='word_1_278' title='bbox 1139 1881 1307 1937; x_wconf 90' lang='lat' dir='ltr'>justitia</span> <span class='ocrx_word' id='word_1_279' title='bbox 1338 1882 1656 1937; x_wconf 85' lang='lat' dir='ltr'>proficiscantur</span> 
     </span>
    </p>

    <p class='ocr_par' dir='ltr' id='par_1_6' title="bbox 139 1937 1656 2163">
     <span class='ocr_line' id='line_1_32' title="bbox 216 1937 1651 1990; baseline 0.001 -12"><span class='ocrx_word' id='word_1_280' title='bbox 216 1952 242 1978; x_wconf 86' lang='lat' dir='ltr'>a</span> <span class='ocrx_word' id='word_1_281' title='bbox 267 1946 429 1989; x_wconf 86' lang='lat' dir='ltr'>natura,</span> <span class='ocrx_word' id='word_1_282' title='bbox 458 1946 501 1978; x_wconf 91' lang='lat' dir='ltr'>et</span> <span class='ocrx_word' id='word_1_283' title='bbox 531 1938 565 1979; x_wconf 90' lang='lat' dir='ltr'>si</span> <span class='ocrx_word' id='word_1_284' title='bbox 597 1939 741 1980; x_wconf 90' lang='lat' dir='ltr'>omnia</span> <span class='ocrx_word' id='word_1_285' title='bbox 772 1939 864 1979; x_wconf 85' lang='lat' dir='ltr'>haec</span> <span class='ocrx_word' id='word_1_286' title='bbox 894 1938 948 1979; x_wconf 89' lang='lat' dir='ltr'>ad</span> <span class='ocrx_word' id='word_1_287' title='bbox 980 1937 1205 1978; x_wconf 84' lang='lat' dir='ltr'>utilitatem</span> <span class='ocrx_word' id='word_1_288' title='bbox 1241 1938 1487 1990; x_wconf 86' lang='lat' dir='ltr'>referantur,</span> <span class='ocrx_word' id='word_1_289' title='bbox 1518 1938 1651 1981; x_wconf 87' lang='lat' dir='ltr'>virum</span> 
     </span>
     <span class='ocr_line' id='line_1_33' title="bbox 154 1993 1655 2051; baseline 0.001 -16"><span class='ocrx_word' id='word_1_290' title='bbox 154 1995 377 2040; x_wconf 86' lang='lat' dir='ltr'>60bonum</span> <span class='ocrx_word' id='word_1_291' title='bbox 399 2009 482 2035; x_wconf 91' lang='lat' dir='ltr'>non</span> <span class='ocrx_word' id='word_1_292' title='bbox 502 2009 625 2049; x_wconf 89' lang='lat' dir='ltr'>posse</span> <span class='ocrx_word' id='word_1_293' title='bbox 645 1996 828 2051; x_wconf 87' lang='lat' dir='ltr'>reperiri.</span> <span class='ocrx_word' id='word_1_294' title='bbox 887 1996 1040 2050; x_wconf 90' lang='lat' dir='ltr'>Deque</span> <span class='ocrx_word' id='word_1_295' title='bbox 1070 1993 1135 2034; x_wconf 89' lang='lat' dir='ltr'>his</span> <span class='ocrx_word' id='word_1_296' title='bbox 1166 1994 1290 2036; x_wconf 86' lang='lat' dir='ltr'>rebus</span> <span class='ocrx_word' id='word_1_297' title='bbox 1322 1995 1420 2036; x_wconf 84' lang='lat' dir='ltr'>satis</span> <span class='ocrx_word' id='word_1_298' title='bbox 1450 1995 1586 2036; x_wconf 90' lang='lat' dir='ltr'>multa</span> <span class='ocrx_word' id='word_1_299' title='bbox 1612 1996 1655 2036; x_wconf 87' lang='lat' dir='ltr'>in</span> 
     </span>
     <span class='ocr_line' id='line_1_34' title="bbox 139 2050 1656 2116; baseline 0.001 -25"><span class='ocrx_word' id='word_1_300' title='bbox 139 2051 371 2116; x_wconf 75' lang='lat' dir='ltr'>19n0stris</span> <span class='ocrx_word' id='word_1_301' title='bbox 403 2051 455 2091; x_wconf 92' lang='lat' dir='ltr'>de</span> <span class='ocrx_word' id='word_1_302' title='bbox 491 2053 723 2107; x_wconf 85' lang='lat' dir='ltr'>Republica</span> <span class='ocrx_word' id='word_1_303' title='bbox 763 2052 878 2093; x_wconf 88' lang='lat' dir='ltr'>libris</span> <span class='ocrx_word' id='word_1_304' title='bbox 916 2060 1013 2091; x_wconf 85' lang='lat' dir='ltr'>sunt</span> <span class='ocrx_word' id='word_1_305' title='bbox 1048 2050 1162 2092; x_wconf 87' lang='lat' dir='ltr'>dicta</span> <span class='ocrx_word' id='word_1_306' title='bbox 1199 2066 1223 2091; x_wconf 89' lang='lat' dir='ltr'>a</span> <span class='ocrx_word' id='word_1_307' title='bbox 1254 2051 1400 2092; x_wconf 86' lang='lat' dir='ltr'>Laelio.</span> <span class='ocrx_word' id='word_1_308' title='bbox 1459 2052 1656 2093; x_wconf 87' lang='lat' dir='ltr'>Transfer</span> 
     </span>
     <span class='ocr_line' id='line_1_35' title="bbox 215 2107 1654 2163; baseline 0.001 -15"><span class='ocrx_word' id='word_1_309' title='bbox 215 2107 329 2148; x_wconf 89' lang='lat' dir='ltr'>idem</span> <span class='ocrx_word' id='word_1_310' title='bbox 361 2107 413 2148; x_wconf 92' lang='lat' dir='ltr'>ad</span> <span class='ocrx_word' id='word_1_311' title='bbox 444 2109 709 2159; x_wconf 87' lang='lat' dir='ltr'>modestiam,</span> <span class='ocrx_word' id='word_1_312' title='bbox 740 2109 804 2150; x_wconf 88' lang='lat' dir='ltr'>vel</span> <span class='ocrx_word' id='word_1_313' title='bbox 834 2108 1169 2163; x_wconf 85' lang='lat' dir='ltr'>temperantiam,</span> <span class='ocrx_word' id='word_1_314' title='bbox 1200 2122 1293 2163; x_wconf 88' lang='lat' dir='ltr'>quae</span> <span class='ocrx_word' id='word_1_315' title='bbox 1325 2116 1390 2149; x_wconf 92' lang='lat' dir='ltr'>est</span> <span class='ocrx_word' id='word_1_316' title='bbox 1418 2108 1654 2155; x_wconf 88' lang='lat' dir='ltr'>moderatio</span> 
     </span>
    </p>

    <p class='ocr_par' dir='ltr' id='par_1_7' title="bbox 156 2164 1655 2277">
     <span class='ocr_line' id='line_1_36' title="bbox 156 2164 1654 2220; baseline 0.001 -16"><span class='ocrx_word' id='word_1_317' title='bbox 156 2179 159 2183; x_wconf 93' lang='lat'>·</span> <span class='ocrx_word' id='word_1_318' title='bbox 216 2164 512 2220; x_wconf 85' lang='lat' dir='ltr'>cupiditatum,</span> <span class='ocrx_word' id='word_1_319' title='bbox 533 2166 683 2207; x_wconf 88' lang='lat' dir='ltr'>rationi</span> <span class='ocrx_word' id='word_1_320' title='bbox 712 2165 927 2206; x_wconf 86' lang='lat' dir='ltr'>obediens.</span> <span class='ocrx_word' id='word_1_321' title='bbox 957 2164 1111 2205; x_wconf 86' lang='lat' dir='ltr'>satisne</span> <span class='ocrx_word' id='word_1_322' title='bbox 1138 2177 1243 2219; x_wconf 84' lang='lat' dir='ltr'>ergo</span> <span class='ocrx_word' id='word_1_323' title='bbox 1273 2164 1424 2219; x_wconf 90' lang='lat' dir='ltr'>pudori</span> <span class='ocrx_word' id='word_1_324' title='bbox 1445 2164 1654 2216; x_wconf 77' lang='lat' dir='ltr'>consulat,</span> 
     </span>
     <span class='ocr_line' id='line_1_37' title="bbox 214 2220 1655 2277; baseline 0.001 -16"><span class='ocrx_word' id='word_1_325' title='bbox 214 2221 251 2261; x_wconf 79' lang='lat' dir='ltr'>si</span> <span class='ocrx_word' id='word_1_326' title='bbox 282 2221 374 2277; x_wconf 89' lang='lat' dir='ltr'>quis</span> <span class='ocrx_word' id='word_1_327' title='bbox 405 2221 494 2262; x_wconf 89' lang='lat' dir='ltr'>sine</span> <span class='ocrx_word' id='word_1_328' title='bbox 526 2230 630 2263; x_wconf 88' lang='lat' dir='ltr'>teste</span> <span class='ocrx_word' id='word_1_329' title='bbox 673 2222 838 2263; x_wconf 83' lang='lat' dir='ltr'>libidini</span> <span class='ocrx_word' id='word_1_330' title='bbox 872 2222 1048 2277; x_wconf 83' lang='lat' dir='ltr'>pareat?</span> <span class='ocrx_word' id='word_1_331' title='bbox 1086 2228 1120 2252; x_wconf 83' lang='lat'>13</span> <span class='ocrx_word' id='word_1_332' title='bbox 1138 2235 1191 2261; x_wconf 91' lang='lat' dir='ltr'>an</span> <span class='ocrx_word' id='word_1_333' title='bbox 1223 2230 1288 2261; x_wconf 89' lang='lat' dir='ltr'>est</span> <span class='ocrx_word' id='word_1_334' title='bbox 1317 2220 1476 2277; x_wconf 88' lang='lat' dir='ltr'>aliquid</span> <span class='ocrx_word' id='word_1_335' title='bbox 1504 2236 1580 2277; x_wconf 90' lang='lat' dir='ltr'>per</span> <span class='ocrx_word' id='word_1_336' title='bbox 1610 2225 1655 2263; x_wconf 76' lang='lat' dir='ltr'>se</span> 
     </span>
    </p>
   </div>
   <div class='ocr_carea' id='block_1_3' title="bbox 214 2312 1657 2910">
    <p class='ocr_par' dir='ltr' id='par_1_8' title="bbox 214 2312 1655 2439">
     <span class='ocr_line' id='line_1_38' title="bbox 261 2312 1089 2354; baseline 0 -12"><span class='ocrx_word' id='word_1_337' title='bbox 261 2319 276 2347; x_wconf 75' lang='lat' dir='ltr'>&#39;l</span> <span class='ocrx_word' id='word_1_338' title='bbox 306 2324 368 2354; x_wconf 59' lang='grc' dir='ltr'>για)</span> <span class='ocrx_word' id='word_1_339' title='bbox 393 2324 470 2342; x_wconf 86' lang='lat' dir='ltr'>nemo</span> <span class='ocrx_word' id='word_1_340' title='bbox 490 2313 579 2352; x_wconf 77' lang='lat' dir='ltr'>possit</span> <span class='ocrx_word' id='word_1_341' title='bbox 608 2312 819 2353; x_wconf 70' lang='lat' dir='ltr'>reprehendere]</span> <span class='ocrx_word' id='word_1_342' title='bbox 851 2314 916 2343; x_wconf 77' lang='lat' dir='ltr'>Da·</span> <span class='ocrx_word' id='word_1_343' title='bbox 960 2313 1089 2343; x_wconf 83' lang='lat' dir='ltr'>toriana.</span> 
     </span>
     <span class='ocr_line' id='line_1_39' title="bbox 214 2354 1655 2396; baseline 0 -11"><span class='ocrx_word' id='word_1_344' title='bbox 214 2356 313 2385; x_wconf 71' lang='lat' dir='ltr'>visius</span> <span class='ocrx_word' id='word_1_345' title='bbox 339 2357 562 2395; x_wconf 82' lang='lat' dir='ltr'>corrigendum</span> <span class='ocrx_word' id='word_1_346' title='bbox 587 2364 677 2396; x_wconf 81' lang='lat' dir='ltr'>putat</span> <span class='ocrx_word' id='word_1_347' title='bbox 699 2355 914 2396; x_wconf 71' lang='lat' dir='ltr'>deprehendere,</span> <span class='ocrx_word' id='word_1_348' title='bbox 1004 2362 1038 2385; x_wconf 87' lang='grc'>11</span> <span class='ocrx_word' id='word_1_349' title='bbox 1065 2354 1143 2394; x_wconf 81' lang='lat' dir='ltr'>cujus</span> <span class='ocrx_word' id='word_1_350' title='bbox 1160 2364 1232 2383; x_wconf 81' lang='lat' dir='ltr'>mors</span> <span class='ocrx_word' id='word_1_351' title='bbox 1249 2354 1302 2383; x_wconf 78' lang='lat' dir='ltr'><em>tibi</em></span> <span class='ocrx_word' id='word_1_352' title='bbox 1319 2354 1655 2396; x_wconf 78' lang='lat' dir='ltr'>emolumentumfutura</span> 
     </span>
     <span class='ocr_line' id='line_1_40' title="bbox 217 2396 1653 2439; baseline 0.001 -11"><span class='ocrx_word' id='word_1_353' title='bbox 217 2400 302 2438; x_wconf 86' lang='lat' dir='ltr'>quod</span> <span class='ocrx_word' id='word_1_354' title='bbox 317 2400 398 2429; x_wconf 81' lang='lat' dir='ltr'>bene</span> <span class='ocrx_word' id='word_1_355' title='bbox 414 2400 571 2430; x_wconf 81' lang='lat' dir='ltr'>consentit</span> <span class='ocrx_word' id='word_1_356' title='bbox 586 2400 805 2439; x_wconf 80' lang='lat' dir='ltr'>sequentibus.</span> <span class='ocrx_word' id='word_1_357' title='bbox 956 2396 1007 2436; x_wconf 83' lang='lat' dir='ltr'>sit]</span> <span class='ocrx_word' id='word_1_358' title='bbox 1027 2397 1103 2427; x_wconf 81' lang='lat' dir='ltr'>Edd.</span> <span class='ocrx_word' id='word_1_359' title='bbox 1114 2407 1159 2436; x_wconf 86' lang='lat' dir='ltr'>pr.</span> <span class='ocrx_word' id='word_1_360' title='bbox 1172 2396 1524 2438; x_wconf 82' lang='lat' dir='ltr'>ornnesfactura.quod</span> <span class='ocrx_word' id='word_1_361' title='bbox 1540 2398 1653 2438; x_wconf 89' lang='lat' dir='ltr'>recepi.</span> 
     </span>
    </p>

    <p class='ocr_par' dir='ltr' id='par_1_9' title="bbox 219 2440 1657 2737">
     <span class='ocr_line' id='line_1_41' title="bbox 263 2440 1654 2481; baseline 0 -9"><span class='ocrx_word' id='word_1_362' title='bbox 263 2448 279 2472; x_wconf 87' lang='lat'>8</span> <span class='ocrx_word' id='word_1_363' title='bbox 303 2442 492 2480; x_wconf 54' lang='lat' dir='ltr'>ur-rciidas]</span> <span class='ocrx_word' id='word_1_364' title='bbox 514 2443 585 2472; x_wconf 82' lang='lat' dir='ltr'>Hoc</span> <span class='ocrx_word' id='word_1_365' title='bbox 600 2443 680 2473; x_wconf 85' lang='lat' dir='ltr'>bene</span> <span class='ocrx_word' id='word_1_366' title='bbox 702 2442 857 2472; x_wconf 81' lang='lat' dir='ltr'>consentit</span> <span class='ocrx_word' id='word_1_367' title='bbox 874 2441 913 2478; x_wconf 66' lang='grc' dir='ltr'>τῷ</span> <span class='ocrx_word' id='word_1_368' title='bbox 957 2440 1082 2470; x_wconf 84' lang='lat' dir='ltr'>Similes</span> <span class='ocrx_word' id='word_1_369' title='bbox 1108 2441 1234 2479; x_wconf 83' lang='lat' dir='ltr'>phrases</span> <span class='ocrx_word' id='word_1_370' title='bbox 1258 2442 1341 2480; x_wconf 86' lang='lat' dir='ltr'>apud</span> <span class='ocrx_word' id='word_1_371' title='bbox 1367 2441 1444 2471; x_wconf 84' lang='lat' dir='ltr'>alios</span> <span class='ocrx_word' id='word_1_372' title='bbox 1468 2448 1654 2481; x_wconf 73' lang='lat' dir='ltr'>occurrunt,</span> 
     </span>
     <span class='ocr_line' id='line_1_42' title="bbox 219 2483 1654 2525; baseline 0.002 -13"><span class='ocrx_word' id='word_1_373' title='bbox 219 2485 392 2523; x_wconf 81' lang='lat' dir='ltr'>rogaverit.-</span> <span class='ocrx_word' id='word_1_374' title='bbox 417 2492 447 2514; x_wconf 87' lang='lat' dir='ltr'>at</span> <span class='ocrx_word' id='word_1_375' title='bbox 471 2496 534 2515; x_wconf 86' lang='lat' dir='ltr'>non</span> <span class='ocrx_word' id='word_1_376' title='bbox 558 2486 777 2525; x_wconf 78' lang='lat' dir='ltr'>sequentibus,</span> <span class='ocrx_word' id='word_1_377' title='bbox 806 2492 841 2514; x_wconf 89' lang='lat' dir='ltr'>ut</span> <span class='ocrx_word' id='word_1_378' title='bbox 871 2483 914 2513; x_wconf 85' lang='lat' dir='ltr'>le·</span> <span class='ocrx_word' id='word_1_379' title='bbox 958 2484 990 2512; x_wconf 88' lang='lat' dir='ltr'>in</span> <span class='ocrx_word' id='word_1_380' title='bbox 1017 2483 1133 2522; x_wconf 83' lang='lat' dir='ltr'>quibus</span> <span class='ocrx_word' id='word_1_381' title='bbox 1156 2483 1270 2513; x_wconf 87' lang='lat' dir='ltr'>librarii</span> <span class='ocrx_word' id='word_1_382' title='bbox 1296 2485 1425 2520; x_wconf 70' lang='lat' dir='ltr'>haesere,</span> <span class='ocrx_word' id='word_1_383' title='bbox 1450 2491 1486 2513; x_wconf 92' lang='lat' dir='ltr'>ut</span> <span class='ocrx_word' id='word_1_384' title='bbox 1509 2494 1559 2524; x_wconf 86' lang='lat' dir='ltr'>ap.</span> <span class='ocrx_word' id='word_1_385' title='bbox 1585 2485 1654 2515; x_wconf 80' lang='lat' dir='ltr'>Liv.</span> 
     </span>
     <span class='ocr_line' id='line_1_43' title="bbox 219 2526 1654 2568; baseline 0.001 -12"><span class='ocrx_word' id='word_1_386' title='bbox 219 2528 361 2566; x_wconf 86' lang='lat' dir='ltr'>gendum</span> <span class='ocrx_word' id='word_1_387' title='bbox 378 2528 520 2558; x_wconf 82' lang='lat' dir='ltr'>videatur</span> <span class='ocrx_word' id='word_1_388' title='bbox 537 2529 673 2558; x_wconf 77' lang='lat' dir='ltr'>redderes.</span> <span class='ocrx_word' id='word_1_389' title='bbox 958 2526 1017 2555; x_wconf 87' lang='lat'>111.</span> <span class='ocrx_word' id='word_1_390' title='bbox 1049 2533 1075 2556; x_wconf 94' lang='lat'>1.</span> <span class='ocrx_word' id='word_1_391' title='bbox 1101 2527 1133 2555; x_wconf 90' lang='lat' dir='ltr'>in</span> <span class='ocrx_word' id='word_1_392' title='bbox 1158 2526 1237 2565; x_wconf 80' lang='lat' dir='ltr'>copia</span> <span class='ocrx_word' id='word_1_393' title='bbox 1247 2527 1412 2566; x_wconf 79' lang='lat' dir='ltr'>fastidium</span> <span class='ocrx_word' id='word_1_394' title='bbox 1423 2527 1506 2568; x_wconf 79' lang='lat' dir='ltr'>fecit</span> <span class='ocrx_word' id='word_1_395' title='bbox 1529 2537 1584 2567; x_wconf 88' lang='lat' dir='ltr'>pro</span> <span class='ocrx_word' id='word_1_396' title='bbox 1608 2534 1654 2558; x_wconf 81' lang='lat' dir='ltr'>at-</span> 
     </span>
     <span class='ocr_line' id='line_1_44' title="bbox 224 2568 1405 2612; baseline 0.002 -14"><span class='ocrx_word' id='word_1_397' title='bbox 224 2574 226 2576; x_wconf 80' lang='grc'>’</span> <span class='ocrx_word' id='word_1_398' title='bbox 261 2577 281 2602; x_wconf 79' lang='lat'>9</span> <span class='ocrx_word' id='word_1_399' title='bbox 303 2570 478 2611; x_wconf 77' lang='lat' dir='ltr'>quidfacies</span> <span class='ocrx_word' id='word_1_400' title='bbox 490 2570 506 2599; x_wconf 68' lang='lat'>‚9</span> <span class='ocrx_word' id='word_1_401' title='bbox 530 2572 571 2600; x_wconf 78' lang='lat' dir='ltr'>Tu</span> <span class='ocrx_word' id='word_1_402' title='bbox 587 2571 701 2612; x_wconf 80' lang='lat' dir='ltr'>quidem</span> <span class='ocrx_word' id='word_1_403' title='bbox 717 2569 812 2598; x_wconf 77' lang='lat' dir='ltr'>reddes</span> <span class='ocrx_word' id='word_1_404' title='bbox 824 2580 834 2597; x_wconf 89' lang='lat'><em>:</em></span> <span class='ocrx_word' id='word_1_405' title='bbox 856 2569 914 2607; x_wconf 84' lang='lat' dir='ltr'>ipse</span> <span class='ocrx_word' id='word_1_406' title='bbox 959 2568 1043 2605; x_wconf 77' lang='lat' dir='ltr'>tulit,</span> <span class='ocrx_word' id='word_1_407' title='bbox 1057 2574 1093 2599; x_wconf 85' lang='lat' dir='ltr'>ut</span> <span class='ocrx_word' id='word_1_408' title='bbox 1109 2569 1140 2599; x_wconf 89' lang='lat' dir='ltr'>h.</span> <span class='ocrx_word' id='word_1_409' title='bbox 1157 2569 1178 2599; x_wconf 87' lang='lat' dir='ltr'>l.</span> <span class='ocrx_word' id='word_1_410' title='bbox 1195 2577 1250 2609; x_wconf 86' lang='lat' dir='ltr'>pro</span> <span class='ocrx_word' id='word_1_411' title='bbox 1264 2569 1405 2600; x_wconf 80' lang='lat' dir='ltr'>allatura.</span> 
     </span>
     <span class='ocr_line' id='line_1_45' title="bbox 220 2611 1657 2652; baseline 0.001 -11"><span class='ocrx_word' id='word_1_412' title='bbox 220 2612 561 2652; x_wconf 66' lang='lat' dir='ltr'>Epicurus—redderet]</span> <span class='ocrx_word' id='word_1_413' title='bbox 593 2613 625 2641; x_wconf 70' lang='grc' dir='ltr'>τὸ</span> <span class='ocrx_word' id='word_1_414' title='bbox 652 2613 779 2642; x_wconf 74' lang='lat' dir='ltr'>reddere!</span> <span class='ocrx_word' id='word_1_415' title='bbox 805 2613 914 2642; x_wconf 84' lang='lat' dir='ltr'>suadet</span> <span class='ocrx_word' id='word_1_416' title='bbox 1004 2619 1040 2642; x_wconf 82' lang='lat'>12</span> <span class='ocrx_word' id='word_1_417' title='bbox 1064 2611 1127 2652; x_wconf 80' lang='lat' dir='ltr'>quis</span> <span class='ocrx_word' id='word_1_418' title='bbox 1155 2623 1308 2651; x_wconf 76' lang='lat' dir='ltr'>coarguere</span> <span class='ocrx_word' id='word_1_419' title='bbox 1325 2611 1428 2651; x_wconf 81' lang='lat' dir='ltr'>possit]</span> <span class='ocrx_word' id='word_1_420' title='bbox 1454 2614 1506 2643; x_wconf 89' lang='lat' dir='ltr'>An</span> <span class='ocrx_word' id='word_1_421' title='bbox 1535 2613 1657 2652; x_wconf 72' lang='lat' dir='ltr'>posset?</span> 
     </span>
     <span class='ocr_line' id='line_1_46' title="bbox 220 2654 1653 2695; baseline 0.001 -10"><span class='ocrx_word' id='word_1_422' title='bbox 220 2655 321 2695; x_wconf 83' lang='lat' dir='ltr'>legere</span> <span class='ocrx_word' id='word_1_423' title='bbox 337 2656 555 2695; x_wconf 74' lang='lat' dir='ltr'>etiamfaceres</span> <span class='ocrx_word' id='word_1_424' title='bbox 567 2656 583 2684; x_wconf 71' lang='lat'><em>?</em></span> <span class='ocrx_word' id='word_1_425' title='bbox 606 2656 743 2686; x_wconf 73' lang='lat' dir='ltr'>redderes.</span> <span class='ocrx_word' id='word_1_426' title='bbox 756 2656 800 2685; x_wconf 86' lang='lat' dir='ltr'>sic</span> <span class='ocrx_word' id='word_1_427' title='bbox 811 2654 913 2695; x_wconf 84' lang='lat' dir='ltr'>place-</span> <span class='ocrx_word' id='word_1_428' title='bbox 957 2655 1041 2693; x_wconf 87' lang='lat' dir='ltr'>quod</span> <span class='ocrx_word' id='word_1_429' title='bbox 1056 2654 1171 2685; x_wconf 89' lang='lat' dir='ltr'>melius</span> <span class='ocrx_word' id='word_1_430' title='bbox 1185 2656 1332 2684; x_wconf 89' lang='lat' dir='ltr'>convenit</span> <span class='ocrx_word' id='word_1_431' title='bbox 1344 2655 1556 2695; x_wconf 86' lang='lat' dir='ltr'>superioribus</span> <span class='ocrx_word' id='word_1_432' title='bbox 1572 2663 1653 2687; x_wconf 87' lang='lat' dir='ltr'>tem-</span> 
     </span>
     <span class='ocr_line' id='line_1_47' title="bbox 219 2697 1096 2737; baseline -0.001 -9"><span class='ocrx_word' id='word_1_433' title='bbox 219 2699 273 2729; x_wconf 91' lang='lat' dir='ltr'>bat</span> <span class='ocrx_word' id='word_1_434' title='bbox 287 2699 384 2728; x_wconf 84' lang='lat' dir='ltr'>etiam</span> <span class='ocrx_word' id='word_1_435' title='bbox 402 2699 540 2729; x_wconf 84' lang='lat' dir='ltr'>Davisio.</span> <span class='ocrx_word' id='word_1_436' title='bbox 957 2697 1096 2737; x_wconf 81' lang='lat' dir='ltr'>poribus.</span> 
     </span>
    </p>

    <p class='ocr_par' dir='ltr' id='par_1_10' title="bbox 218 2738 1654 2910">
     <span class='ocr_line' id='line_1_48' title="bbox 266 2738 1653 2782; baseline 0 -11"><span class='ocrx_word' id='word_1_437' title='bbox 266 2749 304 2772; x_wconf 92' lang='lat'>10</span> <span class='ocrx_word' id='word_1_438' title='bbox 326 2753 414 2770; x_wconf 82' lang='lat' dir='ltr'>nonne</span> <span class='ocrx_word' id='word_1_439' title='bbox 439 2739 594 2781; x_wconf 77' lang='lat' dir='ltr'>intelligis]</span> <span class='ocrx_word' id='word_1_440' title='bbox 621 2741 672 2770; x_wconf 85' lang='lat' dir='ltr'>Sic</span> <span class='ocrx_word' id='word_1_441' title='bbox 702 2741 796 2770; x_wconf 79' lang='lat' dir='ltr'>edidit</span> <span class='ocrx_word' id='word_1_442' title='bbox 818 2741 914 2770; x_wconf 82' lang='lat' dir='ltr'>Davi·</span> <span class='ocrx_word' id='word_1_443' title='bbox 1003 2746 1038 2770; x_wconf 77' lang='grc'>13</span> <span class='ocrx_word' id='word_1_444' title='bbox 1064 2751 1102 2768; x_wconf 79' lang='lat' dir='ltr'>an</span> <span class='ocrx_word' id='word_1_445' title='bbox 1118 2747 1158 2769; x_wconf 82' lang='lat' dir='ltr'>est</span> <span class='ocrx_word' id='word_1_446' title='bbox 1179 2740 1296 2782; x_wconf 79' lang='lat' dir='ltr'>aliquid</span> <span class='ocrx_word' id='word_1_447' title='bbox 1316 2738 1392 2780; x_wconf 86' lang='lat' dir='ltr'>&amp;c.]</span> <span class='ocrx_word' id='word_1_448' title='bbox 1420 2741 1499 2771; x_wconf 79' lang='lat' dir='ltr'>Haec</span> <span class='ocrx_word' id='word_1_449' title='bbox 1523 2741 1653 2771; x_wconf 88' lang='lat' dir='ltr'>interro-</span> 
     </span>
     <span class='ocr_line' id='line_1_49' title="bbox 218 2783 1654 2823; baseline 0 -9"><span class='ocrx_word' id='word_1_450' title='bbox 218 2785 285 2814; x_wconf 78' lang='lat' dir='ltr'>sius</span> <span class='ocrx_word' id='word_1_451' title='bbox 301 2795 317 2814; x_wconf 93' lang='lat' dir='ltr'>e</span> <span class='ocrx_word' id='word_1_452' title='bbox 335 2785 413 2815; x_wconf 89' lang='lat' dir='ltr'>Mss.</span> <span class='ocrx_word' id='word_1_453' title='bbox 433 2784 588 2823; x_wconf 85' lang='lat' dir='ltr'>pluribus.</span> <span class='ocrx_word' id='word_1_454' title='bbox 634 2783 685 2813; x_wconf 79' lang='lat' dir='ltr'>Sic</span> <span class='ocrx_word' id='word_1_455' title='bbox 709 2791 739 2813; x_wconf 84' lang='lat' dir='ltr'>et</span> <span class='ocrx_word' id='word_1_456' title='bbox 761 2785 810 2813; x_wconf 88' lang='lat' dir='ltr'>ed.</span> <span class='ocrx_word' id='word_1_457' title='bbox 834 2784 914 2813; x_wconf 84' lang='lat' dir='ltr'>Ven.</span> <span class='ocrx_word' id='word_1_458' title='bbox 957 2783 1041 2822; x_wconf 81' lang='lat' dir='ltr'>gatio</span> <span class='ocrx_word' id='word_1_459' title='bbox 1071 2789 1185 2821; x_wconf 82' lang='lat' dir='ltr'>negat:</span> <span class='ocrx_word' id='word_1_460' title='bbox 1225 2784 1309 2822; x_wconf 90' lang='lat' dir='ltr'>quod</span> <span class='ocrx_word' id='word_1_461' title='bbox 1345 2791 1391 2814; x_wconf 83' lang='lat' dir='ltr'>est</span> <span class='ocrx_word' id='word_1_462' title='bbox 1420 2783 1578 2821; x_wconf 85' lang='lat' dir='ltr'>alienum,</span> <span class='ocrx_word' id='word_1_463' title='bbox 1607 2783 1654 2814; x_wconf 85' lang='lat' dir='ltr'>vi-</span> 
     </span>
     <span class='ocr_line' id='line_1_50' title="bbox 224 2826 1330 2867; baseline 0 -10"><span class='ocrx_word' id='word_1_464' title='bbox 224 2835 314 2860; x_wconf 76' lang='lat'>1494.</span> <span class='ocrx_word' id='word_1_465' title='bbox 333 2836 362 2858; x_wconf 74' lang='lat' dir='ltr'>et</span> <span class='ocrx_word' id='word_1_466' title='bbox 377 2827 456 2857; x_wconf 79' lang='lat' dir='ltr'>aliae.</span> <span class='ocrx_word' id='word_1_467' title='bbox 470 2829 518 2857; x_wconf 90' lang='lat' dir='ltr'>ed.</span> <span class='ocrx_word' id='word_1_468' title='bbox 543 2838 588 2867; x_wconf 88' lang='lat' dir='ltr'>pr.</span> <span class='ocrx_word' id='word_1_469' title='bbox 611 2826 745 2857; x_wconf 86' lang='lat' dir='ltr'>verbum</span> <span class='ocrx_word' id='word_1_470' title='bbox 769 2837 833 2856; x_wconf 90' lang='lat' dir='ltr'>non</span> <span class='ocrx_word' id='word_1_471' title='bbox 858 2827 914 2855; x_wconf 82' lang='lat' dir='ltr'>ba-</span> <span class='ocrx_word' id='word_1_472' title='bbox 956 2828 1047 2856; x_wconf 85' lang='lat' dir='ltr'>detur</span> <span class='ocrx_word' id='word_1_473' title='bbox 1063 2826 1236 2866; x_wconf 85' lang='lat' dir='ltr'>legendum</span> <span class='ocrx_word' id='word_1_474' title='bbox 1254 2837 1330 2857; x_wconf 84' lang='lat' dir='ltr'>num.</span> 
     </span>
     <span class='ocr_line' id='line_1_51' title="bbox 220 2870 1323 2910; baseline 0 -11"><span class='ocrx_word' id='word_1_475' title='bbox 220 2871 282 2901; x_wconf 84' lang='lat' dir='ltr'>bet.</span> <span class='ocrx_word' id='word_1_476' title='bbox 327 2871 433 2910; x_wconf 78' lang='lat' dir='ltr'>Vulgo</span> <span class='ocrx_word' id='word_1_477' title='bbox 457 2878 503 2901; x_wconf 87' lang='lat' dir='ltr'>est</span> <span class='ocrx_word' id='word_1_478' title='bbox 527 2871 674 2910; x_wconf 77' lang='lat' dir='ltr'>intelligas</span> <span class='ocrx_word' id='word_1_479' title='bbox 699 2870 771 2899; x_wconf 86' lang='lat' dir='ltr'>inde</span> <span class='ocrx_word' id='word_1_480' title='bbox 797 2879 815 2899; x_wconf 82' lang='lat' dir='ltr'>a</span> <span class='ocrx_word' id='word_1_481' title='bbox 842 2870 914 2899; x_wconf 88' lang='lat' dir='ltr'>Vic-</span> <span class='ocrx_word' id='word_1_482' title='bbox 1321 2878 1323 2880; x_wconf 89' lang='lat'>·</span> 
     </span>
    </p>
   </div>
  </div>
 </body>
</html>
