1778 3095
265 112 344 152 50'6
651 112 729 151 DE
757 112 1021 150 NATURA
1049 114 1316 154 DEORUM

220 228 306 264 b.⁶0
319 229 384 263 est
404 229 517 264 certe
539 221 815 273 Erechtheus,
835 221 955 278 cujus
975 222 1156 264 Athenis
1188 231 1231 265 et
1260 223 1484 265 delubrum
1504 223 1698 277 vidimus,

265 287 309 320 et
329 278 604 320 sacerdotem.
662 278 804 320 Quem
839 279 872 319 si
900 279 1024 320 deum
1049 279 1241 331 facimus,
1264 279 1366 336 quid
1386 291 1459 321 aut
1479 279 1532 321 de
1552 280 1700 323 Codro

263 335 456 377 dubitare
479 349 716 390 possumus,
737 343 810 376 aut
831 335 883 376 de
903 336 1067 387 ceteris,
1090 336 1161 392 qui
1184 344 1419 392 pugnantes
1448 350 1524 391 pro
1555 339 1700 392 patriae

264 392 458 433 libertate
478 390 723 433 ceciderunt
741 393 754 432 ?
787 391 902 448 quod
925 391 958 432 si
978 393 1196 447 probabile
1217 408 1301 433 non
1321 402 1384 433 est
1403 409 1412 433 ε
1446 407 1498 433 ne
1518 393 1590 434 illa
1609 394 1704 450 qui·

199 458 252 490 50
264 449 359 490 dem
383 448 610 503 superiora,
631 447 743 489 unde
771 448 863 488 haec
895 458 1079 499 manant,
1102 450 1319 504 probanda
1339 457 1448 490 sunt.
1508 455 1545 481 61
1566 450 1703 506 Atqui

262 506 306 547 in
327 505 538 560 plerisque
558 505 796 546 civitatibus
819 504 999 560 intelligi
1021 514 1174 559 potest,
1194 505 1399 562 augendae
1421 505 1584 547 virtutis
1602 520 1702 561 gra-

262 563 336 611 tia,
356 577 441 617 quo
469 562 668 602 libentius
698 560 938 615 reipublicae
961 575 1086 602 causa
1106 562 1339 616 periculum
1360 562 1493 604 adiret
1515 562 1701 618 optimus

264 619 459 674 quisque,
497 618 679 658 virorum
715 616 888 657 fortium
925 617 1172 658 memoriam
1206 619 1367 660 honore
1406 619 1584 660 deorum
1624 619 1704 659 im-

263 674 509 716 mortalium
541 681 841 714 consecratam.
874 672 930 713 ob
950 687 1042 713 eam
1064 674 1173 714 enim
1196 675 1329 729 ipsam
1350 690 1520 717 causam
1542 675 1703 716 Erech-

263 731 387 772 theus
408 730 605 780 Athenis,
629 729 807 784 filiaeque
829 729 919 784 ejus
946 729 989 769 in
1011 743 1188 771 numero
1209 731 1383 772 deorum
1406 742 1518 773 sunt.
1570 732 1703 772 Item-

264 802 347 843 que
370 786 647 828 Leonaticum
673 793 738 826 est
765 785 991 827 delubrum
1011 786 1209 836 Athenis,
1230 787 1343 842 quod
1365 789 1601 830 Leocorion
1623 803 1703 829 no-

263 845 463 885 minatur.
512 842 830 883 Alabandenses
851 842 1022 898 quidem
1045 843 1228 884 sanctius
1249 843 1519 885 Alabandum
1540 845 1702 895 colunt,

262 915 290 941 a
310 914 395 955 quo
416 908 479 940 est
499 899 599 940 urbs
619 897 690 940 illa
711 898 894 949 condita,
916 913 1044 955 quam
1074 913 1333 955 quemquam
1362 900 1566 941 nobilium
1597 901 1701 943 deo-

263 972 385 998 rum:
418 955 531 1012 apud
561 969 667 1011 quos
698 970 781 996 non
812 955 1013 996 inurbane
1043 957 1322 1006 Stratonicus,
1352 965 1400 998 ut
1429 956 1578 1006 multa,
1604 972 1705 999 cum

266 1012 439 1068 quidam
478 1012 517 1053 ei
554 1011 773 1063 molestus,
812 1011 1084 1053 Alabandum
1124 1012 1252 1054 deum
1289 1027 1379 1054 esse
1419 1013 1702 1065 confirmaret,

268 1069 499 1111 Herculem
529 1079 729 1124 negaret:
761 1071 890 1125 Ergo,
912 1069 1064 1124 inquit,
1084 1069 1189 1110 mihi
1213 1069 1474 1121 Alabandus,
1498 1069 1573 1110 tibi
1594 1071 1709 1111 Her-

185 1131 256 1180 }20
269 1126 384 1168 cules
406 1126 460 1167 sit
478 1126 622 1167 iratus.
684 1125 762 1166 Illa
782 1134 940 1176 autern,
961 1125 1107 1176 Balbe,
1130 1141 1223 1181 quae
1245 1135 1293 1167 tu
1320 1140 1345 1166 a
1375 1127 1480 1167 caelo
1501 1127 1707 1182 astrisque

204 1209 250 1240 51
269 1183 467 1233 ducebas,
490 1197 617 1238 quam
638 1182 766 1238 longe
792 1191 973 1238 serpant,
993 1197 1079 1223 non
1099 1182 1212 1223 vides
1232 1199 1241 1223 z
1274 1183 1433 1234 Solem,
1454 1182 1580 1224 deum
1601 1197 1706 1234 esse,

267 1241 533 1295 Lunamque,
555 1253 736 1294 quorum
757 1239 936 1280 alterum
957 1238 1204 1293 Apollinem
1225 1239 1382 1289 Graeci‚
1404 1239 1578 1280 alteram
1599 1240 1707 1281 Dia-

266 1311 364 1337 nam
386 1305 550 1351 putant.
611 1294 741 1352 Quod
772 1295 807 1336 si
835 1297 971 1345 Luna,
1000 1295 1078 1336 dea
1104 1303 1198 1337 est:
1229 1309 1332 1350 ergo
1360 1296 1487 1336 etiam
1509 1296 1706 1337 Lucifer:

265 1362 502 1408 eeteraeque
531 1361 715 1393 errantes
745 1366 967 1393 numerum
993 1351 1173 1394 deorum
1194 1352 1461 1394 obtinebunt.
1491 1352 1623 1408 igitur
1641 1362 1706 1394 et-

264 1409 349 1451 iam
380 1409 625 1450 inerrantes.
687 1408 776 1450 Cur
803 1419 946 1450 autem
968 1415 1007 1440 62
1023 1409 1127 1450 Arci
1155 1409 1315 1465 species
1344 1424 1429 1450 non
1460 1408 1503 1450 in
1528 1409 1704 1450 deorum

267 1481 446 1507 numero
467 1473 695 1521 reponatur
713 1467 726 1506 ?
749 1474 812 1507 est
833 1466 945 1506 enirn
967 1465 1127 1521 pulcer,
1151 1474 1194 1506 et
1213 1465 1269 1507 ob
1291 1480 1383 1506 eam
1403 1480 1588 1516 causam,
1609 1465 1707 1521 quia

267 1530 307 1555 ⁶3
325 1523 509 1579 speciem
547 1522 679 1564 habet
717 1522 1023 1573 admirabilem,
1062 1529 1102 1554 64
1117 1522 1385 1564 Thaumante
1425 1522 1578 1563 dicitur
1617 1537 1708 1563 esse

268 1589 405 1621 natus.
436 1579 557 1635 cujus
579 1580 614 1621 si
635 1578 773 1620 divina
792 1588 941 1620 natura
961 1587 1040 1630 est,
1060 1579 1162 1634 quid
1188 1579 1314 1620 facies
1341 1579 1521 1620 nubibus
1540 1581 1554 1619 ?
1586 1593 1708 1619 arcus

269 1637 382 1677 enim
417 1636 506 1691 ipse
541 1650 594 1676 ex
625 1636 810 1677 nubibus
844 1636 1023 1677 efficitur
1056 1642 1095 1668 6⁵
1115 1636 1298 1691 quodam
1330 1635 1461 1676 modo
1490 1634 1706 1676 coloratis.

270 1693 465 1735 Quarum
496 1707 580 1734 una
612 1692 739 1733 etiam
773 1692 1010 1733 Centauros
1040 1692 1252 1748 peperisse
1282 1690 1451 1732 dicitur.
1510 1691 1644 1733 Quod
1673 1691 1708 1732 si

271 1749 404 1790 nubes
434 1749 622 1789 retuleris
653 1748 693 1788 in
725 1748 840 1799 deos,
866 1748 1094 1792 referendae
1125 1758 1237 1789 certe
1267 1753 1389 1789 erunt
1418 1756 1708 1803 tempestates,

272 1821 367 1862 quae
390 1812 429 1837 66
446 1805 593 1861 populi
616 1806 793 1846 Romani
814 1805 963 1846 ritibus
980 1816 1235 1846 consecratae
1257 1813 1368 1845 sunt.
1399 1805 1516 1859 Ergo
1537 1804 1707 1855 imbres,

163 1881 195 1912 p.
210 1877 262 1908 70·
274 1862 420 1913 nimbi,
442 1862 653 1917 procellae,
675 1862 876 1912 turbines,
898 1861 955 1903 dii
976 1861 1165 1917 putandi.
1197 1861 1329 1902 nostri
1359 1860 1530 1916 quidem
1562 1860 1708 1911 duces,

231 1924 260 1946 a.
274 1934 389 1960 mare
411 1919 707 1974 ingredientes,
729 1918 948 1960 immolare
968 1917 1150 1959 hostiam
1171 1917 1369 1959 fluctibus
1389 1927 1716 1964 consueverunt.

209 1975 260 2009 52
273 1977 385 2018 Tum
407 1976 441 2017 si
461 1984 524 2017 est
547 1975 675 2016 Ceres
696 1990 719 2016 a
738 1974 926 2031 gerendo
952 1974 1028 2029 (ita
1047 1975 1159 2016 enim
1182 1974 1367 2026 dicebas)
1392 1984 1503 2015 terra
1522 1974 1611 2030 ipsa
1630 1973 1713 2015 dea⁴

272 2041 350 2084 est,
383 2041 427 2073 et
455 2032 514 2073 ita
542 2032 752 2074 habetur:
795 2047 889 2088 quae
920 2041 984 2074 est
1014 2032 1126 2073 enim
1157 2031 1238 2073 alia
1265 2031 1439 2072 Tellus?
1477 2030 1541 2072 sin
1571 2040 1707 2072 terra:

271 2103 388 2131 mare
407 2088 534 2130 etiam
546 2105 557 2140 3
579 2102 707 2145 quem
728 2089 982 2144 Neptunum
1002 2103 1092 2129 esse
1114 2087 1306 2129 dicebas:
1332 2102 1438 2142 ergo
1458 2097 1500 2129 et
1521 2087 1708 2138 flumina,

271 2155 316 2188 et
335 2146 488 2187 fontes.
550 2146 700 2201 Itaque
727 2155 771 2187 et
799 2145 942 2187 Fontis
971 2144 1195 2187 delubrum
1218 2145 1345 2185 Maso
1365 2158 1417 2185 ex
1439 2143 1616 2185 Corsica
1632 2143 1707 2184 de—

272 2202 454 2253 dicavit3
485 2210 527 2243 et
562 2203 605 2243 in
638 2216 846 2257 augurum
886 2202 1125 2257 precatione
1158 2200 1421 2251 Tiberinum,
1461 2200 1708 2255 Spinonem,

271 2265 311 2297 67
324 2258 569 2310 Almonem,
586 2258 822 2310 Nodinum,
840 2258 920 2300 alia
939 2258 1273 2315 propinquorum
1293 2257 1512 2299 fluminum
1538 2255 1709 2297 nomi-na

316 2377 357 2405 60
380 2380 421 2403 est
436 2381 510 2404 certe
524 2373 710 2413 Erechtheus]
724 2375 772 2405 Ad
788 2375 971 2406 addendum
1058 2378 1098 2403 64
1123 2372 1299 2403 Thaumante
1328 2371 1439 2401 dicitur
1454 2369 1538 2409 nata]
1579 2376 1649 2399 nata
1683 2370 1709 2400 si

274 2422 314 2453 et,
329 2424 369 2446 eit
386 2425 460 2446 certe
475 2424 503 2447 et
520 2417 640 2447 Erecht.
655 2418 672 2448 Ρ
1014 2425 1127 2446 verum
1163 2422 1221 2451 est,
1260 2416 1459 2445 referendum
1488 2415 1527 2443 ad
1558 2414 1709 2443 Graecum

317 2464 354 2489 61
380 2459 492 2501 Atqui]
518 2461 569 2490 Sic
594 2462 672 2492 Mss.
695 2460 778 2500 apud
803 2460 970 2491 Davisium
1015 2468 1135 2488 nornen
1168 2458 1234 2487 Iris.
1263 2458 1318 2487 sed
1347 2464 1454 2487 tamen
1482 2457 1552 2486 libri
1577 2457 1710 2495 quidam

274 2501 354 2532 bene
370 2512 425 2541 pro
440 2503 569 2541 vulgato
584 2503 692 2544 Atque.
1013 2502 1132 2531 habent
1147 2507 1242 2535 natus,
1259 2501 1344 2539 quod
1360 2507 1390 2529 et
1406 2500 1521 2538 recepit
1535 2499 1696 2529 Davisius.

319 2549 358 2574 6-2
383 2545 456 2574 Arci
472 2545 587 2583 species]
607 2546 658 2574 Sic
675 2545 770 2575 habet
784 2545 843 2576 Ms.
863 2545 970 2575 Guelf.
1057 2548 1095 2574 65
1120 2542 1241 2583 quodam
1264 2542 1341 2572 mado
1366 2541 1509 2581 ederatis]
1536 2542 1588 2572 Sic
1615 2542 1712 2571 edidit

274 2587 463 2625 etaliiapud
477 2588 657 2618 Davisium.
670 2588 722 2618 alii
735 2588 854 2617 habent
865 2588 970 2616 Arcus.
1013 2586 1174 2621 Davisius,
1199 2595 1255 2624 pro
1279 2585 1406 2624 vulgato
1429 2584 1590 2621 coloratu53
1613 2590 1709 2623 atque

275 2629 372 2668 vulgo
387 2630 457 2660 edd..
473 2630 570 2671 Arqui
587 2640 641 2669 pro
662 2631 748 2666 Arci,
769 2637 803 2659 ut
824 2637 854 2659 et
877 2630 971 2660 habet
1012 2629 1057 2658 sic
1074 2638 1119 2658 res
1135 2628 1283 2667 postulat.
1301 2631 1406 2668 itaque
1418 2635 1545 2658 secutus
1556 2628 1585 2657 id
1599 2636 1711 2657 exem·

276 2672 440 2702 Lucretius
457 2673 514 2708 VI,
534 2680 604 2703 525.
617 2680 647 2702 et
660 2673 735 2702 citat
751 2673 826 2702 hinc
843 2672 971 2703 Priscia-
1015 2671 1106 2711 plum
1122 2681 1208 2701 sum.

274 2724 348 2746 nus.
365 2715 444 2745 nihil
461 2716 637 2745 admodum
653 2717 789 2745 interest.
1058 2719 1097 2744 66
1117 2721 1149 2752 p.
1175 2715 1215 2743 R.
1244 2713 1347 2744 ritibus
1374 2724 1448 2743 cons.
1471 2710 1551 2753 sunt]
1582 2712 1709 2743 Quibus

318 2763 357 2788 623
388 2758 505 2798 speciem
534 2756 654 2798 babeat]
687 2759 767 2788 Puto
797 2758 970 2797 legendum
1012 2766 1057 2787 sc.
1086 2756 1145 2787 illis
1173 2757 1382 2787 immolantur
1408 2757 1531 2792 hostiae,
1561 2763 1598 2786 ut
1623 2755 1710 2795 apud

273 2799 381 2830 Imber.-
404 2810 463 2834 nec
480 2802 569 2833 enim
591 2811 701 2833 caussa
723 2808 768 2832 est
791 2801 971 2839 conjuncti·
1013 2800 1124 2839 Vix-gil.
1145 2800 1221 2829 AEn.
1241 2800 1301 2837 111,
1321 2807 1391 2830 1-20.
1405 2799 1445 2836 V,
1464 2804 1538 2834 772.

276 2843 320 2874 vi.
1056 2849 1094 2877 67
1121 2841 1285 2884 Almam]
1311 2842 1364 2873 Sic
1386 2842 1442 2874 viri
1464 2841 1637 2874 doctissimi
1651 2849 1708 2880 pro
