1778 3095
230 88 309 121 322
575 83 830 122 TUSCUL.
863 86 1313 126 QUAESTIONUM

233 204 500 246 nequaquam
535 206 626 233 esse
658 201 839 244 tantum,
875 203 923 236 ut
953 195 1081 236 vitam
1111 196 1275 237 beatam
1308 195 1444 251 possit
1474 203 1671 239 evertere.

170 251 222 292 59
234 247 334 288 Hoc
353 247 484 303 igitur
502 248 695 299 efficitur,
726 259 774 290 ut
803 264 853 291 ex
883 251 957 292 illo
987 253 1262 308 nec-opinato
1292 253 1421 308 plaga
1449 252 1584 308 major
1603 254 1672 304 sit,

232 318 317 344 non
346 313 394 345 ut
423 304 484 345 illi
512 314 677 360 putant,
696 316 757 356 ut,
788 321 886 348 cum
914 308 1080 350 duobus
1108 324 1227 364 pares
1253 324 1374 350 casus
1393 310 1618 360 evenerint,
1638 310 1673 350 is

231 360 362 401 modo
384 361 635 416 aegritudine
657 362 874 414 afficiatur,
894 365 962 405 cui
988 365 1058 406 ille
1087 367 1362 423 nec-opinato
1382 380 1507 406 casus·
1523 380 1672 406 evene·

231 416 298 458 rit.
330 417 473 473 itaque
501 417 698 460 dicuntur
729 421 917 460 nonnulli
951 422 992 462 in
1021 437 1212 473 maerore,
1241 438 1339 463 cum
1371 421 1423 462 de
1452 422 1530 462 hac
1552 436 1673 462 com-

232 473 351 514 muni
380 474 602 515 hominum
632 475 873 516 conditione
904 478 1171 529 audivissent,
1194 494 1243 520 ea
1269 480 1363 534 lege
1389 493 1480 519 esse
1502 493 1579 519 nos
1598 492 1674 519 na-

231 538 314 580 tos,
335 541 383 571 ut
405 545 530 571 nemo
562 532 604 571 in
635 541 887 586 perpetuum
919 548 1009 574 esse
1040 546 1185 589 posset
1203 550 1349 591 expers
1371 535 1485 585 mali,
1505 535 1674 590 gravius

150 578 358 628 25etiam
380 587 538 627 tulisse.
561 587 774 643 Quocirca
796 588 1050 640 Carneades,
1067 599 1115 631 ut
1134 591 1255 633 video
1280 601 1468 633 nostrum
1493 591 1673 632 scribere

231 643 512 693 Antiochum,
546 642 849 698 reprehendere
892 644 1182 702 Chrysippum
1219 648 1394 700 solebat,
1428 647 1669 690 laudantem

237 709 294 733 100
313 699 589 754 Euripideum
612 713 780 740 carmen
801 700 922 752 illud,

339 790 505 827 Mortalis
520 804 610 828 nemo
626 801 686 837 est,
717 798 728 820 l
742 806 835 843 quem
851 807 912 829 non
928 794 1079 843 attingat
1098 793 1202 838 dolor,

337 843 561 895 ll'Iorbusque.
581 845 680 884 multi
697 856 778 882 sunt
797 846 962 884 humandi
977 847 1084 889 liberi,

190 899 220 929 b·
339 898 489 934 Rursum
499 898 636 935 creandi
651 915 663 936 .·
694 913 841 951 morsque
859 910 906 937 cst
912 900 1022 946 finita
1042 899 1203 937 omnibus.

345 952 434 1000 Quae
446 952 564 1000 generi
580 950 723 990 humano
737 967 892 1003 angorem
912 954 1134 1005 nequidquam
1152 954 1312 1003 aff'crunt.

339 1004 524 1042 Reddenda
544 1016 592 1042 cst
605 1016 705 1044 terrae
723 1017 813 1044 terra
827 1023 838 1044 .·
870 1017 939 1044 tum
959 1009 1036 1044 vita
1056 1007 1206 1045 omnibns

341 1058 520 1103 Metenda,
541 1071 579 1096 ut
581 1059 721 1110 fruges.
742 1061 898 1108 sicjubet
917 1062 1104 1098 necmsitas.

168 1140 220 1176 o‘O
232 1133 434 1188 Negabat
453 1148 589 1190 genus
612 1134 693 1176 hoc
714 1135 915 1176 orationis
937 1124 1167 1191 quidquam
1190 1136 1364 1178 omnino
1381 1136 1434 1178 ad
1453 1136 1672 1181 levandam

231 1190 529 1245 aegritudinem
547 1191 768 1246 pertinere.
785 1192 826 1232 id
844 1191 955 1232 enim
970 1192 1109 1247 ipsum
1127 1193 1358 1234 dolendum
1381 1208 1471 1234 esse
1490 1194 1674 1247 dicebat,

230 1247 348 1302 quod
370 1247 411 1287 in
433 1257 518 1288 tam
539 1247 755 1289 crudelem
778 1249 1069 1289 necessitatem
1102 1248 1409 1290 incidissemus.
1438 1265 1532 1291 nam
1556 1252 1672 1293 illam

230 1303 401 1358 quidem
425 1304 659 1345 orationem
690 1320 740 1345 ex
767 1303 1173 1346 commemoratione
1206 1305 1439 1347 alienorum
1460 1308 1671 1350 malorum

229 1359 283 1400 ad
324 1359 544 1401 malivolos
576 1361 858 1403 consolandos
891 1376 984 1402 esse
1017 1362 1400 1404 accommodatam.
1438 1363 1544 1404 mihi
1575 1380 1674 1407 vero

228 1416 358 1472 longe
388 1416 551 1458 videtur
581 1432 716 1460 secus.
747 1433 844 1459 nam
875 1428 918 1460 et
948 1419 1173 1460 necessitas
1203 1419 1386 1460 ferendae
1416 1420 1672 1463 conditionis

229 1472 442 1524 humanae,
479 1474 599 1530 quasi
634 1490 732 1517 cum
766 1475 847 1516 deo
882 1484 1101 1531 2pugnare
1135 1475 1348 1531 prohibet,
1386 1476 1673 1533 admonetque

228 1544 318 1571 esse
339 1529 584 1572 hominem:
617 1548 712 1588 quae
742 1531 949 1588 cogitatio
980 1546 1238 1587 magnopere
1268 1532 1430 1574 luctum
1462 1533 1595 1575 levat:
1628 1544 1672 1575 et

226 1587 490 1628 enumeratio
521 1589 826 1644 exemplorum,
858 1604 943 1630 non
973 1599 1022 1630 ut
1051 1589 1237 1630 animum
1269 1589 1564 1631 malivolorum
1589 1591 1670 1632 ob-

226 1643 370 1694 lectet,
405 1644 590 1695 affertur,
625 1647 700 1688 sed
725 1654 784 1686 ut
817 1645 903 1697 ille,
939 1646 1011 1701 qui
1052 1654 1213 1696 maeret,
1249 1646 1470 1687 ferendum
1510 1647 1591 1688 sibi
1626 1647 1672 1689 id

228 1711 409 1751 censeat,
432 1701 549 1756 quod
577 1702 714 1743 videat
743 1702 903 1743 multos
933 1701 1162 1752 moderate,
1191 1710 1233 1743 et
1263 1703 1488 1758 tranquille
1509 1703 1671 1746 tulisse.

163 1765 211 1801 61
230 1757 440 1798 Omnibus
455 1758 567 1799 enim
582 1758 720 1800 modis
733 1758 933 1800 fulciendi
948 1768 1060 1809 sunt,
1077 1758 1149 1814 qui
1166 1768 1309 1810 ruunt,
1333 1767 1440 1800 3nec
1459 1759 1671 1802 cohaerere

226 1824 408 1869 possunt
444 1825 616 1870 propter
651 1815 992 1871 magnitudinem
1033 1814 1310 1871 aegritudinis.
1340 1830 1392 1856 ex
1421 1830 1506 1872 quo
1535 1817 1669 1871 ipsam

227 1871 525 1927 aegritudinem
562 1871 707 1921 4λύπην
751 1872 1031 1929 Chrysippus,
1072 1871 1192 1928 quasi
1241 1871 1499 1913 solutionem
1538 1874 1671 1915 totius

225 1927 423 1978 hominis,
447 1928 702 1983 appellatam
725 1939 860 1984 putat.
882 1944 977 1985 quae
998 1937 1090 1969 tota
1117 1928 1274 1983 poterit
1292 1929 1425 1979 evelli,
1448 1929 1671 1985 explicata,

226 1993 273 2025 ut
294 1984 499 2039 principio
520 1984 620 2035 dixi,
637 2000 766 2027 causa
797 1985 1076 2041 aegritudinis.
1110 1993 1175 2026 est
1201 1985 1314 2026 enim
1340 1986 1456 2027 nulla
1476 1986 1571 2037 alia,
1594 1987 1673 2028 nisi

225 2041 384 2097 opinio,
415 2051 457 2082 et
480 2041 692 2097 judicium
725 2042 870 2098 magni
904 2042 1136 2097 praesentis,
1167 2051 1295 2097 atque
1327 2042 1517 2097 urgentis
1555 2043 1670 2085 mali.

224 2097 366 2154 itaque
388 2106 429 2138 et
451 2097 575 2139 dolor
600 2100 806 2155 corporiS,
835 2099 956 2155 cujus
986 2108 1050 2139 est
1080 2113 1245 2139 morsus
1276 2099 1519 2150 acerrimus,
1545 2108 1561 2131 ⁵
1576 2114 1672 2154 per-

224 2154 356 2195 fertur
378 2170 451 2210 spe
472 2156 691 2212 proposita
710 2155 825 2198 boni.
847 2166 889 2197 et
909 2166 1005 2197 acta
1025 2164 1126 2196 aetas
1154 2155 1348 2205 honeste,
1368 2169 1416 2196 ac
1435 2155 1670 2210 splendide,

224 2220 383 2253 tantam
416 2212 535 2253 affert
566 2213 920 2263 consolationem,
952 2222 1000 2253 ut
1028 2226 1117 2262 eos,
1151 2211 1221 2266 qui
1257 2211 1315 2252 ita
1349 2211 1539 2262 vixerint,
1564 2218 1670 2254 ⁶aut

224 2283 309 2308 non
334 2278 482 2323 tangat
503 2269 728 2325 aegritudo,
751 2278 825 2311 aut
843 2269 1064 2324 perleviter
1084 2277 1247 2324 pungat
1268 2267 1397 2308 animi
1417 2267 1556 2310 dolor.

1179 2351 1197 2374 ὰ

267 2400 325 2422 100
354 2394 542 2433 Euripidi-usn
559 2393 687 2433 carmen]
708 2395 754 2425 Ex
772 2395 921 2435 tragoedia
966 2400 1111 2433 perstare.
1139 2403 1215 2424 nam
1241 2403 1314 2433 quae
1345 2404 1411 2424 non
1435 2394 1598 2425 cohaerent
1616 2397 1670 2426 sed

222 2434 396 2475 Hypsipyle
414 2438 545 2476 perdita,
567 2439 605 2468 de
626 2438 720 2475 cujus
737 2439 921 2477 fragmentls
966 2437 1194 2472 dissolvuntur,
1212 2446 1248 2466 ea
1263 2438 1439 2468 concidunt
1454 2444 1485 2467 et
1501 2445 1611 2469 ruunt.

219 2485 314 2516 atque
339 2480 400 2509 hoc
425 2482 490 2519 ipso
513 2491 543 2511 v.
568 2480 796 2511 Valkenarium
825 2482 860 2511 V.
886 2482 920 2510 C.
1011 2489 1028 2510 4
1055 2478 1133 2508 λύσιν
1153 2477 1343 2519 Chrysippus]
1363 2480 1426 2511 Ms.
1446 2481 1531 2511 Leid.
1549 2489 1579 2512 et
1594 2482 1665 2512 edd.

221 2523 254 2550 in
275 2522 387 2559 fragm.
405 2523 545 2562 Euripid.
564 2534 592 2562 p.
612 2531 684 2553 212.
964 2531 1039 2554 vett.
1056 2523 1217 2561 quaedam,
1244 2530 1277 2552 ut
1300 2524 1389 2553 Junt.
1414 2524 1548 2561 addunt,
1573 2524 1607 2553 id
1626 2531 1669 2554 est

266 2571 277 2593 1
306 2575 388 2604 quem
413 2577 464 2594 mm
491 2567 624 2605 attingat
652 2565 742 2604 dolor]
771 2567 822 2596 Sic
856 2567 919 2596 Ms.
964 2565 1056 2602 λύσιν,
1074 2567 1160 2604 quod
1175 2575 1192 2595 a
1208 2564 1378 2605 glossatore
1395 2573 1452 2596 est.

220 2606 328 2637 Guelf.
367 2608 451 2637 male
489 2609 608 2647 vulgati
653 2608 788 2648 attingit,
827 2619 917 2639 versu
1009 2617 1024 2639 5
1045 2609 1210 2647 perstrtur]
1237 2609 1289 2638 Sic
1314 2609 1378 2640 Ms.
1403 2609 1510 2640 Guelf.
1541 2616 1572 2639 et
1596 2610 1668 2640 edd.

219 2650 367 2689 proximo
386 2651 558 2690 legendum
576 2650 675 2681 multis
698 2660 763 2680 sunt
786 2652 924 2681 humandi
967 2659 1042 2682 vett.
1059 2661 1122 2681 non
1140 2659 1175 2681 ut
1191 2651 1299 2691 vulgg.
1314 2652 1490 2692 perferetur.

221 2692 314 2729 (sbtri,
335 2702 369 2723 ut
387 2701 415 2723 et
436 2695 575 2724 Bentleii]
594 2696 698 2724 visum
717 2703 772 2724 est.
1013 2700 1031 2724 ὁ
1056 2701 1107 2723 aut
1130 2706 1183 2723 non
1207 2701 1310 2733 iungat
1333 2694 1494 2737 aegritudo]
1516 2694 1597 2725 Mss.
1612 2695 1670 2725 ha·

263 2744 280 2766 2
299 2743 435 2775 pugnare
459 2736 606 2776 prohihet]
649 2738 700 2767 Sic
740 2738 820 2767 bene
860 2738 921 2768 ΜΞ.
968 2737 1043 2767 bent
1067 2737 1209 2777 affingat,
1234 2738 1336 2767 bene:
1359 2737 1503 2777 aegritudo
1525 2748 1601 2768 sane
1617 2739 1670 2768 fri-

222 2778 353 2809 Elicnsis
373 2781 457 2811 Leid.
478 2791 532 2819 pro
550 2781 678 2819 vulgato
695 2780 814 2811 cohibet.
967 2788 1035 2820 get:
1076 2790 1150 2810 narn
1183 2780 1312 2820 attingat
1342 2781 1473 2810 refertur
1507 2781 1546 2811 ad
1575 2780 1669 2811 animi

262 2833 277 2851 ,ι
303 2834 352 2851 m:
366 2822 647 2863 cohaererflpcssunr}
664 2825 682 2854 i.
695 2834 720 2854 e.
736 2825 919 2857 consistere.
967 2823 1046 2852 dolor
1063 2831 1096 2854 ut
1112 2831 1235 2862 pungat.
1253 2824 1358 2864 itaque
1379 2823 1513 2854 delenda
1533 2824 1669 2860 videtur,
