1778 3095
584 77 767 116 LIBER
801 72 1138 113 SECUNDUS.
1512 79 1588 122 298

159 183 320 226 virtutis
349 191 582 241 compotes,
605 184 675 225 'vel
704 184 843 238 potius
874 182 907 223 si
938 181 1010 222 viri
1040 179 1234 221 volumus
1264 192 1369 229 esse,
1388 180 1588 234 quoniam

159 255 185 281 a
220 242 314 282 viris
346 243 473 284 virtus
511 255 664 281 nomen
702 249 766 281 est
803 247 1008 279 mutuata.
1067 238 1243 293 Quaeres
1274 234 1464 285 fortasse,
1502 226 1672 292 quolf)

157 298 313 339 modo:
356 306 399 339 et
432 306 558 338 recte.
596 296 720 336 talem
755 296 865 336 enim
902 293 1153 335 medicinam
1189 290 1458 347 philosophia
1493 299 1649 346 pro—44

159 353 313 395 fitetur.
343 353 453 395 venit
480 348 701 408 Epicurus,
731 352 862 393 1101110
891 350 1063 391 minime
1099 348 1249 399 malus,
1279 347 1342 388 vel
1371 347 1511 401 potius
1532 350 1590 389 vir

159 411 374 465 optimus:
408 417 572 450 tantum
603 417 764 459 monet,
795 418 1001 464 quantum
1030 405 1254 460 intelligit:
1292 403 1494 458 Neglige,
1525 404 1589 444 in-

160 466 265 522 quit,
285 465 491 506 dolorem.
551 466 657 521 Quis
671 465 752 505 1100
769 465 898 505 dicit?
932 463 1066 514 Idem,
1082 462 1154 518 qui
1171 460 1358 501 dolorem
1374 474 1588 500 summum

157 522 333 563 malum.
367 521 430 562 vix
460 522 559 562 satis
591 530 831 562 constanter
867 520 1102 561 audiamus.
1139 517 1207 570 ,Si
1239 531 1430 558 summus
1467 516 1590 558 dolor

159 586 236 627 est,
266 578 414 632 inquit,
446 592 614 619 necesse
644 586 706 618 est
736 578 902 618 brevem
937 591 1040 618 esse.
1101 573 1313 617 Iteradum
1343 572 1488 613 eadem
1511 573 1590 614 ista

158 633 276 674 mihi.
311 649 396 675 non
430 636 539 674 enim
577 635 676 675 satis
713 634 919 689 intelligo,
953 633 1055 688 quid
1089 645 1301 674 summum
1333 629 1447 671 dicas
1483 644 1590 680 esse,

156 689 258 745 quid
286 690 423 731 breve.
484 692 722 742 Summum,
755 706 838 746 quo
870 690 972 730 nibil
1003 689 1057 730 sit
1086 688 1303 744 superius:
1334 687 1472 737 breve,
1503 701 1589 742 quo

153 745 259 786 nihil
278 746 455 788 brevius.
516 748 756 788 Conteinno
786 745 1119 802 magnitudinem
1153 744 1325 792 doloris,
1355 759 1379 784 a
1408 757 1491 799 qua
1520 758 1590 784 me

155 802 336 843 brevitas
364 805 563 858 temporis
594 804 819 845 vindicabit
848 812 943 843 ante
974 816 1107 857 paene,
1137 816 1263 857 quam
1295 801 1466 844 venerit.
1499 800 1589 850 sed,

155 858 190 899 si
212 869 276 900 est
295 869 436 901 tantus
464 861 600 909 dolor,
629 872 809 916 quantus
842 859 1088 900 Philoctetae
1107 860 1120 899 ?
1154 866 1193 895 72
1208 858 1313 898 bene
1334 872 1446 898 sane.
1465 871 1588 912 mag*

157 930 234 956 nus
269 916 374 957 mihi
413 917 579 972 quidem
611 917 785 967 videtur,
822 916 893 956 sed
929 923 1069 956 tamen
1108 929 1193 956 non
1224 928 1440 955 summus:
1484 913 1590 954 nihil

154 972 266 1012 enim
299 972 428 1024 dolet,
469 973 546 1013 nisi
582 988 670 1028 pes.
708 981 884 1029 possunt
919 971 1059 1013 oculi:
1089 979 1231 1026 potest
1267 978 1408 1026 caput,
1443 969 1588 1023 latera,

153 1028 406 1083 pulmones:
439 1040 614 1085 possunt
649 1030 804 1071 omnia.
863 1031 1014 1084 Longe
1049 1027 1179 1084 igitur
1211 1027 1330 1067 abest
1364 1042 1389 1068 a
1420 1042 1588 1068 summo

154 1085 313 1126 dolore.
372 1088 502 1141 ErgO,
536 1087 686 1141 inquit,
721 1086 844 1127 dolor
876 1085 1098 1127 diuturnus
1128 1085 1256 1125 habet
1285 1083 1443 1124 laetitiae
1477 1084 1587 1139 plus,

155 1157 280 1197 quam
303 1143 523 1184 molestiae.
582 1145 710 1184 Nunc
740 1157 822 1198 ego
851 1157 934 1183 non
961 1157 1150 1197 possum,
1168 1149 1333 1182 tantum
1355 1140 1650 1191 hominem‚45

155 1198 259 1239 nihil
279 1213 422 1254 sapere
443 1199 593 1240 dicere.
617 1200 688 1241 sed
708 1215 783 1240 nos
799 1199 852 1240 ab
868 1213 918 1239 eo
936 1198 1113 1239 derideri
1131 1207 1250 1253 puto.
1269 1211 1351 1252 ego
1374 1212 1590 1238 summum

155 1254 346 1296 dolorem
380 1259 611 1310 (summum
642 1266 783 1298 autem
814 1256 924 1306 dico,
953 1255 1080 1295 etiam
1110 1255 1143 1295 si
1173 1254 1320 1295 decem
1352 1253 1505 1294 atomis
1527 1263 1592 1294 est

154 1311 290 1366 major
326 1312 448 1365 alius)
493 1328 576 1353 non
617 1314 819 1353 continuo
854 1311 949 1352 dico
988 1325 1077 1351 esse
1116 1311 1310 1352 brevem:
1347 1310 1591 1365 multosque

153 1381 323 1422 possum
347 1370 480 1409 bonos
500 1369 607 1409 viros
625 1370 856 1419 nominare,
872 1369 942 1423 qui
958 1368 1196 1422 complures
1216 1381 1348 1407 annos
1368 1366 1590 1407 doloribus

152 1424 353 1478 podagrae
384 1426 623 1466 crucientur
652 1425 858 1466 maximis.
890 1424 1016 1464 7¹3sed
1047 1424 1178 1464 homo
1209 1433 1326 1464 catus
1357 1438 1589 1479 numquam

153 1481 349 1521 terminat
387 1496 462 1522 1100
501 1481 819 1536 magnitudinis,
859 1495 935 1521 nec
981 1480 1267 1521 diuturnitatis
1308 1480 1500 1531 modum,
1540 1489 1590 1522 ut

151 1536 297 1588 sciam,
320 1537 421 1593 quid
442 1553 655 1579 summum
678 1538 792 1579 dicat
812 1538 853 1578 in
871 1537 1032 1587 dolore,
1052 1536 1154 1592 quid
1175 1537 1298 1577 breve
1317 1536 1357 1577 in
1380 1546 1586 1592 tempore.

153 1593 412 1635 Omittamus
434 1594 546 1635 hunc
577 1594 723 1649 igitur,
758 1593 861 1635 1111111
889 1608 1058 1649 prorsus
1088 1592 1327 1634 dicentem:
1359 1607 1585 1648 cogamus·
1598 1616 1628 1646 p.
1646 1613 1716 1637 155..

151 1664 235 1705 que
257 1651 459 1704 confiteri,
481 1666 562 1692 non
581 1665 670 1692 esse
699 1651 752 1692 ab
783 1665 835 1692 00
866 1649 1024 1691 doloris
1051 1649 1237 1690 remedia
1255 1649 1494 1704 quaerenda,
1515 1651 1628 1706 quia·

151 1707 357 1758 dolorem,
378 1708 587 1750 malorum
607 1708 799 1748 omnium
820 1707 1052 1748 maximum
1080 1706 1245 1747 dixerit.
1265 1706 1455 1761 quamvis
1474 1706 1586 1747 idem

150 1763 394 1804 forticulum
427 1779 470 1805 se
500 1765 542 1804 in
572 1765 838 1814 torminibus,
873 1772 916 1805 et
945 1764 986 1803 in
1023 1763 1259 1818 stranguria
1291 1778 1366 1803 sua
1384 1764 1587 1818 praebeat.

151 1819 320 1861 aliunde
341 1821 472 1875 igitur
490 1829 553 1861 est
573 1821 799 1876 quaerenda
822 1821 1044 1870 medicina,
1063 1828 1105 1860 et
1125 1819 1308 1860 maxime
1328 1819 1517 1875 quidem,
1538 1821 1587 1872 si,

152 1875 254 1932 quid
293 1878 473 1917 maxime
507 1886 833 1919 consentaneum
870 1877 939 1928 sit,
969 1876 1210 1933 quaerimus,
1240 1876 1293 1916 ab
1324 1877 1388 1926 iis,
1418 1878 1586 1932 quibus,

151 1932 266 1988 quod
286 1933 513 1975 honestum
535 1934 603 1984 sit,
623 1949 836 1975 summum
857 1933 1017 1974 bonum
1034 1949 1046 1984 3
1077 1932 1194 1989 quod
1212 1941 1349 1988 turpe,
1370 1948 1583 1974 summum

150 1988 313 2030 videtur
332 1991 506 2031 malum.
565 1991 648 2032 His
683 1999 730 2031 tu
763 1990 1040 2046 praesentibus
1073 2004 1259 2045 gemere,
1288 1998 1330 2030 et
1357 1999 1400 2031 te
1423 1990 1586 2046 jactare

149 2060 234 2087 non
254 2047 427 2087 audebis
448 2047 653 2102 profecto.
685 2047 883 2103 loquetur
912 2046 1023 2087 enim
1055 2061 1203 2087 eorum
1223 2060 1324 2087 voce
1344 2046 1473 2088 virtus
1494 2047 1584 2102 ipsa

148 2110 302 2143 tecum.
332 2104 467 2154 Tune,
489 2118 586 2144 cum
609 2118 761 2159 pueros
782 2103 1101 2153 Lacedaemone,
1121 2102 1407 2144 adolescentes
1429 2104 1645 2160 Olym-40*

146 2159 241 2214 piae,
262 2160 462 2200 barbaros
483 2161 523 2200 in
545 2175 670 2201 arena
687 2160 836 2201 videris
862 2159 1112 2215 excipientes
1132 2159 1398 2214 gravissimas
1417 2160 1579 2215 plagas,
1592 2176 1663 2223 <90

147 2223 190 2256 01
209 2217 388 2258 ferentes
419 2216 599 2267 silentio,
630 2218 663 2257 si
693 2226 734 2257 te
764 2217 874 2257 forte
909 2215 1031 2256 dolor
1059 2215 1208 2271 aliquis
1238 2216 1485 2271 pervellerit,
1506 2208 1620 2257 eit-‘⁴

149 2272 365 2323 clamabis,
386 2282 434 2313 ut
454 2273 604 2314 mulier
621 2275 635 2313 ?
668 2288 753 2314 11011
773 2282 1026 2322 constanter,
1047 2281 1089 2312 et
1109 2272 1252 2313 sedate
1273 2272 1379 2312 feres
1396 2274 1409 2313 ?
1444 2279 1482 2309 74
1496 2273 1582 2315 fieri

149 2343 230 2369 non
252 2337 417 2384 potest:
448 2338 596 2370 natura
618 2344 699 2370 non
721 2330 891 2384 patitur.
950 2328 1108 2369 Audio.
1129 2329 1249 2383 pueri
1269 2329 1423 2379 ferunt,
1444 2329 1583 2384 gloria

147 2384 293 2427 ducti:
325 2387 465 2427 ferunt
493 2387 655 2441 pudore
687 2387 771 2437 alii,
802 2385 926 2428 multi
954 2394 1099 2425 metu:
1131 2393 1173 2425 et
1204 2392 1344 2425 tamen
1377 2400 1580 2439 veremur,

149 2449 196 2482 ut
229 2441 324 2493 hoc,
360 2442 475 2499 quod
504 2457 529 2484 a
560 2452 646 2485 tam
677 2443 837 2494 multis,
870 2452 913 2485 et
948 2441 1064 2499 quod
1097 2449 1162 2483 tot
1192 2441 1296 2483 locis
1332 2442 1581 2498 perferatur,

190 2631 228 2660 72
251 2626 317 2655 bene
330 2626 416 2665 plane
436 2638 554 2666 magnus
577 2626 650 2666 &c.]
680 2627 758 2657 Haec
774 2637 838 2657 non
882 2628 968 2666 quod
983 2627 1130 2657 Davisius
1147 2635 1163 2655 e
1180 2626 1287 2656 Nonio
1300 2626 1406 2656 edidit,
1419 2635 1495 2656 nam
1509 2636 1581 2655 sen-

147 2669 227 2697 bene
252 2670 503 2708 conjunguntur.
531 2672 716 2710 interpunge
741 2671 785 2701 sic
809 2677 839 2700 et
882 2680 935 2699 sus
963 2671 1091 2709 requirit
1113 2669 1248 2699 callidus.
1293 2669 1379 2699 Quia
1404 2676 1435 2699 et
1458 2670 1491 2699 in
1515 2669 1579 2698 Ms.

148 2712 264 2749 corrige
280 2712 345 2741 bene
360 2723 435 2742 sane.
458 2724 577 2751 magnus
600 2716 659 2743 ἃς.
685 2715 751 2743 bene
773 2725 840 2743 sane
884 2713 991 2743 Guelf.
1009 2713 1118 2752 reperi,
1133 2712 1246 2751 recepi.

150 2753 259 2782 Cicero
274 2754 362 2791 dicit,
379 2765 540 2794 nusquam
557 2756 623 2784 hene
633 2755 733 2794 plane.
927 2761 966 2789 74-
979 2756 1055 2794 ](ῖενὶ
1079 2767 1131 2784 non
1151 2753 1261 2795 potest]
1295 2754 1347 2784 Sic
1378 2754 1456 2783 Mss.
1482 2754 1579 2783 etiam

193 2803 229 2830 74
255 2797 302 2825 sed
317 2797 393 2826 homo
414 2797 532 2839 cautus]
559 2798 676 2828 Melius
693 2799 731 2829 sit
746 2805 838 2836 casus,
886 2798 994 2829 Guelf.
1017 2806 1046 2828 et
1062 2800 1131 2828 edd.
1149 2804 1222 2828 vett.
1268 2796 1464 2836 Vulg.fi›·ri.

888 2853 960 2894 1³3
