1778 3095
559 91 738 127 LIBER
775 88 1064 127 QUINTUS.
1446 97 1520 129 383

105 213 208 254 quas
230 198 357 240 animi
376 197 709 260 perturbationes
728 196 827 237 satis
846 210 936 236 esse
953 195 1140 236 videmur
1156 196 1415 250 superiorum
1437 199 1524 240 die-

106 269 200 296 rum
221 253 571 318 disputationibus
592 253 741 293 armati
761 262 804 294 et
820 251 966 307 parati.
990 251 1112 292 dolor
1129 265 1218 292 esse
1236 252 1396 293 videtur
1412 270 1525 296 acer-

105 311 235 352 rimus
256 311 395 353 virtuti
416 309 684 350 adversarius.
715 309 748 349 is
769 309 958 350 ardentes
979 309 1090 348 faces
1110 308 1316 349 intentat:
1347 309 1381 349 is
1404 311 1524 351 forti-

104 368 310 418 tudinem,
323 364 653 430 magnitudinem
668 365 810 416 animi,
827 364 1070 420 patientiam
1095 372 1133 398 99
1147 378 1191 405 se
1210 364 1525 406 debilitaturum

104 425 300 465 minatur.
342 422 456 485 Huic
477 421 607 476 igitur
627 421 874 462 succumbet
893 421 1042 461 virtus?
1071 420 1169 461 huic
1188 420 1311 461 beata
1330 421 1525 476 sapientis
1539 426 1588 466 77

105 490 149 520 et
168 479 395 522 constantis
416 478 490 518 viri
509 478 591 518 vita
610 477 731 518 cedet
749 479 762 518 ?
786 492 913 533 quam
935 478 1088 532 turpe.³
1114 491 1140 518 ο
1166 476 1223 518 dii
1247 477 1373 518 boni.
1366 478 1371 500 ¹
1407 477 1529 519 Pueri

105 537 322 591 Spartiatae
354 549 438 575 non
467 533 749 589 ingemiscunt
777 534 995 574 verberum
1027 533 1173 574 dolore
1193 534 1351 575 laniati.
1408 533 1530 575 Ado-

106 592 350 634 lescentium
372 604 526 647 greges
548 590 852 631 Lacedaemone
869 590 1073 630 vidimus
1064 590 1157 644 ipsi,
1176 590 1407 631 incredibili
1428 605 1530 631 con-

106 649 291 690 tentione
321 656 525 689 certantes
554 647 724 702 pugnis,
753 647 953 697 calcibus,
984 646 1211 702 unguibus,
1242 662 1386 688 morsu
1412 647 1530 688 deni-

106 719 201 760 que,
225 713 283 737 100
298 713 345 745 ut
373 703 709 744 exanimarentur
738 704 865 758 prius,
894 718 1021 758 quam
1053 718 1096 743 se
1126 703 1257 744 victos
1287 704 1531 746 faterentur.

105 764 213 825 Quae
233 760 424 825 barb-aria
443 759 562 800 India
581 761 746 809 vastior,
765 769 838 801 aut
856 759 1089 815 agrestior.
1114 759 1156 800 in
1177 774 1227 801 ea
1247 768 1386 801 tamen
1406 769 1532 815 gente

105 817 288 872 primum
319 817 361 867 11,
390 816 461 872 qui
492 816 698 871 sapientes
729 816 950 866 habentur,
982 816 1083 856 nudi
1115 824 1280 857 aetatem
1312 826 1459 872 agunt,
1490 825 1534 857 et

108 873 287 915 Caucasi
308 873 434 924 nives,
454 872 762 928 hiemalemque
783 872 865 913 vim
885 873 1099 927 perferunt
1119 872 1208 913 sine
1228 873 1394 914 dolore:
1415 888 1535 914 cum-

106 944 189 985 que
220 930 273 971 ad
298 931 509 971 flammam
537 937 550 960 1
568 943 610 969 se
631 929 957 984 applicaverunt,
979 928 1064 969 sine
1094 931 1259 983 gemitu
1288 929 1533 971 aduruntur.

107 986 313 1028 Mulieres
344 1001 440 1027 vero
472 994 489 1016 2
511 984 569 1039 [in
603 985 759 1040 India],
788 999 885 1026 cum
917 994 982 1026 est
1013 993 1029 1017 3
1052 985 1268 1040 [cujusvis]
1302 1001 1444 1027 earum
1476 986 1534 1027 vir
1547 994 1598 1034 78

108 1052 315 1093 mortuus,
336 1043 377 1083 in
403 1051 615 1083 certamen
642 1041 935 1097 judiciumque
957 1042 1139 1092 veniunt,
1160 1057 1286 1097 quam
1305 1043 1535 1098 plurimum

106 1098 176 1139 ille
196 1099 399 1140 dilexerit.
430 1099 569 1153 plures
594 1099 706 1139 enim
728 1097 904 1153 singulis
934 1098 1071 1139 solent
1094 1112 1183 1139 esse
1212 1108 1368 1154 nuptae.
1427 1100 1535 1155 Quae

109 1165 172 1196 est
190 1155 348 1206 victrix,
370 1169 419 1196 ea
438 1155 547 1205 laeta,
570 1155 920 1218 prosequentibus
939 1155 1037 1205 suis,
1058 1170 1141 1195 una
1162 1170 1258 1196 cum
1281 1171 1368 1196 viro
1396 1154 1438 1195 in
1467 1170 1535 1196 ro-

109 1226 212 1267 gum
236 1211 493 1276 imponitur:
528 1221 545 1242 4
565 1211 636 1252 illa
657 1211 764 1252 victa
784 1221 937 1252 moesta
955 1211 1146 1252 discedit.
1191 1213 1440 1275 Numquam
1462 1226 1537 1253 na-

110 1278 250 1309 turam
279 1283 372 1310 mos
403 1268 596 1308 vinceret.
627 1277 690 1309 est
720 1267 831 1307 enim
862 1282 910 1308 ea
938 1281 1105 1322 semper
1132 1268 1297 1309 invicta.
1359 1268 1443 1309 Sed
1461 1283 1538 1309 nos

110 1324 286 1376 umbris,
307 1324 480 1374 deliciis,
501 1324 603 1374 otio,
629 1324 848 1379 languore,
878 1324 1037 1365 desidia
1066 1324 1254 1365 animum
1285 1324 1538 1366 infecimus.

111 1381 396 1436 opinionibus,
413 1381 609 1444 maloque
630 1395 746 1421 more
768 1379 986 1422 delinitum
1008 1381 1276 1422 mollivimus.
1307 1382 1540 1437 AEgyptio-

110 1452 203 1478 rum
226 1451 386 1478 morem
403 1452 495 1492 quis
515 1437 710 1492 ignorat?
743 1450 923 1492 quorum
946 1437 1118 1477 imbutae
1140 1446 1298 1478 mentes
1324 1447 1339 1470 5
1359 1438 1539 1493 pravita-

111 1493 164 1534 tis
201 1494 424 1544 erroribus,
463 1493 652 1548 quamvis
690 1492 971 1533 carnificinam
1011 1494 1126 1548 prius
1163 1494 1380 1544 subierint,
1411 1509 1539 1549 quam

111 1549 229 1600 ibim,
261 1558 334 1592 aut
362 1549 566 1605 aspidem,
597 1558 670 1589 aut
706 1549 846 1599 felem,
877 1558 949 1589 aut
978 1564 1142 1601 canem,
1172 1561 1243 1591 aut
1275 1551 1580 1600 crocodilump.
1595 1566 1667 1590 244.

109 1605 296 1647 violent:
336 1620 516 1661 quorum
554 1605 677 1646 etiam
718 1605 750 1645 si
784 1604 1070 1660 imprudentes
1105 1605 1319 1661 quippiam
1352 1607 1539 1657 fecerint,
1551 1613 1580 1633 a.

110 1677 280 1718 poenam
297 1662 454 1703 nullam
473 1671 679 1706 recusent.
710 1662 778 1702 De
795 1661 1038 1703 hominibus
1057 1662 1223 1717 loquor.
1246 1663 1347 1717 quid
1364 1663 1535 1704 bestiae?
1552 1672 1604 1714 79

112 1733 196 1759 non
219 1718 367 1774 frigus,
384 1733 467 1759 non
489 1718 658 1765 famem,
680 1732 761 1758 non
782 1718 1048 1773 montivagos
1069 1730 1196 1774 atque
1218 1719 1424 1760 silvestres
1447 1734 1541 1761 cur-

112 1790 182 1816 sus
211 1775 563 1830 lustrationesque
592 1774 836 1830 patiuntur.
871 1789 954 1815 non
980 1790 1056 1830 pro
1086 1790 1162 1817 suo
1184 1785 1308 1831 partu
1333 1783 1350 1807 6
1366 1776 1423 1817 ita
1445 1791 1544 1831 pro-

113 1840 323 1886 pugnant,
344 1840 391 1871 ut
419 1831 587 1872 vulnera
616 1831 849 1886 excipiant
841 1832 854 1862 ³
889 1831 1026 1872 nullos
1057 1831 1253 1887 impetus,
1276 1833 1415 1873 nullos
1436 1833 1544 1874 ictus
1572 1874 1576 1877 ,

114 1887 417 1928 reformident?
450 1887 619 1937 omitto,
641 1902 735 1942 quae
756 1887 979 1942 perferant,
1001 1903 1179 1943 quaeque
1210 1889 1422 1944 patiantur
1454 1904 1545 1930 am·

114 1943 274 1993 bitiosi,
296 1943 468 1984 honoris
489 1957 641 1984 causa:
674 1942 808 1984 laudis
830 1943 1021 1994 studiosi,
1046 1952 1060 1980 7
1076 1945 1225 2000 gloriae
1244 1945 1405 2001 gratia:
1429 1960 1548 1986 amo-

116 2014 160 2041 re
180 1999 352 2050 incensi,
369 1999 629 2064 cupiditatis.
660 1999 784 2054 plena
813 2001 893 2041 vita
920 2001 1208 2057 exemplorum
1230 2011 1306 2043 est.
1366 2002 1451 2042 Sed
1471 2001 1546 2043 ad·
1560 1999 1628 2047 28

114 2056 257 2098 hibeat
276 2055 409 2098 oratio
430 2055 622 2106 modum,
645 2065 688 2096 et
708 2055 851 2098 redeat
870 2056 984 2108 illuc,
1011 2066 1026 2089 8
1043 2057 1154 2099 unde
1176 2057 1360 2100 defluxit.
1400 2059 1547 2110 Dabit,
1561 2073 1612 2106 80

159 2179 198 2204 99
222 2182 250 2200 se
265 2169 496 2210 debilitaturum]
521 2171 601 2200 Μῦς.
617 2171 746 2209 quidam
763 2170 810 2199 dc-

896 2178 914 2201 4
938 2170 991 2199 illa
1017 2171 1113 2210 victa]
1143 2171 1404 2212 Intelligendum,
1427 2174 1452 2204 si
1471 2175 1548 2204 duas

116 2214 301 2250 bellaturum,
324 2215 409 2253 quod
436 2215 530 2243 edidit
556 2214 712 2243 Davisius.
751 2213 810 2243 Sed

853 2218 979 2243 tantum
1001 2214 1123 2245 habuit.
1145 2217 1198 2246 sed
1222 2216 1303 2245 mihi
1326 2216 1427 2255 placet
1450 2226 1550 2246 corre-

114 2264 146 2287 et
160 2257 328 2295 vulgatum
344 2258 467 2287 bonum
485 2264 540 2293 est,
558 2264 594 2286 ut
609 2264 690 2286 recte
707 2257 812 2286 Buhe-

117 2301 190 2331 rius.
205 2310 235 2330 v.
252 2300 341 2331 clav.
357 2301 390 2330 in
403 2301 435 2330 h.
448 2310 479 2329 v.
496 2307 526 2329 et
542 2301 574 2329 in
590 2298 767 2328 debilitatus.

161 2350 220 2374 100
235 2349 267 2372 ut
277 2341 615 2382 exanimarenturprius}
628 2342 690 2372 Ms.
703 2342 810 2372 Guelf.

119 2394 194 2422 mm,
210 2392 246 2415 ut
261 2391 290 2416 et
305 2386 369 2416 alii.
392 2392 425 2415 ut
440 2385 555 2415 melius
570 2386 702 2415 videtur.

165 2433 177 2457 1
203 2438 231 2457 se
245 2427 484 2468 applica-verunt,¹
504 2429 555 2458 Sic
580 2429 643 2458 Ms.
668 2438 730 2467 reg.
755 2427 808 2457 Pa-

119 2470 170 2500 ris.
187 2477 217 2500 et
231 2471 275 2500 sie
290 2472 385 2501 edidit
401 2477 481 2501 recte
497 2472 604 2501 Davis.
650 2471 701 2501 Sic
717 2477 747 2500 et
763 2471 812 2500 ed.

119 2512 208 2544 Junt.
225 2523 278 2552 pro
293 2514 420 2553 vulgato
436 2513 662 2553 applicaverint.

163 2561 180 2585 2
206 2555 235 2583 in
254 2555 351 2594 India]
370 2557 443 2587 Sine
466 2557 563 2587 dubio
586 2565 631 2588 est
654 2567 672 2588 a
695 2556 811 2596 glossa-

121 2602 196 2628 tore.
213 2598 303 2628 uncis
319 2599 445 2629 inclusi.

163 2647 181 2670 3
206 2641 333 2679 ccfjusvis
356 2653 453 2670 earum
474 2642 541 2685 vir]
566 2642 629 2672 MS.
654 2641 760 2672 Guelf.
782 2646 813 2670 et

121 2683 173 2713 alii
199 2684 343 2725 cujusque.
374 2685 454 2713 mihi
479 2685 651 2718 delendum
680 2685 811 2714 videtur.

124 2733 199 2755 nam
223 2735 291 2756 non
316 2734 363 2757 est
389 2727 484 2756 unius
510 2737 620 2759 earum
642 2728 690 2757 vir
717 2727 812 2767 pluri-

122 2777 181 2798 um
198 2780 204 2797 z
239 2769 460 2809 intelliguntur
485 2771 644 2806 mulieres,
675 2780 811 2809 quarum

123 2811 168 2841 vir
183 2814 365 2844 communis
382 2819 525 2843 mortuus
541 2819 596 2843 est.

854 2258 915 2286 ctio
943 2257 1074 2286 Bentleii
1099 2264 1129 2287 et
1153 2258 1271 2288 Davisii
1296 2258 1358 2287 illae
1378 2259 1482 2296 victae,
1499 2259 1549 2290 vel

855 2298 924 2328 aliae
939 2299 1030 2328 victae
1047 2308 1155 2328 moestae
1170 2300 1328 2331 discedunt.

899 2350 914 2373 5
935 2342 1100 2380 pravitatis
1124 2341 1279 2382 erroribus]
1308 2344 1454 2374 Davisius
1475 2351 1550 2384 pra-

853 2385 912 2415 vis.
963 2385 1139 2424 Vulgatum
1169 2386 1308 2416 defendit
1337 2387 1551 2426 Wopkens-ius

857 2429 941 2457 Lect.
956 2428 1043 2458 Tull.
1061 2428 1087 2464 1,
1106 2436 1157 2458 20.

900 2476 917 2500 6
942 2471 984 2499 ita
997 2468 1195 2510 propugnant]
1214 2472 1360 2502 Davisius
1384 2472 1479 2502 edidit
1492 2479 1552 2512 pu·

854 2520 957 2552 gnam.
981 2514 1034 2543 sed
1058 2521 1088 2544 et
1110 2514 1183 2544 alibi
1200 2514 1322 2551 Cicero,
1340 2522 1375 2545 ut
1390 2515 1456 2551 alii,
1472 2516 1553 2546 dixit

853 2563 1034 2596 propugnare
1045 2562 1110 2596 pro.

899 2606 913 2634 7
930 2599 1033 2638 gloriae
1047 2597 1164 2639 gratia]
1182 2599 1335 2637 Quidam,
1347 2601 1443 2630 etiam
1455 2600 1552 2630 Davi-

855 2642 933 2678 sius,
947 2642 1048 2681 gratia
1065 2642 1181 2673 delent.
1204 2642 1316 2681 placet.
1340 2652 1415 2673 nam
1434 2650 1465 2673 et
1485 2650 1553 2683 post

857 2685 1025 2724 cupiditatis
1041 2686 1125 2715 nude
1142 2686 1280 2724 ponitur.

901 2735 917 2758 8
942 2727 1016 2757 unde
1037 2727 1168 2768 dqflcxit]
1197 2728 1258 2758 Ms.
1277 2728 1383 2758 Guelf.
1399 2729 1446 2758 ed.
1462 2728 1570 2759 Junt.·

856 2770 992 2810 defluxit,
1010 2772 1094 2809 quod
1110 2778 1156 2800 est
1172 2771 1357 2810 elegantius.
1381 2772 1486 2809 itaque
1508 2780 1555 2800 re-

858 2814 935 2852 cepi.
968 2813 1019 2843 Sic
1032 2820 1062 2843 et
1073 2813 1148 2844 alibi
1164 2813 1287 2850 Cicero,
1303 2821 1337 2844 ut
1345 2814 1443 2845 Tusc.
1459 2813 1487 2851 1,
1502 2819 1555 2843 2⁵.
