1778 3095
584 107 765 146 LIBER
803 106 1096 144 QUINTUS.
1482 114 1557 147 223

126 219 302 278 possint.
331 216 493 263 virtutis
520 214 647 264 enim,
666 214 887 269 beataeque
917 214 1026 265 vitae,
1046 228 1141 269 quae
1172 212 1259 255 duo
1288 216 1470 259 maxime
1488 232 1560 260 ex·

125 277 309 335 petenda
327 283 438 325 sunt,
459 272 589 314 serius
619 271 761 312 lumen
792 278 995 325 apparet:
1026 270 1163 311 multo
1192 270 1319 311 etiam
1345 274 1492 325 serius,
1512 285 1562 317 ut

125 335 265 390 plane,
313 331 452 388 qualia
499 328 597 378 sint,
636 327 941 382 intelligantur.
990 326 1190 382 praeclare
1227 327 1339 368 enim
1384 337 1397 360 1
1416 330 1559 372 Plato:

126 393 365 438 BEATUM‚
396 399 482 427 CUI
517 397 681 426 ETIAM
719 398 772 424 IN
809 397 1106 425 SENECTUTE
1132 397 1470 436 CONTIGERIT,
1494 400 1559 427 υτ

132 456 469 493 SAPIENTIAM,
501 454 773 483 VERASQUE
807 453 1085 481 OPINIONES
1123 453 1335 482 ASSEQUI
1371 452 1563 484 Possl'r.

129 505 286 560 Quare,
306 499 505 556 quoniam
530 507 547 529 2
565 497 618 538 de
637 497 782 553 primis
813 505 973 538 naturae
998 497 1237 538 commodis
1268 497 1370 539 satis
1399 497 1561 541 dictum
1574 506 1625 550 59

128 569 208 609 est,
229 571 338 599 nunc
360 555 412 596 de
433 554 665 610 majoribus
685 553 1126 610 consequentibusque
1145 553 1375 596 videamus.

183 616 349 656 Natura
368 612 498 668 igitur
517 625 668 666 corpus
697 610 867 667 quidem
888 610 1071 651 hominis
1091 610 1148 652 sic
1168 620 1210 652 et
1229 612 1393 667 genuit,
1413 621 1458 654 et
1477 613 1566 655 for-

130 671 271 721 mavit,
306 677 354 711 ut
389 669 470 710 alia
503 668 546 709 in
582 669 720 723 primo
756 676 854 708 ortu
888 667 1119 723 perficeret,
1154 667 1235 708 alia
1267 669 1569 725 progrediente

130 735 254 769 aetate
287 726 487 781 fingeret3
519 738 656 780 neque
689 739 787 766 sane
815 724 999 765 multum
1032 724 1285 780 adjumentis
1312 727 1494 768 externis
1522 736 1566 769 et

127 783 370 825 adventiciis
389 790 592 824 uteretur.
623 781 808 822 animum
842 789 985 822 autem
1014 781 1185 837 reliquis
1205 781 1329 823 rebus
1349 783 1407 824 ita
1426 783 1565 839 perfe-

128 840 203 890 cit,
236 848 285 881 ut
317 853 484 895 corpus.
514 838 704 880 sensibus
739 837 851 878 enim
886 837 1047 879 ornavit
1084 838 1139 879 ad
1173 853 1238 880 res
1273 839 1566 895 percipiendas

128 897 307 948 idoneis,
335 906 384 937 ut
414 895 531 947 nihil,
563 904 637 936 aut
667 909 751 935 non
782 893 966 935 multum
993 893 1240 949 adjumento
1259 896 1350 937 ullo
1370 897 1425 938 ad
1445 912 1567 939 suam

129 952 513 995 conformationem
532 951 756 1007 indigeret.
786 951 903 1007 quod
933 960 1075 992 autem
1107 952 1151 992 in
1174 951 1347 994 homine
1366 963 1569 1008 praestan-

129 1010 343 1052 tissimum
373 1017 499 1065 atque
531 1009 741 1064 optimum
772 1016 866 1059 est3
898 1007 941 1048 id
970 1007 1171 1050 deseruit.
1199 1009 1278 1051 etsi
1303 1009 1419 1052 dedit
1440 1011 1569 1053 talem

131 1076 334 1118 mentem,
365 1082 460 1122 quae
484 1074 501 1097 3
520 1080 689 1106 omnem
721 1065 918 1107 virtutem
949 1065 1140 1120 accipere
1169 1076 1330 1121 posset,
1354 1067 1569 1123 ingenuit-

132 1138 217 1180 que
238 1124 325 1165 sine
344 1123 537 1165 doctrina
557 1122 728 1164 notitias
748 1136 892 1177 parvas
914 1136 1053 1163 rerum
1074 1123 1368 1175 maximarum,
1388 1134 1431 1165 et
1449 1125 1572 1181 quasi

132 1181 315 1222 instituit
333 1181 503 1231 docere,
522 1188 566 1220 et
585 1179 750 1220 induxit
768 1179 810 1219 in
830 1193 892 1229 ea,
913 1193 1009 1234 quae
1037 1179 1214 1230 inerant,
1234 1188 1453 1237 tamquam
1483 1182 1570 1224 ele-

134 1247 278 1278 menta
297 1236 475 1279 virtutis.
507 1235 581 1277 sed
599 1236 794 1277 virtutem
815 1236 949 1290 ipsam
970 1235 1180 1277 inchoavit
1198 1251 1210 1287 3
1242 1237 1347 1279 nihil
1376 1238 1572 1294 amplius.

136 1295 287 1350 Itaque
321 1302 510 1334 nostrum
548 1301 613 1334 est
647 1292 779 1348 (quod
814 1300 1006 1333 nostrum
1042 1292 1152 1343 dico,
1187 1294 1286 1334 artis
1321 1297 1400 1347 est)
1437 1294 1491 1336 ad
1523 1301 1637 1338 ea6o

136 1350 354 1406 principia,
391 1365 485 1405 quae
518 1349 771 1404 accepimus,
804 1357 821 1380 4
840 1349 1141 1404 consequentia
1170 1350 1401 1406 exquirere,
1431 1352 1573 1407 quoad

138 1407 192 1447 sit
211 1406 268 1458 id,
290 1406 405 1462 quod
425 1406 634 1456 volumus,
655 1406 850 1447 effectum
868 1422 876 1445 :
910 1405 1024 1461 quod
1043 1405 1209 1461 quidem
1233 1406 1365 1462 pluris
1385 1407 1439 1449 sit
1459 1407 1575 1451 haud

137 1463 296 1518 paullo,
331 1463 552 1517 magisque
584 1462 720 1517 ipsum
746 1470 919 1517 propter
952 1476 996 1502 se
1027 1463 1323 1517 expetendum,
1344 1479 1471 1520 quam
1503 1473 1576 1507 aut

136 1533 299 1570 senSUS,
320 1527 393 1560 aut
413 1518 601 1573 corporis
631 1532 695 1568 ea,
717 1532 810 1573 quae
843 1517 1053 1558 diximus:
1083 1519 1236 1574 quibus
1268 1529 1435 1561 tantum
1465 1536 1576 1577 prae-

137 1584 221 1617 stat
250 1575 404 1616 mentis
433 1574 639 1616 excellens
669 1574 890 1630 perfectio,
911 1583 960 1614 ut
982 1575 1046 1615 vix
1065 1575 1246 1630 cogitari
1268 1578 1415 1631 possit,
1442 1587 1457 1610 ⁵
1474 1578 1577 1634 quid

135 1631 313 1674 intersit.
343 1632 485 1687 itaque
521 1631 658 1672 omnis
694 1631 846 1681 honos,
882 1631 1021 1671 omnis
1055 1631 1292 1682 admiratio,
1326 1648 1452 1675 omne
1485 1644 1576 1677 stu-

138 1689 272 1740 dium,
293 1687 347 1729 ad
367 1689 578 1739 virtutem,
600 1696 642 1728 et
661 1688 715 1728 ad
736 1702 805 1729 eas
827 1687 1028 1739 actiones,
1050 1703 1145 1744 quae
1174 1689 1316 1731 virtuti
1347 1700 1444 1732 sunt
1473 1706 1576 1733 con·
1589 1711 1621 1743 b,

138 1755 362 1798 sentaneae,
383 1745 583 1787 refertur:
613 1758 745 1800 eaque
766 1744 922 1796 omnia,
945 1760 1040 1800 quae
1061 1752 1135 1786 aut
1155 1745 1212 1786 ita
1230 1745 1274 1787 in
1293 1747 1442 1789 animis
1465 1757 1578 1800 sunt,

140 1810 214 1843 aut
248 1802 308 1844 ita
341 1811 561 1858 geruntur,
597 1816 683 1842 uno
718 1801 888 1842 nomine
928 1801 1108 1843 honesta
1144 1801 1357 1844 dicuntur.
1396 1819 1580 1861 quorum

141 1859 332 1900 omnium
353 1873 531 1915 quaeque
550 1857 634 1899 sint
652 1859 828 1910 notitiae,
853 1864 870 1889 6
888 1873 1066 1915 quaeque
1086 1858 1376 1914 significentur
1398 1863 1576 1916 [rerum]

141 1915 371 1966 vocabulis,
394 1928 572 1971 quaeque
602 1914 808 1971 cujusque
837 1915 911 1966 vis,
942 1924 985 1956 et
1015 1925 1163 1957 natura
1193 1917 1261 1968 sit,
1290 1932 1390 1958 mox
1419 1918 1581 1960 videbi-

142 1986 252 2013 mus.
313 1973 411 2013 Hoc
445 1981 587 2012 autem
620 1971 717 2013 loco
753 1981 919 2013 tantum
954 1972 1226 2028 explicemus,
1260 1973 1368 2025 haee,
1400 1975 1580 2017 honesta
1592 1985 1661 2033 22

144 2043 240 2084 quae
270 2028 381 2080 dico,
402 2040 682 2084 praeterquam
712 2028 828 2085 quod
860 2029 1141 2084 nosmetipsos
1173 2030 1416 2086 diligamus,
1441 2040 1635 2092 7prae-6,

144 2094 259 2126 terea
279 2095 425 2141 suapte
448 2094 596 2126 natura
616 2099 693 2140 per
711 2099 754 2126 se
772 2099 862 2126 esse
882 2086 1129 2141 expetenda.
1151 2086 1339 2129 indicant
1358 2090 1477 2144 pueri
1497 2107 1508 2132 z
1539 2090 1582 2131 in

144 2141 314 2197 quibus,
344 2151 393 2183 ut
423 2141 466 2182 in
497 2142 694 2197 speculiS,
712 2151 861 2183 natura
890 2143 1088 2184 cernitur.
1150 2144 1325 2186 Quanta
1346 2145 1487 2186 studia
1505 2145 1582 2188 de-

145 2200 398 2240 certantium
430 2200 563 2240 sunt?
596 2208 754 2254 quanta
784 2199 874 2254 ipsa
905 2199 1167 2240 certamina?
1201 2210 1248 2241 ut
1268 2201 1329 2242 illi
1352 2203 1585 2244 efferuntur

145 2254 306 2307 laetitia,
340 2270 437 2297 cum
472 2254 676 2296 vicerint?
710 2264 758 2296 ut
789 2255 921 2311 pudet
949 2255 1113 2296 victos?
1145 2265 1193 2297 ut
1223 2271 1267 2298 se
1298 2259 1487 2300 accusari
1506 2273 1584 2300 no-

146 2309 266 2353 lunt?
300 2326 428 2368 quam
457 2312 636 2368 cupiunt
663 2311 857 2353 laudari?
891 2326 999 2368 quos
1034 2312 1095 2353 illi
1129 2312 1294 2354 labores
1327 2329 1411 2356 non
1448 2316 1586 2371 perfe-

193 2431 205 2454 1
228 2421 328 2464 Plato]
356 2424 405 2454 De
433 2424 569 2464 Legibus
596 2423 631 2455 L.
655 2423 697 2454 11.
725 2434 755 2463 p.
774 2429 846 2459 575.
890 2424 960 2454 rari.

148 2467 199 2497 ed.
214 2468 324 2506 Steph.
934 2475 950 2497 5
968 2465 1041 2507 quid
1062 2465 1192 2508 intersit]
1221 2468 1241 2498 i.
1258 2477 1286 2498 e.
1308 2474 1469 2508 quantum
1493 2470 1590 2501 inter-

193 2517 210 2540 2
227 2509 376 2548 deprimis
388 2516 504 2539 naturae
519 2507 679 2548 commodis]
699 2508 848 2539 commodis
888 2510 941 2547 sit,
971 2516 1133 2548 quantum
1163 2510 1298 2541 excellat
1328 2513 1445 2542 mentis
1475 2514 1588 2552 virtus,

151 2553 230 2583 mihi
247 2560 433 2592 suspectum
449 2560 515 2584 est:
539 2554 616 2591 quia
634 2553 707 2582 alibi
723 2562 847 2592 semper
889 2560 1070 2593 comparata
1084 2563 1162 2583 cum
1178 2554 1269 2584 bonis
1286 2556 1434 2595 corporis.

148 2596 333 2636 simpliciter
342 2596 442 2635 prima
457 2603 572 2626 natura·
586 2596 747 2626 dicuntur.
934 2601 952 2626 6
982 2601 1105 2638 qudque
1141 2597 1339 2636 significamur
1369 2609 1394 2628 r.
1423 2596 1588 2639 vocabulis]

195 2645 212 2668 3
229 2649 335 2668 omnem
350 2639 492 2669 virtutem
497 2640 566 2678 jam
581 2650 641 2668 acc.
654 2636 762 2678 posset]
784 2639 849 2669 De·
892 2650 1015 2681 quaeque
1038 2639 1183 2669 alienum
1204 2647 1235 2669 et
1254 2641 1406 2671 vitiosum
1424 2648 1481 2671 est.
1525 2643 1592 2671 Da-

151 2680 211 2711 levi
225 2682 306 2721 jam,
329 2682 404 2720 quia
426 2688 457 2712 et
479 2682 587 2721 frigide
602 2682 769 2719 redundat,
785 2689 815 2712 et
831 2691 850 2711 a
891 2683 988 2712 visius
1013 2691 1078 2712 non
1107 2683 1190 2712 male
1216 2684 1340 2723 corrigit
1364 2684 1508 2726 queisque.
1533 2694 1590 2714 nec

153 2723 217 2754 Ms.
234 2724 299 2755 Par.
315 2725 428 2754 abfuit.
891 2736 986 2755 rerum
1002 2725 1115 2765 placet.

195 2773 215 2795 4
245 2767 440 2809 consequentia
469 2766 632 2808 exquirere]
666 2768 685 2797 i.
709 2776 848 2807 quaerere
936 2774 951 2803 7
976 2767 1137 2808 praeterea]
1166 2769 1334 2799 Redundat
1357 2769 1419 2799 hoc
1443 2770 1592 2804 verbum,

148 2803 202 2844 (a,
230 2817 302 2847 quae
330 2811 403 2840 .istis
437 2811 597 2849 principiis
635 2818 850 2842 consentanea
891 2812 1078 2852 videturque
1094 2821 1110 2843 e
1120 2818 1320 2854 praeterquam
1337 2819 1454 2843 temere
1471 2813 1596 2842 factum-

154 2852 229 2885 sint,
246 2858 275 2881 et
298 2861 351 2890 per
366 2862 402 2882 ea
417 2853 499 2882 effici
525 2853 645 2891 possint
668 2860 698 2884 et
719 2863 849 2892 compas-
894 2864 970 2884 esse.
