1778 3095
231 148 314 183 542
675 139 754 179 DE
788 137 1222 178 DIVINATIONE

234 265 289 291 ex
317 247 468 305 quibus
497 253 540 290 et
567 247 786 289 mortifera
813 247 1006 303 quaedam
1036 262 1130 303 pars
1159 255 1236 297 est,
1266 253 1313 287 ut
1342 251 1384 285 et
1412 242 1659 299 Ampsancti

236 307 281 348 in
313 305 517 362 Hirpinis,
550 313 592 345 et
625 303 667 344 in
700 303 803 345 Asia
840 312 875 336 18
895 305 1101 353 Plutonia,
1136 318 1228 359 quae
1259 301 1466 343 vidimus:
1495 309 1540 342 et
1566 308 1663 340 sunt

234 371 376 419 partes
409 375 609 417 agrorum
643 360 735 401 aliae
770 360 1025 415 pestilentes,
1063 360 1154 401 aliae
1191 358 1391 408 salubres,
1426 355 1534 406 aliae,
1569 368 1664 410 quae·

236 427 363 461 acuta
393 417 561 472 ingenia
588 415 780 472 gignant,
811 416 918 466 aliae,
950 431 1045 471 quae
1076 423 1231 456 retusa.
1265 429 1358 470 quae
1388 412 1531 453 omnia
1560 411 1665 452 fiunt

237 484 281 516 et
299 489 350 515 ex
370 474 461 514 eaeli
478 473 687 524 varietate,
704 483 746 513 et
767 486 817 512 ex
833 472 1017 527 disparili
1036 470 1317 527 adspiratione
1335 478 1553 511 terrarum.

178 537 231 570 80
299 531 365 571 Fit
396 528 521 570 etiam
558 543 668 584 saepe
701 528 838 583 specie
875 527 1072 583 quadam,
1111 541 1221 582 saepe
1260 541 1411 568 vocum
1443 523 1663 579 gravitate,

240 595 283 628 et
320 585 526 636 cantibus,
553 594 602 626 ut
629 584 839 640 pellantur
870 583 999 624 animi
1031 582 1345 624 vehementius:
1389 594 1500 636 saepe
1539 579 1671 621 etiam,

239 657 341 684 cura
356 650 400 683 et
417 642 568 683 timore
585 655 595 679 ι
627 640 760 697 qualis
780 648 844 680 est
866 639 1001 689 19illa,

346 730 386 753 20
399 722 599 760 Flexanima
619 729 792 770 tamquam
811 718 996 769 lymphata,
1018 727 1057 755 ut
1079 718 1205 755 Bacchi
1224 719 1329 756 sacris

351 776 520 814 Commota
535 790 547 809 .·
574 774 609 810 in
627 772 765 809 tumulis
788 773 952 809 Teucrum
968 785 1219 808 commemorans
1238 785 1348 810 suum.

158 865 229 919 37
242 860 386 917 Atque
405 859 532 900 etiam
553 858 624 899 illa
642 855 870 898 concitatio
896 855 1079 897 declarat
1106 855 1189 897 vim
1218 856 1260 897 in
1294 856 1442 899 animis
1460 872 1550 900 esse
1566 856 1669 899 divi-

199 932 353 965 b‚nam.
368 924 495 971 negat
511 915 638 965 enim,
653 914 740 954 sine
756 913 912 963 furore,
930 912 1216 963 Democritus,
1232 926 1487 969 quemquam
1500 920 1672 969 poetam

239 987 446 1028 magnum
462 986 552 1013 esse
571 984 710 1027 posse.
732 969 847 1025 quod
863 969 976 1010 idem
1002 968 1105 1011 dicit
1136 969 1269 1010 Plato.
1297 984 1438 1025 quem,
1458 970 1492 1011 si
1521 970 1674 1026 placet,

242 1028 426 1085 appellet
444 1029 644 1082 furorem,
666 1025 900 1067 dummodo
916 1026 950 1067 is
970 1026 1087 1067 furor
1114 1025 1173 1066 ita
1199 1025 1408 1077 laudetur,
1428 1035 1476 1068 ut
1494 1025 1536 1066 in
1555 1026 1675 1066 Phae-

241 1085 320 1127 'dro
353 1084 537 1126 Platonis
564 1083 760 1125 laudatus
794 1090 872 1123 est.
930 1081 1076 1136 Quid?
1115 1090 1248 1123 vestra
1280 1082 1415 1123 oratio
1449 1082 1492 1124 in
1526 1082 1677 1134 causis,

242 1141 345 1198 quid
363 1143 376 1182 ?
410 1142 500 1197 ipsa
518 1137 642 1182 actio.
663 1145 804 1195 potest
823 1153 914 1180 esse
933 1137 1171 1188 vehemens,
1192 1146 1235 1179 et
1257 1137 1409 1193 gravis,
1429 1147 1472 1180 et
1491 1138 1679 1194 copiosa,

243 1198 323 1239 nisi
351 1206 416 1239 est
442 1197 608 1238 animus
634 1196 724 1251 ipse
748 1194 1034 1236 commotior?
1068 1194 1264 1249 equidem
1292 1193 1421 1235 etiam
1445 1195 1487 1235 in
1506 1204 1548 1236 te
1568 1204 1680 1249 saepe

242 1253 352 1305 vidi3
391 1262 434 1295 et
467 1256 532 1307 (ut
562 1252 616 1294 ad
642 1251 798 1293 leviora
823 1251 1055 1304 veniamus)
1091 1251 1134 1292 in
1165 1251 1329 1305 AEsopo
1363 1250 1556 1291 familiari
1587 1259 1680 1301 tuo,

244 1319 410 1352 tantum
427 1306 622 1350 ardorem
636 1307 829 1349 vultuum
849 1316 975 1362 atque
993 1315 1205 1358 motuum,
1225 1315 1275 1348 ut
1293 1321 1392 1348 eum
1408 1307 1468 1349 vis
1484 1306 1680 1363 quaedam

245 1362 494 1408 abstraxisse
512 1380 537 1406 a
552 1380 676 1406 sensu
695 1364 848 1405 mentis
867 1362 1088 1405 videretur.
1483 1413 1485 1415 v

181 1431 231 1464 61
303 1422 574 1478 Objiciuntur
605 1421 733 1463 etiam
766 1433 878 1476 saepe
912 1420 1075 1471 formae,
1103 1435 1197 1476 quae
1228 1432 1372 1475 reapse
1400 1417 1525 1461 nullae
1555 1426 1681 1461 sunta

247 1479 433 1535 speeiem
462 1487 602 1520 autem
635 1478 830 1519 offerunt.
888 1476 1018 1534 Quod
1047 1476 1278 1531 contigisse
1314 1477 1484 1517 Brenno
1514 1475 1682 1526 dicitur,

246 1537 422 1592 ejusque
452 1531 627 1576 Gallicis
656 1534 806 1589 copiis,
834 1547 933 1574 cum
962 1534 1062 1575 fano
1091 1532 1303 1588 Apollinis
1332 1531 1530 1587 Delphici
1566 1533 1681 1572 nefa-

245 1594 359 1633 rium
379 1592 537 1634 bellum
560 1589 782 1634 intulisset.
803 1598 895 1632 tum
916 1590 1029 1632 enim
1058 1589 1214 1641 ferunt,
1235 1602 1287 1630 ex
1315 1588 1486 1630 oraculo
1515 1588 1683 1630 effatam

244 1662 337 1691 esse
359 1648 569 1706 Pythiam,

358 1729 430 1778 Ego
442 1727 626 1780 providebo
643 1740 710 1765 rem
728 1727 843 1772 istam,
860 1736 892 1765 et
909 1726 1001 1764 albae
1018 1727 1181 1777 virgines.

248 1814 313 1853 Ex
342 1827 427 1868 quo
458 1812 632 1862 factum,
663 1819 712 1852 ut
740 1819 783 1851 et
810 1809 1047 1851 viderentur
1077 1808 1255 1864 virgines
1291 1808 1398 1849 ferre
1430 1821 1546 1849 arma
1583 1822 1685 1849 con-

249 1878 327 1920 tra,
345 1877 388 1910 et
408 1868 499 1910 nive
520 1867 742 1909 Gallorum
764 1866 1010 1908 obrueretur
1036 1866 1256 1908 exercitus.
1314 1864 1563 1906 Aristoteles
1591 1865 1686 1920 qui-

249 1925 348 1966 dem
378 1940 450 1966 eos
480 1924 623 1975 etiarn,
654 1924 725 1979 qui
754 1922 992 1965 valitudinis
1016 1921 1116 1963 vitio
1145 1922 1343 1971 furerent,
1372 1930 1415 1962 et
1444 1920 1688 1961 melancho-

249 1981 320 2022 lici
348 1981 599 2031 dicerentur,
620 1980 818 2021 censebat
837 1979 991 2020 habere
1013 1978 1171 2033 aliquid
1197 1978 1240 2018 in
1266 1977 1414 2019 animis
1433 1977 1688 2032 praesagiens

167 2044 238 2092 38
251 2045 377 2093 atque
422 2037 622 2078 divinum.
680 2038 776 2091 Ego
815 2043 957 2077 autem
996 2034 1110 2075 haud
1148 2034 1251 2084 scio,
1286 2049 1339 2075 an
1377 2047 1452 2074 nee
1486 2032 1688 2074 cardiacis

251 2094 334 2135 hoc
354 2093 626 2136 tribuendum
652 2093 719 2144 sit,
738 2106 814 2134 nec
840 2090 1105 2147 phreneticis.
1126 2091 1254 2133 animi
1278 2090 1390 2132 enim
1416 2089 1584 2144 integri,
1604 2104 1689 2130 non

190 2160 241 2196 82
252 2150 389 2192 vitiosi
409 2149 612 2206 corporiS,
633 2158 698 2191 est
715 2148 930 2190 divinatio.

309 2209 451 2263 Quam
486 2205 658 2262 quidem
687 2219 777 2246 esse
806 2219 850 2247 re
878 2219 986 2256 vera,
1017 2204 1097 2246 hac
1126 2203 1367 2246 Stoicorum
1398 2202 1556 2244 ratione
1585 2215 1688 2242 con-

252 2263 453 2306 cluditur.
512 2262 557 2304 Si
579 2269 676 2304 sunt
692 2261 764 2313 dii,
785 2276 923 2317 neque
951 2271 1048 2303 ante
1075 2260 1290 2302 declarant
1318 2258 1573 2309 hominibus,
1594 2272 1689 2312 quae

253 2320 397 2362 futura
433 2327 557 2362 sunt:
599 2327 674 2361 aut
711 2332 798 2360 non
836 2317 1020 2374 diligunt
1053 2317 1275 2368 homines;
1313 2325 1400 2367 aut,
1434 2314 1535 2371 quid
1568 2327 1691 2355 even-

300 2474 338 2498 18
363 2465 513 2505 Plutonia]
532 2475 562 2496 v.
580 2465 671 2496 Clav.
686 2465 800 2503 Geogr.
819 2464 851 2494 in
871 2464 904 2493 h.
921 2473 952 2493 v.
995 2469 1070 2493 vett.
1093 2462 1213 2492 habent
1224 2461 1313 2501 flexa
1335 2460 1446 2498 anima,
1469 2461 1553 2500 quod
1577 2459 1694 2492 melius

256 2518 312 2549 pro
327 2509 459 2539 videmus
474 2510 656 2548 scripsimus
672 2507 813 2545 vidimus,
831 2513 865 2536 ut
887 2505 954 2546 pla·
996 2506 1137 2535 videtur:
1164 2514 1238 2535 nam
1256 2504 1310 2533 illa
1325 2504 1444 2533 femina
1460 2513 1524 2534 non
1541 2503 1695 2544 eratflex-

256 2552 347 2582 cebat
362 2552 499 2587 Pearcio,
516 2552 569 2589 qui
591 2557 673 2580 recte
698 2551 789 2580 refert
812 2549 851 2579 ad
874 2555 954 2578 tem·
998 2548 1096 2576 anima
1124 2548 1143 2577 i.
1171 2557 1199 2577 e.
1225 2547 1354 2577 flectens
1379 2547 1517 2583 animos,
1541 2547 1595 2576 sed
1624 2546 1694 2584 ejus

257 2603 316 2634 pus
340 2604 405 2632 quo
429 2594 538 2623 Cicero
561 2594 656 2622 ProC.
689 2592 720 2621 in
743 2592 818 2621 Asia
842 2592 955 2626 fuerat,
998 2590 1108 2619 anima
1133 2596 1197 2619 erat
1226 2589 1412 2619 conturbata
1441 2596 1471 2618 et
1501 2589 1594 2619 flexa.
1624 2595 1694 2628 post

257 2644 289 2667 et
305 2637 432 2666 fratrem
447 2645 557 2665 secum
574 2636 737 2664 habuerat.
776 2635 827 2663 Sic
842 2640 873 2662 et
887 2642 956 2662 cor·
998 2632 1093 2662 iidem
1118 2632 1187 2661 libri
1210 2632 1330 2661 habent
1349 2639 1382 2660 ut
1397 2631 1514 2661 Baccha
1530 2642 1552 2662 s.
1568 2643 1592 2661 c.
1608 2631 1695 2670 quod

259 2680 338 2710 rexit
357 2687 471 2708 manus
492 2679 584 2708 docta
601 2678 634 2707 in
652 2676 800 2716 exemplo
816 2684 889 2705 meo
905 2676 954 2705 ed.
999 2675 1113 2705 rectius
1136 2684 1202 2704 esse
1220 2675 1340 2704 videtur
1355 2686 1361 2702 :
1387 2684 1442 2714 pro
1464 2681 1497 2704 ut
1519 2674 1694 2704 Lambinus

259 2723 340 2752 Ven.
360 2728 452 2753 1494.
999 2718 1037 2747 de
1052 2717 1235 2755 conjectura
1250 2717 1345 2746 edidit
1360 2724 1412 2747 aut
1426 2716 1548 2753 Bacchi,
1564 2717 1649 2754 quod
1665 2723 1697 2747 et

304 2771 342 2797 19
358 2761 427 2803 illa]
443 2763 625 2798 Tecmessa,
643 2761 749 2800 Ajacis
767 2770 858 2797 uxor,
872 2760 955 2799 apud
999 2760 1146 2790 Davisius
1167 2766 1296 2790 secutus
1317 2767 1375 2796 est,
1391 2759 1500 2789 Bacchi
1515 2759 1611 2789 etiarn
1626 2758 1693 2796 alii,

260 2806 435 2837 Pacuvium
452 2805 616 2844 deplorans
628 2805 760 2843 Ajacem
779 2810 956 2834 mortuum.
1000 2804 1085 2841 quod
1101 2810 1131 2833 et
1147 2809 1285 2835 metrum
1302 2802 1448 2843 postulat.
1474 2802 1611 2833 Teucrum
1635 2802 1691 2833 int.

303 2857 343 2882 20
367 2847 553 2889 Flexanima]
587 2848 650 2879 ΜΞ.
681 2846 790 2878 Guelf.
825 2853 856 2877 et
885 2847 955 2878 edd·
999 2847 1143 2886 Ajacem,
