1778 3095
575 60 753 97 LIBER
782 59 1075 97 QUINTUS.
1458 62 1535 104 277

112 168 332 224 quebatur.
390 168 478 212 Qui
507 182 603 208 cum
635 175 746 208 esset
777 166 900 207 bonis
928 166 1169 221 parentibus
1201 175 1326 222 atque
1355 167 1534 212 honesto
1546 186 1596 219 53

111 224 208 266 loco
229 234 348 267 natus
372 225 465 279 (etsi
487 224 531 265 id
560 223 731 279 quidem
758 223 864 264 alius
884 223 966 264 alio
988 222 1117 264 modo
1138 222 1324 276 tradidit)
1349 225 1536 267 abunda-

112 290 258 337 retque
293 281 517 337 aequalium
551 279 916 330 familiaritatibus,
949 289 992 320 et
1025 279 1329 320 consuetudine
1364 283 1535 336 propin-

113 352 308 393 quorum,
326 338 496 378 haberet
514 337 656 387 etiam,
673 351 791 377 more
811 336 1003 387 Graeciae,
1025 335 1229 391 quosdam
1251 336 1536 379 adolescentes

112 408 255 436 amore
287 394 563 449 conjunctos:
596 399 634 424 68
652 392 851 433 credebat
881 407 925 433 se
958 407 1105 433 eorum
1136 392 1318 443 nemini;
1354 393 1426 434 sed
1457 393 1536 445 his,

112 456 153 484 69
167 466 271 506 quos
304 465 353 490 ex
383 450 550 491 familiis
578 449 837 504 locupletum
870 463 1006 490 ser-vos
1035 448 1260 504 delegerat,
1282 450 1434 504 quibus
1461 465 1537 491 no-

112 521 209 549 men
229 506 432 548 servitutis
454 506 542 561 ipse
561 506 810 557 detraxerat,
829 514 871 546 et
891 505 1143 561 quibusdam
1164 507 1356 546 convenis
1377 517 1420 547 et
1440 507 1538 548 feris
1568 538 1571 539 γ

113 563 312 613 barbaris,
333 563 518 617 corporis
548 562 782 603 custodiam
813 562 1120 603 committebat.
1180 563 1245 603 Ita
1272 572 1444 618 propter
1473 563 1537 603 in-

107 620 264 677 justam
305 618 544 660 dominatus
583 619 854 674 cupiditatem
896 619 938 659 in
978 632 1185 659 carcerem
1220 619 1538 674 quodammodo

112 677 200 731 ipse
223 690 265 715 se
286 675 523 717 incluserat.
583 675 698 732 Quin
719 676 846 716 etiam
867 690 918 715 ne
937 675 1096 715 tonsori
1117 675 1273 716 collum
1295 676 1537 717 committe-

111 740 187 783 ret,
207 732 379 773 tondere
401 731 502 773 filias
534 747 628 773 suas
655 732 813 773 docuit.
874 733 938 772 Ita
959 732 1126 772 sordido
1147 732 1416 788 ancillarique
1437 733 1538 773 arti-

111 788 206 829 ficio
227 788 355 844 regiae
376 788 568 844 virgines,
591 797 638 830 ut
657 788 930 837 tonstriculae,
948 788 1180 829 tondebant
1199 789 1386 839 barbam,
1407 798 1449 830 et
1469 805 1539 830 ca-

109 845 257 900 pillum
281 845 422 900 patris.
455 847 508 886 Et
528 855 667 886 tamen
688 845 740 885 ab
762 845 827 885 his
847 845 961 899 ipsis,
983 859 1079 885 cum
1096 845 1184 900 jam
1208 855 1346 886 essent
1366 846 1537 897 adultae,

110 902 268 942 ferrum
289 901 478 952 removit,
498 901 777 956 instituitque,
800 909 847 942 ut
867 901 1141 942 candentibus
1166 901 1434 957 juglandium
1458 917 1536 958 pu-

110 958 338 999 taminibus
355 958 525 999 barbam
549 958 686 999 sibiet
702 958 900 1013 capillum
920 958 1155 998 adurerent.
1218 959 1414 1015 Cumque
1436 960 1536 1001 duas

109 1029 259 1055 uxores
290 1015 478 1065 haberet,
499 1014 839 1065 Aristomachen,
861 1015 991 1055 civem
1013 1029 1148 1064 suam,
1169 1015 1374 1056 Doridem
1397 1025 1536 1057 autem

110 1072 381 1121 Locrensem,
403 1071 461 1112 sic
483 1081 613 1112 noctu
632 1071 684 1112 ad
712 1086 781 1112 eas
811 1071 1052 1121 ventitabat,
1072 1079 1120 1111 ut
1141 1072 1283 1112 omnia
1303 1073 1538 1127 speculare-

110 1136 193 1178 tur,
216 1137 259 1168 et
278 1137 606 1182 perscrutaretur
625 1137 734 1169 ante.
795 1129 864 1178 Et,
893 1142 989 1168 cum
1026 1135 1065 1164 70
1081 1128 1235 1168 fossam
1264 1129 1390 1169 latam
1419 1129 1538 1170 cubi-

109 1183 241 1224 culari
272 1184 382 1225 lecto
411 1184 771 1234 circumdedisset,
791 1185 965 1240 ejusque
994 1184 1117 1225 fossae
1148 1185 1367 1226 transitum
1397 1187 1538 1240 ponti·

110 1240 208 1281 culo
237 1241 381 1296 ligneo
411 1241 725 1297 conjunxisset:
755 1256 851 1281 eum
882 1241 1037 1296 ipsum,
1065 1255 1161 1281 cum
1195 1242 1328 1282 forem
1355 1243 1539 1284 cubiculi

110 1297 332 1348 clauserat,
354 1297 646 1353 detorquebat.
707 1297 911 1353 Idemque
930 1312 1026 1338 cum
1051 1298 1091 1338 in
1117 1299 1415 1340 communibus
1437 1314 1538 1355 sug·

108 1353 239 1408 gestis
261 1354 488 1394 consistere
507 1368 589 1394 non
605 1353 790 1404 auderet,
808 1354 1046 1395 concionari
1066 1368 1115 1395 ex
1137 1354 1239 1394 turri
1260 1354 1342 1395 alta
1363 1356 1540 1397 solebat.

109 1410 254 1464 Atque
282 1410 315 1450 is
343 1425 440 1450 cum
469 1410 554 1465 pila
574 1409 718 1450 ludere
738 1411 861 1451 vellet
885 1410 1087 1463 (studiose
1107 1412 1217 1450 enim
1239 1411 1281 1451 id
1301 1413 1536 1465 factitabat)
1554 1427 1606 1463 60

107 1466 379 1521 tunicamque
407 1476 595 1521 poneret,
617 1466 949 1516 adolescentulo,
972 1481 1097 1522 quem
1119 1468 1302 1518 amabat,
1323 1468 1541 1510 tradidisse
1555 1490 1584 1518 p.
1602 1487 1673 1512 240.

107 1521 298 1576 gladium
320 1522 485 1563 dicitur.
530 1523 614 1570 Hic
635 1535 730 1563 cum
753 1523 924 1578 quidam
948 1523 1162 1563 familiaris
1177 1520 1326 1579 jocans
1349 1525 1583 1568 dixissetza·

109 1578 222 1618 Huic
253 1579 416 1634 quidem
445 1586 550 1620 certe
578 1578 706 1619 vitam
737 1587 849 1621 tuam
879 1579 1112 1630 committis,
1131 1580 1419 1636 arrisissetque
1440 1582 1543 1623 ado—

108 1634 285 1686 lescens,
318 1645 544 1691 utrumque
571 1636 700 1692 jussit
732 1636 936 1677 interfici:
979 1636 1171 1687 alterum,
1204 1637 1301 1692 quia
1330 1638 1437 1678 viam
1469 1639 1542 1679 de-

109 1693 424 1733 monstravisset
442 1692 709 1733 interimendi
730 1693 822 1743 sui;
854 1693 1048 1743 alterum,
1070 1694 1169 1748 quia
1194 1693 1355 1734 dictum
1386 1694 1428 1735 id
1458 1695 1542 1736 risu

108 1749 436 1802 approbavisset.
493 1749 638 1804 Atque
669 1764 721 1789 eo
756 1750 868 1790 facto
902 1750 959 1790 sic
988 1749 1139 1799 doluit,
1163 1762 1210 1791 ut
1241 1751 1344 1792 nihil
1372 1752 1540 1806 gravius

109 1804 253 1845 tulerit
287 1806 328 1846 in
363 1805 458 1847 vita.
503 1820 628 1861 quem
664 1806 776 1846 enim
813 1806 1078 1847 vehementer
1109 1816 1282 1858 amarat,
1314 1808 1540 1850 occiderat.

108 1860 177 1900 Sic
200 1861 489 1902 distrahuntur
520 1862 562 1902 in
592 1863 820 1903 contrarias
849 1872 985 1917 partes
1011 1863 1310 1918 impotentium
1333 1865 1540 1919 cupidita-

109 1925 187 1957 tes.
229 1917 339 1958 Cum
364 1917 461 1958 huic
482 1918 708 1959 obsecutus
739 1920 808 1970 sis,
830 1919 891 1959 illi
911 1928 975 1960 est
994 1920 1329 1975 repugnandum.
1376 1923 1538 1977 Quam·
1553 1925 1599 1961 61

108 1987 236 2028 quam
258 1973 326 2014 hic
348 1975 517 2030 quidem
553 1982 589 2011 71
607 1984 809 2029 tyrannus
838 1975 926 2030 ipse
950 1976 1171 2031 judicavit,
1191 1991 1316 2032 quam
1340 1986 1450 2018 esset
1469 1978 1620 2032 be-21

107 2039 216 2070 atus.
273 2031 386 2071 Nam
418 2045 515 2071 cum
546 2031 718 2086 quidam
747 2046 799 2072 ex
826 2032 916 2087 ejus
947 2033 1275 2074 assentatoribus
1295 2034 1540 2086 Damocles,

107 2096 461 2128 commemoraret
480 2088 522 2128 in
544 2102 735 2128 sermone
755 2089 896 2143 copias
918 2088 1023 2145 ejus,
1044 2104 1160 2145 opes,
1177 2089 1441 2146 majestatem
1463 2091 1541 2132 do—

106 2142 306 2193 minatus,
328 2158 466 2184 rerum
496 2144 812 2195 abundantiam,
835 2145 1191 2200 magnificentiam
1220 2146 1374 2187 aedium
1400 2147 1540 2202 regia-

106 2213 200 2239 rum
222 2216 234 2250 3
277 2209 535 2255 negaretque
572 2215 774 2256 uniquam
814 2201 1046 2242 beatiorem
1086 2216 1341 2258 quemquam
1382 2203 1509 2244 fuisse
1529 2221 1538 2244 :

113 2255 235 2297 Visne
262 2256 407 2313 igitur,
437 2257 588 2312 inquit,
618 2257 827 2308 Damocle,
851 2257 1040 2313 quoniam
1067 2258 1154 2298 lzoec
1182 2266 1220 2299 te
1246 2259 1332 2300 vita
1351 2258 1540 2311 delectat,

1550 977 1600 1018 59

149 2364 189 2390 68
213 2361 342 2390 credebat
357 2371 384 2390 se
400 2372 493 2390 eorum
510 2361 629 2399 nemini]
645 2362 758 2390 Addidi
775 2373 802 2390 se

104 2411 123 2431 e
139 2401 202 2432 Ms.
218 2403 338 2440 Guelf.,
351 2406 435 2442 quod
451 2411 481 2434 et
497 2404 657 2434 Bentleius
674 2404 704 2433 in
723 2404 801 2433 libro

105 2453 166 2475 scr.
183 2447 292 2484 reperit
314 2453 345 2476 et
364 2448 460 2476 edidit
484 2447 642 2477 Davisius.
667 2457 743 2476 mox
760 2446 802 2476 his

106 2497 163 2526 pro
178 2487 214 2516 iis
230 2489 337 2518 iidem.

150 2536 190 2562 69
228 2542 433 2571 quos—servos
469 2531 626 2571 delegerat]
659 2532 802 2563 Verbum

106 2583 202 2602 servos
228 2574 308 2603 mihi
334 2574 469 2612 glossam
492 2576 583 2614 sapit.
607 2585 682 2605 nam
698 2586 802 2606 servos

107 2615 214 2651 fuisse,
233 2617 326 2649 docet
343 2617 411 2654 jam
437 2629 472 2646 ex
487 2617 633 2656 familiis,
659 2619 735 2648 item
754 2629 804 2649 se·

108 2659 247 2696 quentia.

152 2706 191 2735 70
203 2701 317 2740 fissam
344 2701 436 2730 laram
465 2702 623 2732 cubiculari
651 2703 720 2732 lem
744 2703 802 2732 cir-

109 2743 304 2782 cumdedisset]
325 2744 495 2774 cubiculari
518 2744 587 2774 lecto
610 2746 667 2776 int.
683 2756 748 2776 non
765 2747 803 2776 de

107 2784 190 2820 lecto
208 2786 274 2825 ipso
297 2788 329 2816 in
352 2787 524 2817 cubiculo:
549 2797 625 2819 nam
640 2789 803 2828 quomodo

845 2361 886 2390 ibi
905 2362 986 2391 fossa
1003 2361 1064 2391 lata
1078 2362 1142 2391 fieri
1158 2363 1320 2401 potuisset,
1334 2365 1387 2394 sed
1403 2366 1441 2395 de
1457 2373 1541 2405 parte

845 2405 976 2440 aedium,
990 2405 1021 2434 in
1038 2415 1102 2443 qua
1116 2405 1304 2436 cubiculum
1322 2407 1412 2443 illud,
1427 2409 1459 2437 in
1476 2419 1541 2448 quo

846 2446 945 2476 lectus
961 2447 1090 2486 genialis
1109 2455 1199 2478 esset.

889 2497 924 2525 71
952 2497 1088 2530 gyrannus
1103 2491 1162 2529 ipse
1175 2491 1344 2531 judicavit]
1365 2493 1540 2524 Lambinus

844 2542 923 2562 corr.
948 2533 1106 2568 indicavit,
1123 2535 1206 2572 quod
1229 2540 1260 2563 et
1283 2537 1423 2574 probavit
1447 2537 1541 2566 Bent-

846 2575 937 2611 leius,
953 2577 1109 2615 ediditque
1134 2577 1280 2607 Davisius
1297 2579 1345 2607 ed.
1364 2587 1393 2609 9..
1414 2590 1479 2609 non
1495 2589 1541 2610 est

846 2628 982 2649 necesse.
1000 2629 1075 2648 nam
1092 2619 1179 2650 latini
1193 2621 1419 2659 saepejudicare
1431 2623 1541 2652 dicunt

845 2662 882 2691 de
899 2662 999 2697 factis,
1017 2662 1134 2700 quibus
1150 2662 1280 2701 aliquid,
1300 2664 1461 2701 judicium
1486 2674 1543 2694 no·

845 2711 959 2740 strum,
974 2705 1140 2741 indicatur,
1155 2715 1209 2744 per
1220 2716 1292 2745 quae
1309 2707 1542 2746 etjudiciafieri

845 2747 1006 2777 dicuntur.
1032 2758 1062 2777 v.
1086 2748 1175 2777 Clav.
1200 2749 1232 2778 in
1249 2749 1406 2788 judicium.
1421 2750 1540 2789 judie-1-

846 2789 895 2818 vit
910 2790 1005 2820 habet
1020 2797 1051 2820 et
1067 2790 1129 2820 Ms.
1148 2790 1254 2821 Guelf.
