1778 3095
561 116 737 153 LIBER
767 114 1075 152 QUARTUS.
1478 122 1551 163 189

128 219 232 261 illud
253 220 401 276 probo,
424 217 550 275 quod,
579 232 676 258 cum
708 217 923 268 docuistis,
954 225 1003 258 ut
1034 216 1148 256 vobis
1178 215 1389 268 videmini,
1416 220 1553 260 solum

127 277 287 318 bonum
318 291 406 318 esse
435 274 548 330 quod
578 274 803 314 honestum
838 273 905 324 sit,
935 281 1026 313 tum
1058 287 1221 312 rursum
1254 273 1406 323 dicitis,
1440 275 1556 316 initia

128 334 307 389 proponi
328 346 493 373 necesse
512 345 601 371 esse
621 339 733 385 apta,
764 339 806 371 et
836 329 1158 371 accommodata
1179 338 1353 379 naturae,
1374 344 1554 384 quorum

127 405 178 430 ex
199 390 422 431 selectione
450 387 576 428 virtus
608 387 741 442 possit
774 386 961 428 existere.
1000 400 1083 426 non
1117 385 1227 425 enim
1258 386 1301 426 in
1332 385 1556 428 selectione

130 447 257 488 virtus
277 444 471 501 ponenda
491 452 593 491 erat,
623 453 671 484 ut
699 443 742 484 id
775 443 930 498 ipsum,
961 442 1076 498 quod
1107 450 1195 482 erat
1225 442 1434 482 bonorum
1455 443 1558 484 ulti-

130 518 261 553 mum,
289 500 402 541 aliud
430 499 589 555 aliquid
619 500 866 555 acquireret.
900 514 994 540 nam
1028 499 1183 548 omnia,
1214 513 1307 553 quae
1339 499 1558 551 sumenda,

129 572 306 615 quaeque
326 556 503 612 legenda
525 567 597 597 aut
619 555 802 612 optanda
830 566 940 608 sunt,
970 556 1103 596 inesse
1131 555 1288 596 debent
1317 554 1359 595 in
1391 571 1559 597 summa

129 617 352 664 bonorum,
373 622 420 654 ut
441 614 488 664 is,
511 614 583 668 qui
604 628 696 654 eam
718 613 895 668 adeptus
917 613 985 662 sit,
1000 611 1105 653 nihil
1121 621 1323 667 praeterea
1343 612 1557 654 defideret.

129 670 328 720 Videsne,
349 679 411 720 ut,
433 670 586 725 quibus
606 685 772 711 summa
792 679 855 710 est
876 670 917 710 in
947 668 1178 724 voluptate,
1199 669 1467 724 perspicuum
1488 670 1556 720 sit,

129 727 232 783 quid
252 727 301 767 iis
322 727 560 768 faciendum
583 727 650 777 sit,
667 736 740 767 aut
757 741 838 767 non
857 725 1095 767 faciendum
1115 727 1127 766 ?
1161 734 1209 766 ut
1228 740 1354 766 nemo
1376 725 1557 777 dubitet,

127 798 276 824 eorum
295 784 437 824 omnia
470 783 605 824 officia
637 798 721 839 quo
753 791 953 838 spectare,
986 782 1086 838 quid
1117 782 1249 838 sequi,
1280 781 1381 838 quid
1411 782 1558 838 fugere

129 840 325 881 debeant.
385 840 448 881 Sit
474 840 556 881 hoe
585 841 785 881 ultimum
814 840 1040 890 bonorum,
1070 839 1185 894 quod
1215 854 1325 880 nunc
1346 854 1371 879 a
1389 853 1457 879 me
1483 839 1557 881 de-

128 897 325 938 fenditur.
345 906 519 952 apparet
539 897 695 947 statim,
716 911 811 952 quae
831 895 913 936 sint
933 896 1083 946 officia,
1100 911 1194 951 quae
1216 896 1416 937 actiones.
1436 904 1474 930 93
1486 911 1559 937 vos

128 963 287 1004 autem,
309 954 460 1010 quibus
483 950 585 994 nihil
611 963 674 994 est
700 953 815 994 aliud
842 952 1121 1007 propositum,
1150 953 1227 993 nisi
1246 961 1410 993 rectum
1431 961 1559 1009 atque

129 1010 370 1062 honestum,
391 1010 503 1051 unde
519 1010 658 1061 officii,
679 1009 789 1051 unde
805 1008 959 1064 agendi
974 1009 1226 1064 principium
1244 1017 1453 1061 nascatur,
1474 1024 1560 1051 non

131 1067 358 1122 reperietis.
395 1068 495 1108 Hoc
514 1067 644 1122 igitur
661 1067 844 1123 quaeritis
860 1080 1021 1117 omnes,
1037 1076 1079 1106 et
1094 1066 1138 1116 ii,
1155 1065 1241 1122 qui,
1256 1066 1558 1122 quodcumque
1569 1080 1620 1120 47

130 1123 171 1164 in
190 1134 375 1164 mentem
396 1124 546 1174 veniat,
568 1132 640 1164 aut
659 1122 957 1180 quodcumque
974 1131 1180 1174 occurrat,
1194 1137 1237 1163 se
1255 1123 1375 1178 sequi
1394 1123 1557 1165 dicent:

134 1189 173 1214 94
184 1190 228 1221 et
248 1195 319 1221 vos
340 1179 393 1221 ad
414 1191 604 1221 naturam
637 1179 902 1221 revertimini.
932 1179 1084 1235 quibus
1105 1187 1253 1220 natura
1266 1178 1364 1235 jure
1386 1193 1561 1236 respon-

132 1237 253 1288 derit,
274 1252 357 1277 non
379 1252 468 1278 esse
490 1252 646 1287 verum,
668 1236 836 1278 aliunde
859 1236 982 1277 finem
1004 1237 1126 1277 beate
1145 1235 1321 1288 vivendi,
1337 1251 1362 1277 a
1381 1251 1425 1278 se
1446 1237 1562 1293 prin-

131 1295 239 1349 cipia
272 1293 332 1334 rei
363 1293 559 1348 gerendae
594 1294 707 1348 peti:
736 1308 825 1333 esse
857 1293 966 1333 enim
998 1307 1125 1333 unam
1157 1293 1378 1344 rationem,
1410 1309 1494 1349 qua
1520 1303 1564 1335 et

131 1350 334 1405 principia
354 1365 491 1391 rerum
510 1349 784 1405 agendarum,
813 1359 855 1390 et
885 1349 1035 1390 ultima
1062 1350 1272 1390 bonorum
1292 1350 1561 1392 contineren-

133 1416 231 1447 tur:
264 1416 405 1461 atque,
438 1416 486 1447 ut
516 1406 726 1447 Aristonis
762 1415 872 1447 esset
903 1406 1074 1460 explosa
1109 1407 1331 1457 sententia,
1368 1406 1560 1459 dicentis,

133 1463 237 1503 nihil
257 1462 420 1503 differre
442 1463 557 1504 aliud
578 1463 629 1502 ab
650 1464 749 1513 alio,
772 1477 847 1503 nec
864 1477 953 1502 esse
974 1477 1039 1503 res
1060 1462 1181 1513 ullas,
1203 1472 1354 1518 praeter
1374 1463 1559 1516 virtutes,
1572 1481 1602 1510 p.
1620 1477 1689 1506 117-

131 1528 173 1560 et
193 1519 304 1569 vitia,
337 1518 446 1560 inter
478 1533 580 1574 quas
615 1519 847 1574 quidquam
880 1519 1053 1559 omnino
1083 1518 1404 1570 interesset,·sic
1425 1525 1602 1562 errarea·

134 1577 369 1626 Zenonem,
391 1576 465 1631 qui
489 1575 604 1616 nulla
632 1576 675 1616 in
704 1590 762 1625 re,
793 1575 871 1616 nisi
893 1576 983 1615 95in
1004 1576 1169 1625 virtute,
1196 1576 1286 1630 [aut
1304 1576 1422 1630 vitio]
1430 1608 1441 1627 ,
1463 1592 1562 1632 pro-

130 1631 392 1688 pensionem,
414 1647 466 1673 ne
488 1631 650 1672 minimi
666 1632 837 1688 quidem
853 1632 1072 1683 momenti,
1094 1632 1147 1672 ad
1169 1647 1384 1673 summum
1404 1634 1560 1675 bonum

132 1688 449 1745 adipiscendum
469 1703 560 1730 esse
582 1689 764 1730 diceret:
794 1697 850 1739 et,
876 1703 975 1730 cum
1006 1688 1058 1729 ad
1080 1689 1248 1730 beatam
1270 1689 1397 1731 vitam
1420 1696 1458 1723 96
1468 1691 1563 1732 nul-

132 1745 223 1787 lum
262 1756 529 1787 momentum
570 1760 620 1786 ea
657 1760 721 1788 res
759 1745 944 1796 haberet,
983 1745 1037 1786 ad
1076 1746 1380 1800 appetitionem
1421 1756 1564 1788 autem

133 1817 288 1853 rerum,
308 1817 399 1843 esse
419 1803 461 1843 in
482 1803 545 1843 his
576 1811 792 1843 momenta
820 1802 977 1843 diceret
996 1818 1004 1842 :
1035 1802 1154 1858 quasi
1176 1818 1270 1844 vero
1288 1803 1380 1844 haee
1400 1804 1564 1859 appeti-

134 1859 194 1900 tio
217 1874 299 1899 non
319 1859 372 1899 ad
393 1859 549 1900 summi
567 1859 669 1900 boni
689 1858 955 1914 adeptionem
984 1859 1224 1914 pertineret.
1283 1859 1399 1917 Quid
1420 1870 1564 1901 autem
1576 1873 1628 1907 48

134 1915 274 1957 minus
295 1925 624 1956 oonsentaneum
645 1924 722 1966 est,
743 1931 885 1971 quam,
909 1915 1024 1972 quod
1044 1916 1176 1968 aiunt,
1199 1918 1374 1972 cognito
1395 1932 1565 1958 summo

135 1972 265 2023 bono,
287 1973 435 2013 reverti
465 1987 508 2013 se
540 1973 593 2013 ad
630 1982 835 2024 naturam,
862 1981 909 2013 ut
936 1973 989 2014 ab
1021 1988 1071 2014 ea
1102 1982 1248 2029 petant
1277 1973 1429 2029 agendi
1449 1974 1566 2030 prin-

135 2028 309 2084 cipium,
340 2029 382 2069 id
413 2037 489 2079 est,
516 2029 672 2070 officii?
706 2031 808 2071 Non
842 2029 953 2070 enim
989 2030 1165 2071 actionis
1196 2040 1269 2072 aut
1300 2030 1425 2072 officii
1460 2031 1567 2072 ratio

135 2085 315 2140 impellit
335 2086 388 2126 ad
409 2100 473 2135 ea,
496 2101 589 2141 quae
613 2085 844 2127 secundum
862 2096 1053 2127 naturam
1071 2097 1182 2139 sunt,
1202 2087 1463 2143 appetenda:
1492 2088 1567 2129 sed

136 2142 189 2183 ab
211 2142 276 2183 his
295 2150 337 2182 et
358 2142 562 2198 appetitio
583 2152 624 2184 et
645 2143 755 2183 actio
776 2153 1079 2185 commovetur.

193 2200 322 2240 Nunc
352 2199 472 2241 venio
504 2199 557 2240 ad
593 2199 664 2240 illa
696 2209 768 2241 tua
798 2200 951 2248 brevia,
980 2215 1074 2256 quae
1104 2201 1364 2242 consectaria
1392 2216 1482 2242 esse
1502 2201 1566 2243 di·
1584 2201 1649 2250 18

135 2256 289 2297 cebas:
321 2264 364 2297 et
382 2256 566 2312 primum
588 2256 706 2307 illud,
729 2271 813 2312 quo
840 2256 943 2296 nihil
972 2266 1113 2312 potest
1141 2272 1233 2298 esse
1262 2258 1454 2299 brevius:
1482 2259 1569 2299 Bo-

135 2327 237 2353 num
271 2327 410 2364 omne,
447 2313 656 2354 laudabile
673 2329 684 2364 ;
716 2312 927 2354 laudabile
963 2321 1102 2354 autem
1136 2328 1276 2365 omne,
1313 2314 1567 2356 honestum:

136 2369 265 2425 igitur
295 2384 421 2411 omne
450 2370 627 2422 bonum,
658 2371 899 2411 honestum.
961 2370 998 2411 Ο
1027 2370 1273 2425 plumbeum
1305 2371 1566 2427 pugionem!

179 2512 218 2538 93
242 2505 324 2536 vobis
346 2505 454 2544 autem]
484 2507 667 2546 Legendum
692 2513 738 2537 est
763 2507 830 2537 sine
919 2514 956 2539 95
982 2506 1013 2535 in
1042 2505 1156 2536 virtute
1193 2512 1245 2536 aut
1282 2505 1372 2545 vitio]
1411 2513 1464 2536 aut
1493 2507 1570 2536 viti·

135 2548 232 2579 dubio
247 2559 299 2578 vos
314 2556 420 2580 autem.
442 2559 518 2580 nam
533 2550 738 2589 conjungitur
753 2560 831 2580 cum
875 2549 1021 2589 spurium
1056 2556 1126 2579 est:
1160 2556 1196 2578 ut
1230 2555 1260 2578 et
1298 2549 1445 2579 Davisius
1481 2551 1570 2580 vidit.

138 2602 190 2620 non
206 2592 363 2631 reperietis.
876 2602 953 2623 nam
988 2602 1120 2622 sensum
1159 2593 1232 2622 facit
1256 2593 1443 2624 absurdum.
1478 2594 1569 2623 uncis

181 2642 221 2667 94
244 2641 272 2664 et
286 2645 336 2664 vos
352 2635 393 2664 ad
405 2642 540 2666 naturam
557 2634 755 2676 revertimini]
769 2637 832 2666 Ex·
876 2637 969 2675 igitur
985 2636 1111 2666 inclusi.

137 2677 247 2707 cidisse
261 2679 384 2708 videtur
406 2679 479 2720 qui:
504 2686 532 2708 et
559 2690 611 2708 ‘vos
633 2678 684 2720 qui
706 2690 735 2709 a.
759 2690 788 2709 n.
806 2691 831 2710 r.
918 2684 957 2712 96
980 2678 1092 2708 nullum
1115 2684 1285 2708 momentum
1307 2690 1341 2707 ea
1369 2689 1412 2708 res
1439 2677 1567 2715 haberet]

139 2721 303 2759 respondet
324 2722 475 2761 superiori
501 2729 528 2752 et
556 2721 591 2759 ii,
622 2722 673 2763 qui
701 2724 760 2752 &c.
786 2723 830 2752 sic
877 2722 960 2752 Quae
984 2731 1060 2752 nam
1087 2731 1134 2751 res
1157 2722 1210 2751 hic
1233 2721 1462 2760 intelligenda?
1487 2728 1570 2751 recte

140 2762 259 2801 placuit
288 2771 318 2794 et
345 2765 514 2802 Lambino,
545 2765 687 2802 Davisio,
718 2766 772 2804 qui
803 2772 834 2795 et
876 2765 1025 2795 Davisius
1055 2764 1181 2803 corrigit
1218 2772 1320 2794 ceterae
1351 2775 1393 2793 res
1427 2764 1569 2794 haberent.

140 2807 325 2835 revertemini
349 2809 460 2847 corrigi
484 2808 565 2845 vult,
588 2809 681 2845 bene,
697 2809 772 2847 quia
788 2818 835 2839 re·
878 2808 939 2838 Cui
963 2809 1045 2837 bene
1070 2808 1234 2847 respondet
1260 2816 1339 2837 mox
1363 2806 1416 2837 his.
1441 2817 1517 2837 mox
1540 2812 1570 2836 et

142 2848 273 2887 spondet
289 2851 328 2888 τῷ
344 2850 448 2881 dicent.
881 2860 936 2891 pto
951 2857 1048 2880 autem
1064 2850 1237 2889 legendum
1253 2857 1358 2879 tamen.
