1778 3095
567 139 753 178 LIBER
784 139 1025 178 PRIMUS.
1431 146 1506 186 543

79 260 224 294 turum
243 250 310 302 sit,
325 249 549 307 ignorant3
575 255 648 289 aut
663 246 916 297 existimant,
934 247 1037 289 nihil
1056 246 1253 288 interesse
1271 245 1509 299 hominum,

82 309 203 358 scire,
233 307 334 364 quid
374 307 564 348 futurum
594 304 672 354 sit3
712 311 785 343 aut
815 316 899 343 non
928 312 1114 354 censent,
1142 317 1232 344 esse
1261 317 1348 343 suae
1377 304 1510 360 maje-

83 364 218 414 statis,
248 362 566 419 praesignificare
596 359 855 408 hominibus,
884 373 978 413 quae
1008 369 1106 400 sunt
1142 361 1311 409 futura3
1361 369 1434 399 aut
1462 374 1511 401 ea
1522 376 1555 405 p.
1568 374 1617 401 98.

85 434 137 460 ne
173 420 252 475 ipsi
281 419 449 475 quidem
480 416 538 458 dii
566 415 801 471 significare
829 424 1019 470 possunt.
1075 416 1137 455 At
1166 429 1300 470 neque
1329 429 1414 455 non
1448 415 1551 455 di-a·

77 475 220 530 ligunt
237 489 312 516 nos
328 491 340 526 ς
372 481 468 515 sunt
492 472 604 513 enim
630 471 818 522 benefici,
846 471 1075 526 generique
1105 469 1327 512 hominum
1357 470 1509 512 amici:

85 546 222 587 neque
259 532 455 586 ignorant
492 543 554 579 ea,
593 543 686 583 quae
728 527 780 568 ab
814 527 914 582 ipsis
948 527 1178 568 constituta
1215 536 1258 567 et
1296 527 1516 582 designata

86 597 198 629 sunt.
237 600 369 642 neque
406 593 548 626 nostra
585 584 689 625 nihil
714 583 912 633 interest,
942 583 1046 624 scire
1083 597 1147 633 ea,
1185 597 1280 638 quae
1320 591 1515 624 eventura

86 652 208 694 sunt,
240 643 393 684 erimus
421 641 533 682 enim
562 641 784 691 cautiores,
816 640 849 680 si
877 639 1069 680 sciemus.
1125 640 1278 694 Neque
1307 638 1390 679 hoc
1415 639 1515 680 alie·
1529 654 1577 686 83

85 715 187 741 num
216 697 376 740 ducunt
404 698 623 754 majestate
642 711 744 738 sua:
776 695 879 736 nihil
906 705 970 737 est
988 695 1098 736 enim
1118 695 1390 735 beneficentia
1408 709 1516 750 prae-

84 755 289 797 stantius:
322 768 456 810 neque
484 768 568 794 non
595 760 771 809 possunt
803 752 945 793 futura
972 765 1246 807 praenoscere.
1303 753 1406 793 Non
1436 752 1518 806 igi-

84 820 156 853 tur
185 819 281 852 sunt
309 811 381 862 dii,
401 825 478 851 nec
508 810 744 865 significant
768 808 922 849 futura.
982 809 1089 850 Sunt
1108 816 1248 849 autem
1271 807 1356 849 dii:
1388 807 1519 863 signi-

86 867 210 908 ficant
247 881 365 922 ergo.
424 868 494 917 Et,
524 881 608 907 non
646 866 681 907 si
709 865 959 920 significant,
990 864 1124 905 nullas
1154 864 1237 905 vias
1267 863 1368 905 dant
1397 863 1521 905 nobis

83 923 137 964 ad
163 922 479 979 significationis
501 921 717 963 scientiam
738 937 747 961 z
780 920 933 961 frustra
951 921 1062 960 enim
1083 920 1367 975 significarent
1385 937 1395 961 :
1426 934 1518 971 nec,

86 980 120 1019 si
143 980 244 1021 dant
263 979 360 1029 vias,
379 993 461 1019 non
484 986 548 1019 est
566 976 762 1018 divinatio
781 993 791 1016 ε
820 985 885 1017 est
911 976 1041 1031 igitur
1067 976 1278 1017 divinatio.
1336 978 1431 1018 Hac
1452 991 1518 1018 ra·
1531 974 1604 1030 39

85 1036 200 1079 tione
219 1043 261 1076 et
282 1034 562 1090 Chrysippus,
581 1041 624 1074 et
642 1034 876 1088 Diogenes,
896 1043 938 1073 et
955 1032 1178 1087 Antipater
1197 1033 1344 1074 utitur.
1403 1032 1520 1075 Quid
1533 1047 1584 1081 84

85 1101 150 1134 est
177 1091 320 1148 igitur,
342 1105 417 1131 cur
445 1089 726 1131 dubitandum
757 1090 823 1139 sit,
846 1089 947 1145 quin
977 1089 1060 1131 sint
1088 1104 1151 1139 ea,
1172 1104 1266 1145 quae
1298 1088 1520 1144 disputavi,

85 1147 310 1194 verissima.
342 1146 376 1188 si
405 1147 512 1187 ratio
542 1160 710 1187 mecum
741 1145 854 1196 facit,
876 1145 911 1185 si
939 1155 1098 1196 eventa,
1127 1145 1161 1186 si
1190 1145 1351 1201 populi,
1383 1145 1417 1186 si
1447 1160 1522 1186 na-

87 1203 239 1253 tiones,
270 1204 303 1244 si
324 1203 478 1253 Graeci,
508 1203 542 1243 si
571 1202 750 1252 barbari,
778 1202 813 1242 si
841 1202 1022 1258 majores
1049 1202 1176 1243 etiam
1205 1202 1352 1253 nostri,
1384 1201 1418 1242 si
1448 1201 1522 1242 de·-

87 1258 214 1316 nique
244 1260 326 1301 hoc
355 1272 519 1314 semper
545 1259 604 1299 ita
633 1266 828 1314 putatum
857 1267 936 1308 est,
965 1258 999 1299 si
1024 1258 1179 1300 summi
1207 1257 1465 1313 philosophi,
1487 1258 1524 1300 si

86 1322 242 1371 poe'tae,
274 1316 307 1356 si
346 1314 641 1370 sapientissimi
669 1314 758 1365 viri,
797 1314 869 1370 qui
909 1315 1163 1370 respublicas
1202 1315 1525 1366 constituerunt,

90 1373 163 1428 qui
201 1373 324 1413 urbes
361 1370 668 1413 condiderunt?
727 1386 795 1421 an,
835 1370 938 1412 dum
982 1371 1127 1412 bestiae
1168 1370 1409 1426 loquantur,
1454 1385 1527 1411 ex·-

88 1437 342 1484 spectamus,
371 1428 594 1470 hominum
629 1427 915 1471 consentiente
945 1427 1193 1469 auctoritate
1221 1427 1410 1469 contenti
1440 1441 1526 1468 non

90 1499 237 1526 sumus
257 1487 270 1526 ?
565 1511 568 1513 Α
981 1518 983 1521 ,

146 1543 241 1583 Nec
262 1556 358 1583 vero
387 1540 618 1597 quidquam
647 1540 760 1583 aliud
791 1540 974 1592 affertur,
998 1555 1073 1582 cur
1100 1555 1164 1592 ea,
1195 1555 1288 1597 quae
1320 1540 1429 1592 dico,
1460 1540 1524 1582 di·
1537 1551 1586 1584 85

90 1597 257 1639 vinandi
283 1612 451 1653 genera,
474 1598 588 1639 nulla
611 1598 720 1639 sint:
749 1597 841 1648 nisi,
873 1597 987 1654 quod
1016 1597 1183 1639 difficile
1214 1598 1330 1639 dictu
1349 1597 1526 1649 videtur,

89 1668 185 1709 quae
206 1653 409 1710 cujusque
429 1653 692 1695 divinationis
721 1654 842 1705 ratio,
864 1669 959 1709 quae
987 1668 1112 1695 causa
1140 1654 1207 1694 sit.
1265 1654 1384 1696 Quid
1413 1654 1528 1694 enim

89 1710 220 1751 habet
245 1711 465 1765 haruspex,
494 1725 568 1751 cur
599 1710 742 1765 pulmo
770 1710 924 1751 incisus
952 1711 1078 1752 etiarn
1106 1710 1148 1751 in
1174 1709 1295 1751 bonis
1327 1709 1431 1751 extis
1461 1709 1527 1750 di-

91 1767 216 1807 rimat
236 1775 419 1821 tempUS,
440 1775 483 1807 et
512 1767 699 1822 proferat
727 1765 873 1807 diem?
906 1766 1024 1823 Quid
1053 1780 1202 1821 augur,
1224 1781 1299 1807 cur
1328 1781 1352 1807 a
1381 1766 1529 1807 dextra

91 1837 255 1872 corvus,
277 1837 301 1863 a
325 1822 489 1863 sinistra
516 1823 660 1863 cornix
687 1823 814 1864 faciat
844 1824 1014 1864 ratum?
1047 1823 1150 1878 quid
1178 1822 1432 1877 astrologuS,
1453 1837 1528 1863 cur

92 1878 212 1920 stella
232 1878 360 1929 Jovis,
382 1887 455 1919 aut
475 1879 649 1921 Veneris
668 1879 894 1934 conjuncta
921 1894 1020 1920 cum
1049 1881 1171 1920 Luna
1200 1878 1255 1920 ad
1280 1887 1397 1920 ortus
1422 1892 1527 1934 pue-

91 1950 235 1977 rorum
259 1934 448 1976 salutaris
477 1935 559 1976 sit:
591 1935 759 1975 Saturni
789 1935 991 1976 Martisve
1015 1935 1253 1976 contraria?
1286 1950 1360 1976 cur
1385 1944 1530 1977 autem

93 1991 199 2032 deus
238 1990 491 2032 dormientes
527 2005 601 2032 nos
641 1999 824 2041 moneat,
854 1990 1073 2046 vigilantes
1111 1992 1329 2047 negligat?
1369 1999 1406 2023 21
1427 1991 1531 2047 quid

95 2047 246 2088 deinde
282 2062 420 2088 causae
450 2056 527 2098 est,
560 2062 633 2088 cur
665 2047 900 2088 Cassandra
928 2048 1069 2089 furens
1109 2048 1252 2089 futura
1289 2048 1529 2104 prospiciat,

96 2104 284 2145 Priamus
305 2104 466 2159 sapiens
488 2104 570 2144 hoc
591 2102 703 2143 idem
725 2104 860 2144 facere
884 2119 969 2145 non
995 2106 1152 2160 queat?
1187 2104 1276 2145 Cur
1306 2104 1378 2145 fiat
1405 2104 1528 2160 quid·
1541 2109 1593 2146 86

95 2175 191 2216 que,
223 2160 405 2215 quaeris?
446 2161 575 2201 Recte
606 2160 793 2201 omnino.
824 2160 899 2201 sed
932 2175 1017 2201 non
1047 2175 1157 2201 nunc
1189 2160 1232 2200 id
1258 2160 1413 2215 agitur.
1443 2160 1573 2212 fiat,b·

93 2231 226 2257 necne
248 2217 331 2266 fiat,
352 2216 396 2257 id
425 2216 639 2272 quaeritur.
659 2225 708 2257 ut
734 2216 767 2256 si
788 2225 1030 2272 magnetem
1050 2216 1234 2272 lapidem
1265 2231 1354 2257 esse
1375 2216 1529 2268 dicam,

95 2273 168 2329 qui
198 2273 353 2314 ferrum
384 2272 437 2313 ad
467 2287 511 2313 se
541 2272 695 2313 alliciat
723 2281 766 2313 et
794 2273 960 2324 trahat3
1009 2273 1230 2323 rationem,
1261 2287 1336 2313 cur
1364 2272 1406 2313 id
1443 2273 1530 2324 fiat,

94 2329 240 2371 afferre
267 2343 498 2385 nequeam:
531 2328 617 2369 fieri
648 2328 821 2369 omnino
850 2343 993 2384 neges.
1052 2329 1181 2385 Quod
1210 2328 1323 2370 idem
1354 2329 1456 2370 facis
1487 2329 1532 2371 in

97 2385 362 2427 divinatione.
382 2400 509 2441 quam
529 2393 572 2426 et
600 2385 810 2426 cernimus
843 2385 936 2440 ipsi,
969 2393 1011 2426 et
1036 2385 1244 2436 audimus,
1265 2395 1310 2427 et
1333 2386 1532 2441 legimus,
1552 2413 1555 2417 -

98 2448 142 2482 et
171 2456 195 2482 a
222 2442 410 2497 patribus
440 2441 702 2496 accepimus:
733 2455 868 2496 neque
899 2450 995 2483 ante
1026 2441 1338 2497 philosophiam
1372 2443 1533 2497 patefa-

98 2506 226 2548 ctam,
248 2512 341 2555 quae
362 2513 495 2553 nuper
514 2498 679 2538 inventa
698 2507 776 2548 est,
798 2498 876 2538 hac
896 2497 949 2538 de
976 2512 1020 2539 re
1041 2499 1279 2539 communis
1300 2498 1383 2539 vita
1408 2498 1532 2539 dubi-

96 2553 225 2594 tavit:
265 2562 307 2593 et
342 2563 500 2609 postea,
534 2569 662 2609 quam
696 2553 966 2609 philosophia
993 2555 1210 2609 processit,
1248 2569 1373 2595 nemo
1410 2554 1532 2595 aliter

98 2609 376 2664 philosophus
402 2611 541 2660 sensit,
564 2610 606 2651 in
637 2625 722 2665 quo
751 2609 881 2651 modo
911 2620 1020 2651 esset
1049 2612 1291 2652 auctoritas.
1347 2611 1449 2652 Dixi
1478 2611 1530 2651 de
1544 2622 1592 2662 87

102 2665 359 2722 Pythagora,
391 2665 442 2707 de
472 2666 737 2718 Democrito,
769 2666 822 2707 de
854 2667 1055 2709 Socrate:
1086 2667 1230 2723 excepi
1259 2667 1310 2708 de
1334 2667 1531 2722 antiquis,

145 2785 181 2809 21
208 2778 281 2819 quid
299 2778 327 2807 d.
352 2788 446 2808 causae
468 2776 521 2819 sit]
546 2780 584 2808 sit
608 2780 727 2811 habent
756 2780 794 2811 li-
837 2780 910 2822 quid
921 2781 1005 2812 habe!
1020 2782 1175 2823 haruspex,
1192 2788 1223 2813 et
1240 2781 1335 2812 habet
1353 2781 1417 2813 Ms.
1434 2782 1466 2811 in
1487 2789 1534 2810 m.

100 2820 145 2850 bri
162 2831 284 2851 omnes.
329 2822 487 2851 Victorius
508 2828 614 2852 tamen
637 2824 733 2854 edidit
753 2830 795 2853 est
838 2824 886 2856 ed.
906 2824 939 2856 L.

103 2865 141 2894 de
162 2864 353 2903 conjectura.
369 2865 460 2897 bene,
478 2874 555 2896 narn
577 2872 607 2896 et
628 2875 722 2905 supra
736 2873 793 2904 est,
