1778 3095
211 68 292 106 336
558 68 819 119 TUSCUL.
849 68 1293 110 QUAESTIONUM

210 171 296 213 cies
329 173 566 229 cujuspiam
598 183 675 226 est,
698 174 813 232 quod
843 175 1003 216 bonum
1037 175 1240 226 videatur,
1260 176 1315 217 ad
1343 174 1388 217 id
1413 175 1650 233 adipiscen-

210 227 314 269 dum
344 230 528 286 impellit
547 231 638 287 ipsa
669 241 832 273 natura.
862 231 906 272 id
938 247 1036 273 cum
1067 242 1307 274 constanter
1334 232 1648 290 prudenterque

213 284 274 336 fit,
296 285 508 342 ejusmodi
539 288 841 344 appetitionem
874 288 1008 329 Stoici
1029 289 1200 340 βούλησιν
1221 289 1449 345 appellant,
1470 305 1544 331 nos
1575 305 1649 347 ap-

206 342 419 397 ‚pellamus
448 345 726 386 voluntatem.
755 359 848 385 eam
881 345 942 385 illi
974 354 1125 399 putant
1145 346 1186 387 in
1210 346 1301 387 solo
1322 360 1414 387 esse
1443 346 1648 401 sapiente,

211 413 339 455 quam
371 401 431 442 sic
464 401 681 443 definiunt.
713 401 906 442 voluntas
934 411 1012 451 est,
1034 417 1125 457 quae
1150 403 1250 458 quid
1273 417 1370 444 cum
1392 403 1551 444 ratione
1571 402 1647 444 de-

209 456 381 512 siderat.
413 472 508 513 quae
529 468 688 507 autem,
712 466 748 492 19
763 457 924 498 ratione
943 457 1127 509 adversa,
1146 459 1319 501 incitata
1337 468 1400 500 est
1419 459 1647 500 vehemen-

209 512 308 564 tius,
338 527 388 555 ea
414 514 548 555 libido
569 525 646 564 est,
668 514 731 554 vel
753 513 960 567 cupiditas
989 514 1217 557 effrenata:
1250 530 1345 572 quae
1377 516 1417 556 in
1447 516 1646 558 omnibus

152 576 196 609 13
211 569 349 610 stultis
370 571 589 612 invenitur.
650 570 859 625 Itemque,
880 583 978 610 cum
999 570 1059 612 ita
1077 586 1308 624 movemur,
1329 582 1376 615 ut
1394 573 1437 613 in
1456 573 1571 613 bono
1593 573 1650 614 si-

82 634 113 664 Ρ·
127 631 305 667 212·mus
324 626 481 683 aliquo,
502 626 727 682 dupliciter
747 626 788 666 id
810 626 1036 683 contingit.
1065 643 1160 668 nam
1182 643 1280 670 cum
1302 630 1462 670 ratione
1482 629 1648 673 animus

171 677 403 724 ³·movetur
420 683 586 739 placide
620 692 748 738 atque
777 691 1030 734 constanter,
1053 692 1143 725 tum
1171 684 1278 726 illud
1306 686 1513 741 gaudium
1542 685 1649 726 dici·

207 747 290 780 tur.
320 754 419 780 cum
451 750 593 781 autem
621 739 802 781 inaniter
821 749 864 781 et
883 740 1014 781 effuse
1043 740 1208 781 animus
1238 742 1434 793 exsultat,
1454 752 1547 784 tum
1575 741 1648 784 illa

205 795 354 837 laetitia
378 797 579 851 gestiens,
601 796 665 837 vel
698 796 826 838 nimia
859 796 942 838 dici
978 806 1146 852 potest3
1182 812 1310 853 quam
1341 798 1399 839 ita
1428 799 1648 851 definiunt,

205 851 294 893 sine
328 854 490 894 ratione
522 853 652 894 animi
683 853 922 894 elationem.
955 854 1254 911 quoniamque,
1276 863 1323 895 ut
1357 855 1468 896 bona
1498 864 1649 897 natura

204 908 461 964 appetimus,
484 909 542 951 sic
562 925 587 951 a
606 909 726 951 malis
750 919 898 952 natura
914 909 1174 952 declinamus
1192 928 1200 950 ε
1234 919 1275 943 20
1289 926 1384 966 quae
1405 910 1646 963 declinatio,

203 979 303 1006 cum
324 967 485 1007 ratione
506 966 592 1018 fiet,
612 967 753 1008 cautio
774 966 1021 1022 appelletur,
1044 982 1178 1024 eaque
1209 967 1470 1024 intelligatur
1489 967 1532 1008 in
1553 969 1647 1010 solo

205 1036 297 1063 esse
317 1023 530 1079 sapiente:
563 1039 657 1080 quae
679 1032 822 1064 autem
845 1024 933 1064 sine
955 1024 1130 1075 ratione,
1152 1034 1194 1065 et
1214 1039 1313 1065 cum
1339 1025 1647 1067 exanimatione

204 1078 372 1130 humili,
392 1089 518 1136 atque
539 1080 685 1131 fracta,
708 1080 949 1121 nominetur
969 1090 1122 1122 metus.
1153 1092 1216 1122 est
1247 1081 1378 1136 igitur
1403 1090 1558 1132 metus,
1579 1096 1645 1122 ra-

203 1136 319 1177 tione
342 1136 526 1188 adversa,
547 1137 702 1178 cautio.
735 1145 771 1168 21
790 1137 1005 1191 praesentis
1025 1146 1166 1178 autem
1189 1138 1302 1188 mali,
1325 1138 1522 1193 sapientis
1543 1138 1656 1179 affe-v

146 1202 194 1236 14
204 1193 305 1245 ctio,
327 1194 443 1236 nulla
461 1202 538 1234 est.
600 1194 728 1235 Stulti
747 1204 890 1235 autem
913 1193 1122 1248 aegritudo
1143 1204 1208 1235 est
1228 1208 1290 1244 ea,
1309 1209 1392 1249 qua
1411 1194 1650 1236 afficiuntur

201 1249 246 1291 in
276 1251 398 1292 malis
430 1250 626 1306 opinatis,
657 1250 907 1305 animosque
939 1250 1184 1300 demittunt,
1212 1260 1254 1291 et
1282 1249 1554 1301 contrahunt,
1579 1265 1647 1292 ra-

198 1306 306 1347 tioni
328 1322 412 1348 non
434 1307 790 1362 obtemperantes.
821 1306 964 1362 itaque
994 1307 1088 1348 haec
1119 1307 1255 1362 prima
1286 1306 1475 1348 definitio
1501 1316 1580 1358 est,
1598 1316 1648 1349 ut

200 1362 413 1418 aegritudo
444 1364 498 1405 sit
528 1363 671 1414 animi,
692 1363 936 1405 adversante
962 1363 1138 1414 ratione,
1160 1364 1410 1405 contractio.
1441 1363 1501 1404 sic
1522 1372 1645 1420 quat-

200 1428 300 1460 tuor
329 1421 670 1476 perturbationes
702 1430 815 1471 sunt,
837 1429 922 1461 tres
953 1420 1217 1471 constantiae,
1238 1421 1440 1477 quoniam
1472 1420 1647 1476 aegritu-

202 1476 290 1518 dini
308 1477 424 1520 nulla
443 1477 682 1519 constantia
703 1476 945 1533 opponitur.

154 1532 184 1586 7
257 1533 342 1576 Sed
358 1549 505 1576 omnes
526 1535 863 1589 perturbationes
878 1533 1041 1590 judicio
1064 1541 1238 1575 censent
1258 1532 1345 1574 fieri
1367 1543 1410 1575 et
1430 1533 1644 1589 opinione.

200 1590 351 1647 Itaque
371 1606 442 1632 eas
463 1591 669 1632 definiunt
687 1590 882 1647 pressius,
905 1599 954 1632 ut
974 1590 1236 1645 intelligatur
1256 1604 1340 1630 non
1361 1589 1491 1632 modo
1513 1605 1642 1646 quam

198 1646 376 1699 vitiosae,
397 1647 471 1690 sed
492 1647 621 1688 etiam
652 1663 778 1704 quam
808 1647 851 1687 in
881 1655 1025 1688 nostra
1054 1646 1137 1686 sint
1167 1654 1392 1702 potestate.
1422 1656 1486 1688 est
1514 1647 1646 1703 igitur

198 1704 426 1759 aegritudo,
460 1704 606 1760 opinio
641 1718 785 1746 recens
819 1704 920 1745 mali
954 1703 1186 1759 praese11tiS‚
1223 1702 1265 1743 in
1296 1717 1382 1758 quo
1417 1713 1455 1736 22
1473 1703 1643 1746 demitti

197 1760 476 1817 contrahique
495 1761 638 1802 animo
669 1770 830 1802 rectum
863 1774 953 1801 esse
985 1759 1186 1801 videatur.
1218 1759 1380 1810 laetitia,
1403 1760 1547 1815 opinio
1577 1775 1644 1802 re-

197 1831 297 1862 cens
316 1818 419 1859 boni
441 1817 674 1874 praesentis,
695 1819 737 1859 in
758 1832 843 1873 quo
863 1816 1000 1858 efferri
1021 1824 1185 1857 rectum
1205 1830 1296 1857 esse
1317 1815 1519 1858 videatur.
1551 1831 1642 1858 me-

197 1882 281 1926 tus,
302 1874 447 1930 opinio
468 1874 750 1931 impendentis
770 1874 886 1924 mali,
906 1872 1021 1929 quod
1042 1872 1306 1914 intolerabile
1325 1886 1417 1914 esse
1441 1873 1642 1916 videatur.

195 1930 344 1983 libido,
376 1932 523 1987 opinio
555 1931 718 1973 venturi
749 1931 867 1981 boni,
901 1929 1016 1986 quod
1047 1929 1101 1970 sit
1134 1944 1185 1971 ex
1214 1945 1310 1980 usu,
1333 1929 1426 1986 jam
1457 1944 1642 1986 praesens

137 1995 182 2028 15
197 2002 289 2030 esse
308 1997 436 2045 atque
456 1989 615 2030 adesse.
676 1987 760 2029 Sed
782 2003 876 2044 quae
901 1986 1077 2043 judicia,
1098 2001 1287 2042 quasque
1308 1986 1528 2042 opiniones
1548 2001 1643 2043 per-

196 2045 486 2088 turbationum
507 2059 599 2086 esse
616 2044 716 2095 dixi,
737 2059 821 2085 non
843 2043 886 2086 in
905 2043 964 2085 eis
985 2043 1326 2099 perturbationes
1357 2044 1496 2085 solum
1526 2045 1641 2099 posi-

194 2110 260 2143 tas
280 2116 372 2143 esse
390 2102 554 2153 dicunt,
575 2109 614 2134 22³
630 2116 774 2144 verum
792 2101 865 2142 illa
884 2100 1027 2152 etiam,
1049 2115 1143 2156 quae
1163 2100 1400 2141 efficiuntur
1420 2101 1642 2155 perturba-

193 2158 398 2210 tionibus,
420 2169 469 2201 ut
490 2158 700 2215 aegritudo
723 2158 843 2214 quasi
864 2172 1055 2199 morsum
1076 2157 1259 2213 aliquem
1278 2156 1436 2198 doloris
1457 2157 1610 2198 efficiat
1626 2173 1638 2209 3

239 2301 278 2327 19
296 2293 404 2323 ratione
427 2293 567 2332 adversa]
588 2294 608 2323 ἰ.
625 2303 654 2323 e.
670 2300 781 2323 contra
803 2293 896 2323 ratio·
941 2292 975 2322 L.
993 2292 1052 2323 111.
1070 2291 1230 2322 Bentleius
1247 2292 1306 2331 legi
1323 2291 1449 2322 volebat
1471 2291 1595 2331 sapienti
1610 2299 1642 2323 et

194 2346 282 2367 nem.
327 2337 475 2367 Davisius
499 2338 532 2366 in
548 2338 597 2367 ed.
612 2345 675 2367 sec.
691 2336 776 2367 dedit
791 2346 896 2365 aversa
943 2344 1020 2365 mox
1036 2334 1143 2365 stultis.

194 2379 316 2416 ratione,
334 2386 370 2409 ut
385 2387 415 2410 et
434 2386 516 2419 post,
541 2389 637 2419 prope
660 2380 761 2410 tinem
785 2379 895 2418 capitis
983 2385 1021 2408 22
1053 2377 1168 2406 demitti
1195 2376 1382 2418 contrahique
1407 2375 1517 2416 animo]
1550 2377 1641 2408 Pear-

192 2423 313 2460 hujus:
344 2430 497 2453 neutrum
525 2424 617 2453 bene.
645 2422 817 2461 vulgatum
843 2430 896 2450 ve-

192 2475 265 2495 rum
290 2473 359 2503 est3
384 2466 594 2505 firmaturque
618 2475 668 2502 eo,
685 2466 771 2504 quod
793 2471 840 2494 est
863 2465 894 2494 in

191 2508 257 2538 fine
283 2509 406 2547 capitis,
435 2509 540 2546 animi,
568 2508 745 2538 adversante
772 2507 894 2543 ratione,

191 2552 358 2581 contractio.

234 2602 275 2625 20
291 2605 357 2636 quae
373 2593 527 2623 declinatio
539 2604 602 2623 cum
619 2591 723 2633 vastet]
740 2592 853 2622 Delevi
869 2592 894 2621 si

191 2646 208 2666 e
225 2638 304 2668 Mss.
323 2644 353 2667 et
368 2643 533 2667 contextu.

232 2688 272 2711 ⁴21
299 2680 451 2720 praesente's
481 2679 564 2715 mali,
604 2677 741 2718 sapientis
776 2678 892 2717 affictio

189 2722 271 2752 nulla
287 2722 344 2763 est]
363 2724 384 2754 i.
401 2733 429 2754 e.
450 2733 466 2753 e
489 2723 634 2762 praesenti
660 2721 746 2751 malo
768 2721 891 2760 sapiens

190 2776 256 2796 non
282 2766 433 2797 afficitur:
459 2776 536 2796 nam
563 2775 601 2795 ea
623 2766 702 2795 foret
725 2765 891 2804 aegritudo,

188 2819 253 2849 qua
267 2811 444 2850 sapientem
457 2818 561 2840 carere
572 2810 831 2840 demonstratum
845 2814 893 2837 est

939 2421 1007 2451 eius
1036 2421 1163 2451 volebat
1192 2419 1309 2450 animos.
1339 2420 1393 2449 sed
1424 2420 1469 2450 nil
1501 2421 1640 2452 interest.

940 2464 1001 2494 dici
1018 2470 1119 2502 potest
1134 2462 1263 2492 contrahi
1275 2463 1369 2491 animo
1384 2469 1416 2492 et
1430 2463 1555 2492 animos.-
1573 2471 1643 2503 pot·

938 2513 984 2536 est
1010 2508 1106 2536 etiam
1129 2505 1223 2545 plane
1249 2506 1365 2536 omitti.
1396 2506 1505 2536 animos
1530 2513 1639 2538 tamen

939 2549 1055 2579 melius
1070 2550 1222 2579 convenit
1238 2550 1278 2587 ’τῷ
1294 2548 1419 2579 demitti.
1436 2550 1489 2579 sed
1504 2550 1577 2580 satis
1594 2556 1641 2581 est

938 2593 1033 2621 animo
1054 2593 1189 2622 verbum
1206 2591 1362 2623 ultimum
1378 2592 1508 2622 contrahi
1522 2602 1639 2623 conve-

939 2637 1017 2666 nire.

980 2685 1018 2709 23
1037 2689 1140 2708 ‘verum
1165 2677 1219 2707 illa
1247 2677 1354 2719 etiarn]
1372 2678 1521 2709 Davisius
1543 2679 1638 2709 corri-

936 2722 1078 2761 gendum
1103 2721 1234 2760 putabat
1260 2733 1364 2752 verum
1391 2722 1421 2751 in
1448 2720 1509 2752 illis
1535 2721 1638 2761 etiam,

936 2765 1030 2802 bene,
1049 2771 1085 2795 ut
1099 2765 1223 2805 opinor.
