1778 3095
174 100 252 133 282
519 93 775 132 TUSCUL.
807 93 1256 133 QUAESTIONUM

175 201 323 243 eadem
344 216 446 242 num
468 216 611 244 censes
631 202 746 258 apud
766 218 839 245 eos
860 203 973 259 ipsos
993 203 1142 254 xalere,
1155 203 1234 244 nisi
1252 201 1484 244 admodum
1500 217 1604 259 pau-

174 273 264 308 cos,
298 273 323 299 a
358 259 509 322 quibus
544 259 722 310 inventa,
755 261 981 316 disputata,
1015 261 1252 316 conscripta
1286 261 1411 301 sunt?
1451 270 1607 316 quotus

175 316 288 356 enim
312 331 497 379 'qulsque
530 316 881 380 philosophorum
911 318 1132 368 invenitur,
1152 318 1224 372 qui
1244 317 1298 358 sit
1317 317 1378 357 ita
1403 325 1607 367 moratus,

176 372 236 413 ita
255 371 397 413 animo
417 387 465 413 ac
486 373 568 414 xita
587 374 856 424 constitutus,
876 383 924 416 ut
943 376 1049 415 ratio
1078 373 1265 429 postulat
1284 376 1295 414 ?
1329 373 1401 429 qui
1422 372 1609 438 discipli-

177 443 276 470 nam
297 444 432 480 suam,
453 444 535 471 non
568 431 892 472 ostentationem
922 431 1119 481 scientiae,
1140 431 1214 471 sed
1246 431 1385 494 legem
1410 430 1503 471 vitae
1524 444 1606 484 pu-

120 494 166 525 12
179 487 270 528 tet>
303 486 392 528 Qui
422 487 684 542 obtemperet
715 488 804 542 ipse
836 487 930 538 sibi,
951 497 994 527 et
1023 486 1199 527 decretis
1220 502 1304 528 suls
1324 491 1498 542 pareat?
1529 486 1607 528 Vi-

136 778 169 809 b.

179 542 276 584 dere
297 542 396 584 licet
415 543 518 584 alios
548 552 666 584 tanta
693 543 876 593 levitate,
906 553 949 584 et
971 542 1217 599 jactatione,
1239 544 1287 584 iis
1309 553 1354 585 ut
1374 543 1501 584 fuerit
1524 556 1610 584 non

179 599 375 640 didicisse
407 599 583 640 melius.
615 599 718 640 alios
748 599 934 654 pecuniae
969 599 1161 654 cupidos,
1188 599 1338 663 gloriae
1371 599 1611 649 nonnullos,

178 655 338 697 multos
358 655 576 697 libidinum
602 670 690 696 serx
693 670 765 696 os
798 665 844 696 ut
865 670 961 696 eum
993 670 1140 696 eorum
1162 655 1244 696 vita
1264 657 1510 698 mirabiliter
1529 670 1610 712 pu-

180 723 283 768 gnet
312 712 460 753 oratio.
492 711 607 768 quod
642 712 811 767 quidem
847 711 952 753 mihi
988 711 1148 753 videtur
1179 726 1270 753 esse
1304 714 1609 776 turpissimum.

183 771 245 810 Ut
273 769 399 820 enim,
429 769 463 809 si
493 769 820 824 grammaticum
859 784 902 810 se
937 768 1149 833 professus
1180 768 1402 825 quispiam,
1435 770 1611 811 barbare

179 826 394 882 loquatur,
414 833 487 866 aut
520 825 553 865 si
587 825 767 866 absurde
799 834 921 866 canat
950 826 998 890 is,
1018 840 1089 881 qui
1119 839 1162 866 se
1191 825 1336 866 haberi
1363 827 1460 868 velit
1479 826 1612 867 musi-

179 897 293 932 cum,
314 881 396 922 hoc
417 882 579 946 turpior
599 882 666 932 sit,
686 882 838 938 quod
829 898 869 923 1n
902 897 952 923 eo
980 884 1072 946 ipso
1101 890 1261 937 peccet,
1285 889 1319 919 17
1339 883 1460 938 cujus
1484 882 1612 937 profi-

179 948 318 980 teatur
352 939 689 980 scienti·1m:sio
720 939 1006 1002 philosophus
1029 939 1070 979 in
1103 939 1264 980 ratione
1297 939 1392 980 vitae
1421 953 1614 995 peccans,

181 995 264 1036 hoc
285 995 449 1050 turpi01
468 1006 547 1046 est,
568 995 710 1051 quod
702 1012 744 1037 m
766 996 918 1046 officio,
940 1011 1062 1051 quus
1084 997 1289 1061 magister
1308 1010 1398 1037 esse
1427 996 1530 1047 vult,
1552 996 1615 1037 la-

180 1052 310 1102 bitur,
339 1061 555 1117 artemque
574 1054 667 1093 vitae
688 1054 913 1108 plofessus,
933 1053 1169 1108 delinquit
1159 1069 1200 1093 in
1222 1054 1317 1094 vita.
1375 1053 1431 1094 A.
1454 1054 1612 1095 Nonne

180 1109 407 1150 verendum
439 1109 583 1164 igitur,
614 1109 648 1150 si
679 1120 742 1151 est
772 1110 844 1161 ita,
878 1118 924 1150 ut
954 1110 1072 1159 dicis,
1095 1124 1145 1149 ne
1174 1110 1486 1166 philosophiam
1509 1111 1615 1152 falsa

181 1166 319 1221 gloria
354 1167 561 1206 exornes.
596 1166 713 1222 quod
745 1177 809 1208 est
845 1166 956 1207 enim
990 1166 1125 1221 majus
1161 1179 1476 1221 argumentum,
1510 1167 1617 1208 nihil

182 1237 275 1263 eam
295 1222 509 1278 prodesse,
531 1238 657 1278 quam
679 1223 884 1278 quosdam
907 1223 1115 1278 perfectos
1135 1222 1413 1279 philosophos
1438 1224 1618 1279 turpiter

182 1279 315 1319 vivere
333 1279 346 1319 ?

238 1337 305 1376 Μ.
326 1334 508 1375 Nullum
530 1349 625 1376 xe1o
650 1334 692 1375 id
725 1335 895 1390 quidem
917 1344 1217 1390 argumentum
1238 1344 1315 1377 est.
1338 1351 1435 1377 nam
1457 1347 1506 1379 ut
1526 1337 1617 1393 agri

181 1406 266 1432 non
285 1406 430 1432 omnes
451 1392 644 1447 frugiferi
663 1402 776 1443 sunt,
795 1391 866 1448 qui
885 1393 1096 1443 coluntur,
1121 1401 1156 1424 18
1170 1393 1408 1450 falsumque
1425 1394 1545 1445 illud,
1567 1409 1616 1435 ac

182 1448 389 1504 improbe,

290 1540 397 1576 Etsi
386 1554 420 1576 tn
439 1549 577 1589 segetem
597 1550 675 1576 sunt
693 1539 880 1577 deteriorem
900 1540 994 1577 dane

291 1594 432 1643 Fruges,
450 1603 560 1630 tavrn
580 1594 656 1644 ι’ρςε
636 1609 660 1617 0
642 1603 792 1644 csuaplc
811 1608 851 1630 7·
840 1604 935 1631 tura
953 1595 1017 1631 enit
1021 1604 1098 1631 vet.
1096 1611 1102 1616 ·

184 1678 243 1724 sic
265 1679 394 1719 animi
413 1693 497 1719 non
515 1693 659 1719 omnes
680 1678 784 1719 culti
803 1679 869 1719 fru
856 1688 986 1719 ctum
1009 1679 1160 1720 ferunt.
1179 1688 1319 1736 atque,
1339 1689 1387 1721 ut
1405 1680 1446 1720 in
1467 1679 1617 1721 eodem

183 1735 311 1776 simili
342 1749 493 1785 xerses,
521 1744 568 1776 ut
597 1750 712 1790 ager,
735 1735 924 1799 quamvis,
949 1736 1112 1787 fertilis,
1132 1736 1219 1777 sine
1240 1737 1406 1777 cultura
1426 1737 1618 1778 fructuo-

184 1806 255 1832 sus
276 1806 366 1832 esse
386 1806 468 1832 non
491 1802 659 1847 potest:
691 1793 749 1832 sic
776 1807 864 1832 sme
893 1791 1086 1833 docmina
1112 1793 1291 1834 animus.
1322 1794 1379 1834 ita
1411 1804 1476 1835 est
1501 1802 1618 1834 utra-

185 1862 268 1904 que
289 1863 354 1889 res
375 1848 462 1889 sine
483 1848 613 1889 altera
643 1848 806 1889 debilis.
837 1849 1001 1890 cultura
1027 1858 1169 1890 autem
1189 1850 1331 1901 animi,
1350 1849 1622 1906 philosophia

185 1915 276 1946 est:
309 1904 401 1945 haec
417 1905 595 1946 extrahit
614 1906 710 1946 vitia
731 1905 944 1955 radicitus,
965 1917 1007 1946 et
1024 1916 1231 1962 praeparat
1251 1907 1410 1948 animos
1431 1906 1484 1947 ad
1505 1916 1620 1948 satus

184 1961 467 2017 accipiendOS,
495 1976 627 2017 eaque
659 1962 830 2003 mandat
860 1962 940 2012 his,
963 1972 1020 2013 et,
1051 1972 1098 2003 ut
1129 1963 1188 2004 ita
1219 1963 1370 2015 dicam,
1391 1964 1503 2013 serit,
1524 1978 1620 2019 quae

185 2017 328 2059 adulta
348 2018 510 2059 fructus
538 2018 773 2060 uberrimos
804 2020 950 2060 terant.
1009 2020 1205 2075 Agamus
1235 2021 1381 2076 igitur,
1412 2029 1461 2061 ut
1489 2020 1622 2076 coepi-

185 2089 294 2115 mus.
326 2075 408 2125 dic,
430 2075 464 2115 si
482 2075 556 2126 vis,
577 2075 629 2116 de
649 2090 735 2139 quo
756 2075 960 2131 disputari
980 2076 1093 2117 velis.

127 2140 173 2172 14
241 2132 298 2172 A.
316 2132 527 2172 Dolorem
557 2132 752 2176 existimo
786 2147 1015 2174 maxlmum
1049 2132 1256 2174 malorum
1289 2134 1494 2175 omnium.
1553 2133 1619 2174 Μ.

185 2188 382 2229 Etiamne
412 2188 564 2244 majus,
601 2203 727 2244 quam
760 2189 974 2230 dedecus?
1014 2190 1069 2231 A.
1102 2192 1204 2231 Non
1236 2190 1374 2231 audeo
1407 2190 1450 2231 id
1482 2190 1622 2230 dicere

186 2244 373 2300 quidem,
401 2253 444 2286 et
468 2260 538 2286 me
564 2245 697 2300 pudet
727 2255 811 2287 tam
840 2247 926 2287 cito
955 2246 1007 2288 de
1038 2247 1244 2288 sententia
1272 2261 1363 2287 esse
1391 2246 1619 2302 dejectum.

186 2301 420 2356 IVLMagis
440 2310 552 2343 esset
572 2302 836 2358 pudendum,
859 2303 892 2344 si
914 2303 957 2344 in
978 2304 1184 2345 sententia
1206 2317 1485 2359 permaneres.
1518 2302 1621 2358 quid

186 2357 300 2398 enim
331 2359 470 2399 minus
500 2368 565 2400 est
594 2359 788 2424 dignum,
817 2374 944 2415 quam
976 2361 1054 2401 tibi
1082 2360 1203 2416 pejus
1234 2359 1463 2416 quidquam
1493 2359 1622 2400 videri

185 2413 409 2466 dedecore,
443 2415 620 2470 flagitio,
655 2416 949 2472 turpitudine?
991 2432 1086 2473 quae
1121 2427 1170 2458 ut
1202 2417 1394 2472 effugiaS‚
1431 2416 1524 2472 q'uis
1558 2423 1623 2457 est

188 2479 226 2504 19
239 2484 323 2511 non
341 2471 471 2512 modo
491 2487 577 2513 non
597 2473 868 2524 recusandus,
893 2472 964 2514 sed
984 2488 1069 2515 non
1088 2474 1200 2514 ultro
1221 2473 1496 2529 appetendus,
1518 2473 1620 2514 sub-

230 2649 266 2679 17
292 2644 370 2683 cujus
390 2643 544 2683 prqfitetur
566 2641 732 2684 scientiam]
756 2643 883 2674 Rectius
972 2651 1009 2682 19
1025 2654 1078 2672 non
1100 2643 1177 2673 modo
1200 2656 1252 2674 non
1275 2645 1456 2684 recusandus]
1474 2646 1623 2678 Alterum

184 2687 226 2718 sit
235 2687 420 2726 prqfiteatur.
925 2698 977 2716 non
1005 2688 1036 2716 in
1062 2688 1140 2717 Mss.
1158 2697 1222 2718 non
1247 2691 1357 2727 reperit
1379 2689 1541 2727 Davisius,
1564 2699 1623 2719 nec

230 2737 268 2760 18
285 2729 459 2770 falsumque
486 2728 563 2757 illud
585 2739 620 2757 ac
643 2727 783 2767 improbe]
813 2729 882 2760 Ele-
925 2737 971 2760 est
998 2731 1029 2759 in
1057 2730 1163 2760 Guelf.
1190 2731 1295 2770 itaque
1323 2731 1448 2762 delevit.
1475 2732 1625 2772 exempla

183 2778 294 2811 gamer
309 2772 469 2803 Bentleius
482 2773 617 2802 correxit
621 2771 797 2813 falsumque
809 2772 886 2802 illud
926 2773 965 2802 ab
982 2773 1047 2812 ipso
1073 2774 1205 2813 prolata,
1222 2784 1285 2804 non
1310 2782 1387 2806 sunt
1410 2776 1486 2805 huic
1506 2776 1624 2806 similia

184 2815 270 2845 Accii
284 2828 293 2845 .·
316 2825 393 2846 nam
410 2815 543 2855 improbi
560 2814 612 2844 hie
629 2815 709 2844 nihil
726 2823 782 2846 est.
926 2816 957 2846 in
974 2817 1090 2855 quibus
1106 2817 1257 2848 omnibus
1279 2819 1422 2858 sequitur
1434 2829 1469 2848 ne
1483 2818 1598 2859 quidem
1610 2830 1623 2856 ς
