1778 3095
246 154 324 192 556
678 147 758 187 DE
796 147 1225 188 DIVINATIONE

246 275 387 302 rerum
404 260 656 306 futurarum,
677 257 786 298 idern
811 272 977 300 necesse
996 266 1059 299 est
1080 258 1223 299 omnia
1243 263 1397 307 teneat,
1417 270 1513 313 quae
1532 257 1673 301 futura

247 318 345 358 sint.
376 316 505 374 Quod
526 329 623 355 cum
646 328 769 355 nemo
790 315 939 364 facere,
956 315 1032 355 nisi
1051 314 1168 365 deus,
1186 314 1332 369 possit,
1354 312 1672 370 relinquendum

249 383 315 415 est
335 372 508 421 homini,
529 379 577 411 ut
596 370 724 425 signis
744 371 1011 426 quibusdam,
1033 370 1331 426 consequentia
1351 369 1673 422 declarantibus,

122 446 155 478 p.
170 431 393 472 107·futura
414 426 665 483 praesentiat.
696 441 780 468 non
801 428 913 468 enim
934 427 1018 475 illa,
1036 442 1129 481 quae
1152 428 1294 468 futura
1315 434 1426 475 sunt,
1444 426 1585 468 subito
1604 441 1677 469 ex—

212 490 241 510 ³·
252 487 418 534 sistunt,
437 484 508 524 sed
528 493 606 532 est,
627 483 747 539 quasi
778 484 963 524 rudentis
991 483 1227 537 explicatio,
1249 483 1307 524 sic
1335 482 1543 523 traductio
1568 491 1676 524 tem-

250 542 364 598 poris
398 540 502 581 nihil
532 540 626 580 novi
656 539 885 589 efficientis,
916 548 958 579 et
992 539 1173 592 primum
1209 539 1393 594 quidque
1423 538 1675 593 replicantis·

250 597 382 640 Quod
410 606 451 637 et
478 596 506 636 ii
531 596 684 646 vident,
706 596 857 649 quibus
885 593 1082 634 naturalis
1108 595 1306 636 divinatio
1332 594 1430 635 data
1449 603 1540 635 est:
1571 603 1613 635 et
1632 594 1677 645 ii,

251 654 404 709 quibus
425 667 571 693 cursus
593 666 731 692 rerum
754 650 1012 691 observando
1039 658 1208 691 notatus
1235 661 1310 691 est.
1342 650 1413 706 qui
1434 650 1512 691 etsi
1531 665 1678 692 causas

251 711 361 765 ipsas
389 724 471 750 non
497 718 687 755 cernunt,
709 707 830 761 signa
850 716 989 746 tamen
1011 720 1247 756 causarum,
1268 716 1310 747 et
1330 717 1450 747 notas
1471 715 1647 748 cernunt
1666 723 1676 747 τ

251 767 304 807 ad
325 781 442 821 quas,
463 764 652 805 adbibita
679 763 881 802 memoria
907 771 949 802 et
981 762 1211 816 diligentia,
1231 777 1280 802 ex
1304 763 1587 804 monumentis
1609 778 1679 804 su-

252 824 463 878 periorum
491 820 667 860 efficitur
698 833 747 858 ea
775 819 988 867 divinatio,
1010 833 1102 873 quae
1133 818 1356 858 artificiosa
1373 818 1539 870 dicitur,
1559 828 1680 860 exto-

170 890 242 922 128
255 894 362 927 rum,
383 877 616 932 fulgurum,
641 884 919 925 ostentorum,
948 875 1248 929 signorumque
1276 874 1520 915 caelestium.
1578 877 1680 917 Non

255 944 317 976 est
336 934 481 989 igitur,
498 940 545 973 ut
561 932 797 972 mirandum
821 931 888 981 sit,
909 945 958 972 ea
978 930 1209 985 praesentiri
1230 945 1254 970 a
1274 929 1568 980 divinantibus,
1585 946 1681 986 quae

254 1005 461 1046 nusquam
485 989 580 1029 sint.
613 997 709 1029 sunt
728 987 840 1029 enim
862 987 1017 1037 omnia,
1037 986 1108 1027 sed
1130 995 1321 1041 tempore
1340 986 1507 1026 absunt.
1537 987 1682 1043 Atque

252 1057 302 1090 ut
321 1048 362 1088 in
384 1045 610 1087 seminibus
632 1044 690 1084 vis
710 1044 818 1085 inest
836 1058 979 1085 earum
997 1058 1150 1092 rerum,
1166 1059 1260 1098 quae
1281 1057 1332 1083 ex
1351 1043 1400 1083 iis
1419 1042 1681 1098 progignun-

253 1113 347 1145 tur:
379 1103 436 1144 sic
464 1102 505 1142 in
535 1101 671 1142 causis
694 1100 875 1141 conditae
897 1108 994 1140 sunt
1014 1114 1076 1140 res
1099 1099 1266 1148 futurae,
1286 1113 1388 1154 quas
1410 1113 1499 1139 esse
1520 1099 1682 1141 futuras

254 1170 328 1201 aut
347 1159 557 1201 concitata
576 1172 708 1207 mens,
730 1166 804 1197 aut
834 1155 972 1197 soluta
1000 1170 1165 1205 somno,
1185 1155 1345 1197 cernit:
1376 1164 1448 1196 aut
1468 1155 1588 1205 ratio,
1610 1164 1685 1196 aut

255 1215 500 1272 conjectura
527 1213 753 1269 praesentit.
814 1213 958 1268 Atque
986 1222 1033 1253 ut
1060 1213 1102 1262 ii,
1128 1213 1200 1267 qui
1229 1212 1344 1261 solis,
1365 1220 1409 1252 et
1432 1211 1558 1262 lunae,
1586 1211 1684 1252 reli-

254 1285 519 1328 quorumque
541 1270 725 1310 siderum
748 1277 878 1319 ortus,
900 1269 1057 1319 obitus,
1079 1278 1304 1323 motusque
1325 1277 1577 1323 cognorunt,
1598 1283 1684 1323 quo

255 1329 443 1384 quidque
471 1336 661 1381 tempore
687 1339 834 1367 eorum
856 1326 1046 1367 futurum
1066 1326 1133 1375 sit,
1155 1324 1291 1365 multo
1311 1332 1407 1364 ante
1426 1323 1684 1379 praedicunt:

256 1386 314 1426 sic
337 1385 410 1440 qui
428 1398 597 1425 cursum
619 1397 774 1433 rerum,
795 1391 1127 1437 eventorumque
1147 1380 1491 1436 consequentiam
1523 1380 1687 1421 diutur-

256 1442 386 1483 nitate
414 1448 666 1496 pertractata
694 1447 955 1488 notaverunt,
976 1447 1049 1479 aut
1081 1452 1257 1493 semper,
1279 1446 1366 1487 aut,
1388 1437 1422 1477 si
1448 1435 1491 1478 id
1519 1436 1686 1477 difficile

254 1507 332 1548 est,
353 1498 627 1553 plerumque3
660 1495 775 1550 quod
801 1495 835 1535 si
862 1510 913 1535 ne
941 1495 983 1535 id
1010 1495 1179 1550 quidem
1199 1493 1458 1543 conceditur,
1479 1507 1687 1534 nonnum-

255 1570 383 1610 quam
406 1563 532 1603 certe,
551 1552 652 1608 quid
673 1552 861 1592 futurum
893 1552 960 1602 sit,
982 1551 1239 1606 intelligunt.
1296 1551 1442 1606 Atque
1470 1549 1562 1590 haec
1592 1548 1684 1604 qui-

257 1612 370 1661 dem,
400 1620 441 1651 et
470 1609 665 1666 quaedam
698 1607 944 1664 hujusmodi
976 1615 1241 1667 argumenta,
1272 1620 1347 1648 cur
1384 1605 1437 1647 sit
1471 1604 1686 1659 divinatio,

257 1668 469 1709 ducuntur
488 1681 512 1707 a
532 1666 633 1706 fato.

175 1722 241 1776 57
316 1724 357 1764 Α
376 1732 523 1763 natura
544 1732 685 1762 autern
707 1722 788 1762 alia
807 1721 1000 1777 quaedam
1021 1721 1127 1761 ratio
1148 1726 1210 1760 est
1229 1736 1238 1760 ε
1260 1734 1354 1775 quae
1375 1717 1514 1768 docet,
1530 1725 1688 1773 quanta

174 1797 248 1838 129
261 1780 314 1821 sit
333 1780 461 1821 animi
480 1779 538 1819 vis
557 1778 744 1833 sejuncta
764 1793 789 1818 a
808 1778 995 1833 corporis
1017 1776 1226 1818 sensibus:
1248 1774 1363 1829 quod
1383 1774 1564 1815 maxime
1583 1789 1686 1816 con-

259 1837 388 1892 tingit
407 1844 480 1877 aut
500 1835 820 1883 dormientibus,
840 1842 913 1875 aut
932 1843 1075 1874 mente
1093 1832 1310 1887 permotis.
1371 1831 1433 1872 Ut
1453 1830 1564 1871 enim
1584 1830 1687 1872 deo-

257 1909 353 1935 rum
375 1892 502 1933 animi
521 1892 608 1932 sine
628 1890 776 1940 oculis,
790 1891 877 1931 sine
898 1890 1083 1938 auribus,
1104 1889 1191 1929 sine
1211 1888 1357 1943 lingua
1376 1886 1561 1929 sentiunt
1579 1887 1688 1930 inter

259 1965 318 2001 se,
340 1949 441 2005 quid
461 1948 639 2004 quisque
661 1948 837 1988 sentiat:
869 1961 920 1987 ex
948 1961 1032 2001 quo
1057 1946 1117 1995 fit,
1138 1954 1186 1986 ut
1214 1944 1421 1994 homines,
1441 1943 1568 1984 etiam
1588 1958 1686 1986 cum

259 2006 375 2047 taciti
405 2013 553 2060 optent
582 2003 698 2060 quid,
719 2012 790 2044 aut
815 2011 1002 2053 voveant,
1025 2017 1108 2043 non
1138 2001 1345 2050 dubitent,
1366 2000 1468 2056 quin
1497 1999 1554 2041 dii
1582 1999 1687 2042 illud

258 2062 506 2103 exaudiant:
539 2061 597 2101 sic
617 2060 745 2101 animi
766 2060 1001 2109 hominum,
1018 2074 1114 2099 cum
1134 2066 1207 2099 aut
1228 2071 1378 2098 somno
1398 2056 1524 2098 soluti
1541 2065 1689 2098 vacant

258 2133 450 2174 corpore,
472 2127 545 2158 aut
573 2126 713 2158 mente
741 2116 921 2171 permoti
947 2130 1020 2171 per
1039 2130 1082 2156 se
1102 2114 1180 2170 ipsi
1200 2114 1319 2155 liberi
1337 2113 1499 2155 incitati
1517 2127 1688 2154 moven-

258 2184 342 2226 tur,
363 2184 540 2216 cernunt
558 2188 620 2223 ea,
641 2189 734 2229 quae
756 2173 944 2228 permisti
974 2187 1069 2213 cum
1099 2185 1275 2226 corpore
1303 2170 1431 2211 animi
1449 2169 1586 2210 videre
1604 2184 1687 2210 non

175 2246 248 2279 130
261 2241 451 2288 possunt.
509 2230 654 2285 Atque
683 2229 790 2269 hanc
816 2228 986 2284 quidem
1016 2228 1223 2270 rationem
1250 2236 1411 2268 naturae
1439 2225 1605 2267 difficile
1625 2234 1690 2267 est

262 2290 438 2329 fortasse
457 2286 674 2328 traducere
695 2286 747 2326 ad
768 2285 810 2326 id
830 2300 963 2340 genus
979 2284 1256 2334 divinationis,
1274 2283 1391 2338 quod
1412 2297 1464 2324 ex
1481 2291 1569 2323 arte
1589 2295 1688 2336 pro-

216 2358 250 2389 b.
263 2345 418 2386 fectum
455 2343 634 2384 dicimus
655 2360 663 2382 :
708 2342 779 2383 sed
814 2352 955 2383 tamen
987 2341 1029 2382 id
1064 2354 1234 2397 quoque
1264 2341 1452 2389 rimatur,
1484 2344 1688 2393 quantum

261 2411 418 2456 potest.
479 2399 725 2441 Posidonius
746 2413 834 2439 esse
859 2405 999 2439 censet
1025 2398 1066 2438 in
1097 2405 1244 2437 natura
1268 2397 1388 2451 signa
1408 2394 1601 2450 quaedam
1622 2409 1688 2440 re-

262 2473 355 2498 rum
377 2458 628 2498 futurarum.
687 2462 724 2487 65
744 2455 908 2495 Etenim
933 2454 1044 2495 Ceos
1063 2453 1302 2508 accepimus
1322 2459 1461 2492 ortum
1488 2450 1689 2492 caniculae

263 2514 487 2567 diligenter
518 2512 741 2567 quotannis
771 2511 904 2551 solere
936 2524 1109 2559 servare,
1131 2508 1500 2564 conjecturamque
1523 2521 1687 2562 capere,

261 2579 311 2610 ut
331 2569 473 2610 scribit
500 2569 695 2608 Ponticus
716 2567 979 2616 Heraclides,
999 2564 1244 2613 salubrisne,
1264 2579 1316 2605 an
1338 2563 1536 2619 pestilens
1557 2577 1689 2604 annus

263 2627 429 2666 futurus
452 2625 517 2664 sit.
549 2639 645 2664 nam
675 2624 709 2664 si
737 2623 955 2663 obscurior
973 2630 1014 2662 et
1033 2621 1150 2676 quasi
1173 2621 1403 2676 caliginosa
1423 2619 1687 2660 stellaexsti-

263 2682 375 2732 terit,
409 2681 567 2736 pingue
599 2688 640 2720 et
674 2688 918 2720 concretum
948 2692 1038 2718 esse
1071 2677 1237 2728 caelum,
1266 2687 1314 2718 ut
1343 2675 1433 2730 ejus
1463 2675 1688 2731 adspiratio

305 2793 343 2818 65
370 2788 487 2817 Etenim
514 2785 594 2824 Ceos]
621 2787 670 2816 Sic
694 2796 770 2815 curn
794 2786 921 2815 Davisio
938 2795 953 2815 e
998 2795 1070 2816 meo
1085 2786 1134 2815 ed.
1150 2786 1231 2817 ven.
1250 2792 1340 2817 1494.
1357 2784 1488 2815 correxit
1504 2782 1583 2813 Unde
1602 2782 1687 2820 Ceos3

261 2831 340 2864 Mss.
354 2832 520 2861 edidimus.
544 2829 649 2869 Vulgo
665 2830 747 2859 male
763 2836 808 2859 est
825 2829 864 2858 U!
880 2829 953 2857 enim
996 2839 1060 2860 non
1078 2828 1171 2859 male.

265 2874 346 2914 Ceos,
373 2875 458 2913 quod
488 2883 602 2904 manus
628 2873 719 2903 docta
746 2872 776 2902 in
804 2871 952 2910 exemplo
