1778 3095
231 170 315 206 430
620 168 700 206 DE
727 168 989 208 NATURA
1017 163 1287 208 DEORUM

231 280 333 318 tem.
389 276 490 318 Non
510 275 687 318 arbitror
707 285 762 329 te,
783 277 934 328 Vellei,
954 277 1131 319 similem
1154 293 1245 320 esse
1264 277 1568 334 Epicureorum
1589 284 1656 320 re'ss‘

231 332 470 389 liquorum:
502 347 607 388 quos
638 333 794 389 pudeat
824 348 968 375 earum
1002 335 1173 389 Epicuri
1206 350 1371 387 vocum,
1404 334 1558 390 quibus
1586 335 1656 376 ille

191 396 423 440 b.testatur,
445 403 489 431 se
510 403 562 429 ne
581 389 812 445 intelligere
832 391 1002 446 quidem
1032 391 1166 432 ullum
1188 392 1362 442 bonum,
1385 390 1500 447 quod
1521 391 1574 432 sit
1594 405 1658 432 se-

228 444 425 501 junctum
460 460 484 485 a
513 445 699 487 delicatis
719 455 762 487 et
781 447 986 487 obscaenis
1015 447 1327 502 voluptatibus:
1358 462 1462 503 quas
1487 447 1656 503 quidem

151 511 223 543 112
235 515 319 543 non
351 502 613 553 erubescens,
641 503 902 557 persequitur
932 517 1077 543 omnes
1107 505 1368 545 nominatim.
1426 505 1566 560 Quem
1597 503 1658 543 ci-

235 558 336 599 bum
358 558 501 614 igitur,
522 568 596 600 aut
615 573 718 614 quas
740 559 945 614 potiones,
964 568 1035 599 aut
1055 575 1157 614 quas
1177 576 1342 611 vocum,
1364 569 1437 602 aut
1465 560 1656 601 colorum

236 615 468 666 varietates,
490 625 562 656 aut
590 630 696 670 quos
726 623 878 663 tactuS,
900 630 1004 670 quos
1036 615 1186 657 odores
1213 617 1433 658 adhibebis
1463 616 1515 657 ad
1544 615 1662 666 deos,

233 680 281 711 ut
301 685 373 712 eos
395 671 619 726 perfundas
651 670 932 725 voluptatibus
952 672 964 711 ?
998 677 1037 702 36
1052 672 1118 711 Ac
1139 678 1275 727 poetae
1297 674 1481 729 quidem,
1505 681 1658 722 nectar,

233 727 502 777 ambrosiam,
524 727 668 782 epulas
689 737 950 780 comparant,
972 735 1013 768 et
1029 737 1102 767 aut
1119 729 1143 769 J
1148 738 1399 781 uventatem,
1420 738 1492 770 aut
1513 730 1660 784 Gany-

233 783 399 825 medem
434 784 588 838 pocula
617 783 951 824 ministrantem:
985 792 1030 823 tu
1062 793 1218 836 autem,
1248 786 1443 840 Epicure,
1469 785 1570 842 quid
1600 786 1662 826 fa·

233 839 348 880 cies?
381 853 515 894 neque
534 839 662 890 enim,
683 838 795 880 unde
823 839 975 880 habeat
1004 839 1083 881 ista
1110 839 1211 881 deus
1243 850 1354 891 tuus,
1387 842 1536 883 video:
1570 856 1661 891 nec,

233 895 451 950 quomodo
484 903 641 936 utatur.
699 896 973 950 Locupletior
1008 896 1138 952 igitur
1170 897 1392 938 hominum
1427 907 1575 940 natura
1608 897 1661 938 ad

233 952 356 992 beate
383 951 601 992 vivendum
632 960 710 1003 est,
732 966 858 1008 quam
879 952 1071 1003 deorum,
1093 954 1207 1009 quod
1228 954 1416 1008 pluribus
1437 954 1661 1009 generibus

149 1018 220 1049 113
236 1007 388 1048 fruitur
419 1007 696 1063 voluptatum.
755 1009 816 1049 At
843 1008 918 1050 has
950 1010 1123 1051 leviores
1152 1010 1269 1051 ducis
1299 1011 1548 1066 voluptates,
1569 1011 1663 1066 qui-

233 1064 311 1105 bus
333 1065 453 1120 quasi
481 1065 665 1106 titillatio
690 1065 878 1120 (Epicuri
908 1066 1017 1107 enim
1050 1066 1131 1107 hoc
1164 1067 1334 1107 verbum
1369 1069 1448 1119 est)
1473 1067 1662 1108 sensibus

230 1120 469 1162 adhibetur.
529 1123 765 1178 Quousque
796 1121 936 1163 ludis?
970 1138 1066 1163 nam
1100 1122 1217 1163 Philo
1245 1123 1371 1164 etiam
1395 1132 1537 1164 noster
1555 1124 1662 1164 ferre

232 1192 317 1218 non
354 1185 533 1233 poterat,
571 1179 781 1233 aspernari
812 1179 1056 1233 Epicureos,
1088 1178 1252 1228 molles,
1283 1188 1324 1220 et
1356 1179 1556 1221 delicatas
1590 1195 1663 1221 vo-

231 1233 430 1289 luptates.
459 1249 626 1275 summa
643 1235 755 1274 enim
777 1236 981 1276 memoria
1008 1235 1306 1290 pronuntiabat
1336 1236 1535 1291 plurimas
1564 1236 1665 1290 Epi-

232 1290 322 1331 curi
343 1291 585 1341 sententias,
607 1290 671 1331 his
702 1290 800 1346 ipsis
829 1292 977 1342 verbis,
999 1292 1150 1347 quibus
1177 1301 1295 1332 erant
1323 1293 1504 1348 scriptae.
1564 1293 1662 1333 Me·

230 1346 392 1387 trodori
419 1361 529 1397 vero,
551 1347 623 1402 qui
651 1357 715 1388 est
746 1347 918 1402 Epicuri
937 1348 1103 1404 collega
1122 1348 1350 1403 sapientiae,
1370 1348 1506 1390 multa
1524 1348 1662 1404 impu-

231 1401 423 1444 dentiora
441 1404 659 1445 recitabat.
688 1413 857 1445 accusat
879 1405 988 1445 enim
1009 1405 1307 1456 Timocratem,
1327 1405 1499 1446 fratrem
1525 1420 1663 1456 suum,

232 1459 523 1510 Metrodorus,
543 1459 657 1516 quod
678 1460 845 1502 dubitet
872 1462 1027 1511 omnia,
1048 1477 1141 1517 quae
1162 1461 1214 1502 ad
1234 1462 1401 1503 beatam
1423 1461 1547 1503 vitam
1568 1476 1664 1517 per-

231 1515 406 1567 tineant,
439 1526 579 1557 ventre
607 1517 774 1558 metiri:
815 1532 951 1573 neque
986 1518 1028 1559 id
1062 1518 1189 1559 semel
1225 1518 1353 1560 dicit:
1390 1518 1463 1559 sed
1497 1518 1662 1573 saepius.

230 1573 432 1614 Annuere
453 1582 493 1615 te
512 1573 648 1614 video.
681 1582 781 1614 nota
810 1575 922 1615 enim
942 1574 1019 1615 tibi
1040 1583 1150 1616 sunt.
1211 1575 1443 1616 proferrem
1463 1575 1607 1625 libros,
1629 1573 1663 1614 si

232 1643 423 1684 negares.
497 1631 651 1685 Neque
692 1644 802 1671 nunc
841 1631 1116 1685 reprehendo,
1157 1631 1272 1687 quod
1311 1631 1366 1672 ad
1404 1630 1663 1686 voluptatem

231 1685 373 1726 omnia
395 1686 654 1727 referantur:
685 1685 766 1727 alia
792 1696 856 1728 est
885 1701 934 1728 ea
965 1687 1142 1742 quaestio
1163 1704 1171 1728 :
1201 1687 1274 1728 sed
1300 1687 1450 1738 doceo,
1471 1687 1573 1728 deos
1595 1702 1664 1728 ve-

233 1750 342 1782 stros
373 1756 464 1783 esse
495 1742 719 1797 voluptatis
750 1752 963 1798 expertes:
995 1743 1054 1784 ita
1084 1753 1219 1784 vestro
1239 1744 1403 1799 judicio
1435 1758 1487 1784 ne
1516 1744 1664 1785 beatos

149 1803 217 1853 41
234 1798 421 1852 quidem.
480 1799 542 1839 At
571 1798 717 1840 dolore
747 1809 907 1841 vacant.
967 1800 1096 1841 Satin'
1117 1808 1181 1842 est
1202 1800 1242 1840 id
1264 1807 1301 1837 37
1318 1800 1373 1841 ad
1393 1799 1508 1841 illam
1529 1800 1664 1841 abun-

148 1854 402 1909 114dantem
437 1854 558 1896 bonis
591 1856 716 1896 vitam
748 1856 1062 1897 beatissimam?
1098 1856 1288 1911 Cogitat,
1323 1856 1532 1912 inquiunt,
1563 1856 1666 1898 assi-

234 1910 317 1951 due
341 1912 512 1953 beatum
543 1926 634 1952 esse
664 1925 720 1953 se.
752 1911 880 1953 habet
911 1912 1022 1953 enim
1053 1912 1155 1953 nihil
1185 1913 1314 1964 aliud,
1336 1912 1450 1969 quod
1470 1913 1604 1968 agitet
1621 1913 1665 1955 in

231 1977 388 2009 mente.
449 1967 773 2023 Comprehende
793 1968 922 2023 igitur
942 1969 1098 2019 animo,
1119 1977 1159 2009 et
1180 1983 1367 2025 propone
1387 1978 1482 2010 ante
1503 1969 1666 2021 oculos,

233 2023 360 2065 deum
382 2024 486 2065 nihil
505 2024 618 2066 aliud
639 2025 680 2065 in
701 2025 817 2066 omni
846 2026 1094 2075 aeternitate,
1117 2026 1208 2076 nisi,
1228 2026 1340 2067 Mihi
1369 2025 1545 2082 pulchre
1574 2034 1666 2068 est:

127 2089 154 2120 1>-
169 2087 221 2112 24·
234 2088 292 2129 et,
321 2082 415 2136 Ego
448 2081 597 2122 beatus
631 2096 741 2131 sum,
776 2082 1049 2136 cogitantem.
1108 2083 1201 2123 Nec
1235 2092 1375 2124 tamen
1409 2082 1544 2133 video,
1580 2097 1666 2138 quo

192 2132 364 2178 a'modo
396 2152 482 2178 non
513 2147 702 2179 vereatur
733 2137 810 2178 iste
841 2138 944 2179 deus
973 2139 1135 2190 beatus,
1157 2154 1208 2180 ne
1239 2139 1430 2189 intereat,
1451 2154 1548 2180 cum
1577 2140 1664 2180 sine

233 2193 320 2234 ulla
340 2193 649 2235 intermissione
668 2193 856 2249 pulsetur
876 2195 1142 2252 agiteturque
1163 2196 1400 2237 incursione
1424 2205 1663 2236 atomorum

233 2250 502 2305 sempiterna,
523 2265 705 2306 cumque
725 2265 775 2291 ex
796 2251 886 2306 ipso
907 2252 1110 2307 imagines
1131 2259 1170 2283 38
1183 2266 1346 2308 semper
1365 2250 1551 2293 affluant.
1601 2252 1665 2292 Ita

234 2320 310 2347 nec
327 2307 475 2348 beatus
495 2316 559 2348 est
578 2317 711 2348 vester
732 2307 850 2358 deus,
870 2322 946 2348 nec
968 2316 1160 2350 aeternus.

149 2369 220 2401 115
290 2363 352 2403 At
385 2363 511 2404 etiam
548 2364 601 2404 de
632 2363 864 2414 sanctitate,
897 2364 949 2405 de
981 2365 1135 2419 pietate
1165 2364 1359 2405 adversus
1389 2363 1505 2413 deos,
1534 2362 1665 2404 libros

233 2419 398 2474 scripsit
421 2420 640 2475 Epicurus.
699 2421 760 2461 At
781 2435 866 2475 quo
887 2422 1017 2462 modo
1038 2421 1080 2462 in
1100 2421 1164 2462 his
1184 2420 1395 2476 loquitur?
1428 2429 1476 2460 ut
1495 2419 1662 2460 Corun-

231 2476 415 2526 canium,
445 2486 519 2517 aut
548 2476 792 2525 Scaevolam,
815 2477 1032 2531 pontifices
1057 2477 1275 2527 maximos,
1296 2484 1338 2516 te
1358 2476 1501 2516 audire
1520 2475 1634 2517 dicas
1654 2493 1663 2517 ε

233 2544 316 2570 non
350 2546 464 2582 eum,
500 2532 571 2588 qui
604 2533 818 2573 sustulerit
851 2548 1020 2574 omnem
1055 2534 1242 2574 funditus
1276 2531 1554 2587 religionem:
1587 2546 1664 2573 nec

231 2587 441 2637 manibus,
471 2598 519 2629 ut
549 2589 734 2638 Xerxes3
766 2588 839 2629 sed
871 2589 1117 2640 rationibus,
1147 2589 1325 2629 deorum
1360 2588 1662 2630 immortalium

232 2643 404 2698 templa,
425 2653 469 2685 et
489 2658 579 2684 aras
599 2644 803 2685 everterit.
861 2645 978 2701 Quid
998 2655 1062 2687 est
1081 2644 1207 2694 enim,
1228 2660 1302 2686 cur
1332 2645 1434 2686 deos
1455 2645 1508 2686 ab
1525 2644 1664 2686 homi-

273 2803 313 2828 36
329 2797 373 2827 At
384 2800 475 2837 pofftae
490 2795 615 2838 quidem]
635 2796 844 2826 scribendum
860 2796 915 2825 Ac.
970 2803 999 2826 et
1012 2796 1082 2827 aliae
1097 2797 1166 2826 edd.
1182 2804 1257 2827 vett.
1275 2797 1393 2827 habent
1408 2797 1501 2827 illam.

273 2847 312 2875 37
337 2840 376 2868 ad
399 2839 481 2868 illam
506 2837 850 2877 abundantem—vitam]
875 2838 927 2868 Sic
1013 2845 1052 2869 :38
1068 2846 1175 2879 semper
1196 2839 1332 2878 qffluant]
1359 2840 1408 2871 Sc.
1425 2841 1463 2871 ad
1488 2850 1554 2871 nos.
1579 2842 1664 2881 quod

231 2883 296 2914 Ms.
312 2882 418 2914 Guelf.
441 2889 524 2913 recte
544 2891 599 2921 pro
613 2881 742 2921 vulgato
755 2881 856 2911 aliam.
872 2883 926 2911 sed
969 2882 1040 2912 addi
1055 2881 1180 2913 volebat
1195 2883 1381 2916 Lambinus.
