1778 3095
350 124 422 162 DE
438 121 544 167 HN.
565 121 690 160 BON.
711 121 779 158 ET
797 120 928 159 MAL.
949 121 1046 158 LIB.
1067 121 1330 159 QUINTUS.
1490 129 1568 163 201

195 230 457 268 medatissime.
476 242 505 266 c.
525 235 562 274 9.
619 227 785 277 Exposita
812 234 924 263 autem
951 226 1017 262 ista
1044 238 1155 263 rerum
1181 226 1437 276 expetendarum
1459 231 1573 268 termi-

194 284 337 328 natione,
355 296 413 320 cur
436 283 504 319 ista
524 293 559 316 se
585 292 635 317 res
659 281 710 316 ita
735 278 871 322 babeat,
890 278 1106 316 demonstrat.
1162 280 1317 316 Primum
1335 292 1573 343 argumentum

193 349 284 374 omne
300 336 434 373 ducitur
452 347 474 370 a
488 334 602 384 prima
627 332 901 370 commendatione
924 342 1073 377 naturae,
1094 331 1185 384 quod
1208 345 1299 370 omne
1324 334 1455 369 animal
1469 348 1502 371 se
1520 337 1572 386 ip-

192 403 267 426 sum
293 389 428 437 diligit,
457 386 496 424 id
522 386 612 437 quod
637 387 687 423 ita
715 385 857 432 infixum
883 394 933 423 est
961 386 995 422 in
1022 386 1096 436 ipsa
1121 394 1260 429 natura,
1278 395 1309 422 et
1330 387 1399 423 suis
1416 386 1574 438 cujusque

195 442 340 480 sensibus
367 439 661 491 comprehenditur,
687 448 738 484 ut,
764 448 879 477 contra
906 439 936 475 si
963 440 1036 490 quis
1065 438 1171 476 dicere
1185 440 1284 483 velit,
1303 453 1367 476 non
1383 439 1573 478 audiatur.

192 508 292 545 neque
300 503 406 545 potest
424 493 567 544 intelligi
584 501 646 530 aut
664 493 818 543 cogitari,
836 506 899 529 non
919 492 1010 529 modo
1029 506 1096 529 esse
1113 492 1253 544 aliquod
1272 492 1414 537 animal,
1435 493 1525 544 quod
1540 508 1575 532 sc

191 547 305 591 oderit,
330 546 390 584 sed
405 546 506 607 quod,
525 545 678 597 quomodo
696 559 730 583 se
745 545 882 590 babeat,
901 545 986 583 nibil
1000 560 1063 583 sua
1091 556 1220 583 censeat
1238 546 1401 590 interesse,
1421 547 1519 607 quod,
1538 561 1574 585 eo

190 609 308 643 sumto,
325 601 428 637 omnis
446 600 612 660 appetitus
635 599 740 637 animi
766 600 920 637 tollitur:
951 598 1254 660 quemadmodum
1242 613 1277 636 111
1295 599 1336 636 iis
1355 599 1468 644 rebus,
1485 601 1573 638 inter

189 666 274 705 quas
304 653 392 691 nibil
412 654 558 696 interest,
576 654 610 690 in
637 663 788 690 neutram
811 663 945 704 partem
966 653 1184 703 propensiores
1210 667 1336 691 sumus.
1393 654 1449 691 Ea
1469 655 1573 692 etiam

188 713 238 743 est
265 708 403 757 corporis
430 716 462 744 et
493 708 611 751 animi,
641 707 785 743 omnium
805 707 958 757 partium
974 706 1255 758 facultatumque
1281 716 1422 752 natur-,a
1449 717 1487 744 ut
1514 721 1572 745 eas

186 759 321 805 salvas,
340 767 373 797 et
390 761 553 810 integras,
567 761 796 811 perfectasque
818 759 974 804 velimus,
989 770 1051 810 per
1071 773 1106 797 se
1122 773 1221 797 caras
1240 759 1465 805 babeamus,
1453 775 1488 797 111
1506 762 1570 798 eis-

185 827 249 865 que
265 813 333 850 sint
345 813 396 850 ad
411 813 489 851 bene
506 813 693 851 vivendum
713 822 874 850 momenta
894 814 1070 850 maxima.-
1098 813 1199 864 quod,
1218 814 1272 850 cui
1289 815 1498 851 conservatio
1516 816 1571 852 sui

182 867 350 918 proposita
367 876 428 912 est,
447 881 570 904 necesse
588 877 651 910 est,
671 866 749 904 huic
759 875 875 917 partes
895 880 1022 917 quoque
1047 867 1100 904 sui
1122 880 1219 903 caras
1245 879 1325 912 esse,
1347 880 1444 920 eoque
1461 869 1568 906 cario-

187 933 252 965 res,
271 934 335 971 quo
351 921 419 957 sint
442 921 646 971 perfectiores
662 937 674 957 :
702 934 744 957 ex
762 934 824 972 quo
842 920 1055 970 intelligitur,
1076 930 1114 957 ut
1134 934 1275 979 quaeque
1290 934 1333 958 ex
1355 921 1473 958 nostris
1486 921 1567 972 plu-

184 974 307 1011 rimum
327 973 450 1011 habent
474 974 651 1024 dignitatis
670 983 702 1011 et
715 974 942 1033 praestantiae,
969 974 1019 1010 ita
1046 987 1190 1011 maxime
1208 988 1275 1011 esse
1295 974 1488 1025 expetenda,
1510 985 1568 1012 at-

186 1040 248 1078 que
265 1027 345 1064 adeo
371 1029 532 1065 virtutem
560 1028 679 1073 animi,
700 1041 778 1078 quae
804 1040 846 1064 ex
873 1028 999 1064 ratione
1019 1028 1192 1077 gignitur,
1213 1042 1279 1079 qua
1299 1029 1386 1065 nibil
1402 1038 1450 1065 est
1471 1028 1567 1066 divi-

185 1081 262 1118 nius
280 1081 315 1118 in
330 1081 469 1126 bomine,
497 1082 640 1118 omnium
667 1082 810 1118 maxime
837 1080 1052 1132 appetendam
1075 1094 1155 1119 esse.
1174 1094 1204 1118 c.
1228 1087 1360 1118 10-14.
1422 1082 1523 1132 Quod
1538 1083 1569 1120 si

186 1146 220 1171 se
238 1135 375 1186 quisque
392 1144 422 1172 et
441 1144 600 1172 naturam
628 1149 737 1178 suam,
756 1134 859 1172 simul
874 1148 916 1172 ac
932 1144 1034 1171 natus
1052 1141 1112 1178 est,
1132 1144 1347 1183 cognosceret,
1373 1144 1404 1171 et
1431 1145 1568 1172 naturae

185 1200 257 1224 suae
273 1189 548 1240 singularumque
558 1189 710 1238 partium
729 1189 814 1231 vim,
833 1188 983 1225 continuo
1009 1187 1100 1225 bomo
1126 1188 1256 1224 videret
1275 1187 1346 1232 boc,
1365 1188 1456 1239 quod
1470 1203 1568 1240 quee-

185 1241 285 1285 ritur,
304 1242 470 1279 ultimum.
525 1243 630 1279 Nunc
654 1255 748 1286 ver0,
767 1242 802 1279 in
820 1241 956 1287 infirma
981 1251 1097 1286 aetate,
1118 1254 1157 1278 ea
1178 1253 1239 1292 per
1265 1241 1443 1292 caliginem
1461 1243 1568 1280 cerni-

187 1301 256 1337 tur,
274 1304 306 1331 et
323 1295 442 1332 sensim
463 1294 712 1346 paullatimque
729 1296 956 1345 cognoscitur3
987 1304 1025 1331 ut
1052 1308 1154 1345 neque
1168 1294 1256 1340 finis
1279 1296 1336 1332 ille
1360 1297 1476 1333 statim
1495 1310 1566 1334 cer·

184 1357 298 1385 natur.
316 1362 345 1385 c.
369 1355 429 1386 15.
454 1349 513 1386 16.
571 1348 689 1385 Altera
707 1348 968 1398 argumentandi
985 1349 1072 1385 ratio
1089 1347 1165 1384 inde
1182 1348 1330 1392 ducitur,
1349 1349 1440 1398 quod
1454 1351 1566 1397 cujus-

185 1414 248 1451 que
269 1402 380 1451 partis
399 1411 535 1438 naturae
552 1411 583 1438 et
602 1402 636 1437 in
655 1413 781 1452 corpore
804 1411 835 1438 et
854 1403 889 1438 in
907 1403 1016 1438 animo
1034 1415 1096 1438 sua
1114 1402 1171 1438 vis
1189 1411 1249 1444 est,
1269 1411 1306 1438 ut
1325 1403 1444 1438 idcirco
1463 1404 1498 1440 in
1513 1403 1566 1440 bis

185 1453 281 1490 rebus
308 1463 341 1491 et
369 1454 563 1497 actionibus,
581 1469 659 1505 quae
676 1456 793 1505 cuique
805 1456 900 1505 parti
927 1454 1099 1499 humanae,
1121 1454 1275 1500 membro,
1285 1456 1460 1504 facultati
1483 1456 1564 1493 sub-

172 1507 279 1553 jectae
306 1508 388 1552 sint,
408 1521 539 1544 summa
567 1518 680 1544 nostra
706 1517 817 1558 sponte
843 1521 1048 1552 moveamur,
1067 1517 1105 1544 ut
1124 1508 1173 1544 ad
1197 1521 1252 1544 eas
1279 1509 1353 1545 nati
1373 1509 1562 1548 videamur.

181 1572 211 1596 c.
236 1565 367 1606 17-20.
421 1561 600 1598 Actionum
630 1568 742 1598 autem
769 1561 850 1598 aliae
876 1561 954 1597 aliis
978 1570 1058 1599 sunt
1077 1561 1214 1608 majores
1231 1563 1534 1613 excellentioresque
1548 1581 1561 1600 .-

181 1613 342 1650 maximae
359 1626 450 1657 vero,
470 1614 609 1664 cognitio
636 1627 744 1651 rerum
770 1615 949 1651 coelestium
976 1624 1007 1651 et
1034 1627 1057 1651 a
1084 1624 1210 1651 natura
1237 1615 1455 1660 occultarum,
1477 1631 1564 1676 quas

180 1665 346 1725 indagare
363 1667 448 1704 ratio
469 1676 600 1718 potest;
631 1667 877 1704 administratio
906 1667 1110 1719 reipublicae,
1130 1677 1192 1704 aut
1218 1668 1481 1705 administrandi
1498 1671 1562 1706 sci-

181 1720 284 1762 entia,
301 1729 370 1756 tum
384 1721 543 1771 prudens,
562 1730 758 1771 temperata,
775 1721 883 1770 fortis
912 1731 943 1758 et
961 1730 1062 1769 Justa
1081 1722 1179 1763 ratio,
1199 1729 1359 1772 ceteraeqi
1363 1735 1378 1758 e
1401 1723 1561 1767 eiiitutcs,

180 1782 213 1809 et
229 1773 370 1810 actiones
397 1774 585 1811 virtutibus
610 1782 834 1824 congruentes,
853 1789 933 1825 quae
959 1775 1069 1811 omnia
1086 1775 1219 1812 honesta
1246 1775 1398 1820 dicimus,
1416 1776 1467 1812 ad
1482 1790 1562 1827 quo-

178 1839 254 1863 rum
284 1827 510 1876 cognitionem,
539 1835 667 1865 natura
699 1829 772 1878 ipsa
796 1837 982 1879 praeeunte,
1014 1827 1220 1873 deducimur,
1254 1843 1396 1880 quaeque
1416 1839 1563 1880 prseter-

180 1893 295 1930 quam,
324 1879 415 1930 quod
436 1895 493 1917 nos
521 1882 584 1932 ipsi
608 1880 793 1931 diligimus,
825 1883 926 1919 etiam
957 1891 1076 1932 suapte
1104 1892 1232 1919 natura
1259 1883 1443 1933 appetenda
1472 1893 1562 1922 sunt.

180 1946 210 1969 o.
230 1939 293 1970 21.
314 1940 377 1971 22.
431 1935 474 1970 In
500 1935 586 1971 omni
612 1934 741 1971 honesto
767 1943 879 1972 autem
905 1935 956 1971 nil
984 1945 1033 1972 est
1059 1936 1239 1979 illustrius,
1265 1950 1366 1985 quam
1394 1936 1562 1974 bominum

181 1987 374 2033 conjunctio,
396 2000 489 2034 quus
507 1988 643 2025 innatus
662 1998 711 2024 est
729 1988 820 2025 nobis
839 2002 958 2025 amor:
987 2002 1088 2039 quam
1115 2003 1194 2039 quae
1220 1996 1332 2026 tuetur
1349 1990 1455 2026 animi
1474 1990 1562 2038 affe·

179 2040 255 2083 ctio,
271 2039 415 2086 justitia
441 2041 641 2100 appellatur,
659 2042 752 2100 eique
771 2042 896 2092 pietas,
918 2041 1059 2086 bonitas,
1078 2042 1278 2085 liberalitas,
1298 2044 1445 2087 comitas,
1469 2044 1560 2081 alia·-

181 2106 244 2152 que
262 2106 331 2141 eJus
344 2095 490 2144 generis,
511 2095 560 2131 ita
572 2096 712 2145 propria
731 2104 825 2139 sunt,
845 2102 883 2132 ut
906 2096 975 2132 sint
1001 2096 1169 2132 ‘virtutum
1189 2096 1394 2147 riliquarum
1413 2111 1558 2134 commu-

180 2146 250 2184 nia.
304 2147 364 2184 Ita
370 2146 435 2193 fit
453 2154 492 2184 ut
508 2149 570 2185 illa
587 2148 768 2207 conjunctio
785 2149 885 2185 etiam
907 2159 970 2198 per
993 2162 1026 2185 se
1051 2149 1236 2209 appetenda
1255 2151 1310 2187 sit.
1367 2151 1484 2200 Neque
1502 2161 1559 2188 ta-

180 2213 252 2236 men
278 2210 328 2237 est
353 2201 388 2237 in
403 2200 480 2247 fine
508 2201 673 2245 bonorum,
693 2202 774 2252 quia
793 2211 841 2238 est
859 2203 1072 2246 extrinsecus,
1093 2215 1195 2253 neque
1214 2203 1249 2238 in
1267 2204 1378 2240 animo
1401 2217 1504 2254 neque
1522 2205 1560 2240 in

178 2264 308 2304 corpore
327 2255 451 2304 posita.
507 2256 588 2292 Duo
606 2269 684 2312 ergo
703 2265 780 2292 sunt
801 2269 930 2305 genera
953 2266 1013 2305 per
1029 2268 1064 2291 se
1079 2255 1356 2306 expetendorum.-
1385 2270 1502 2302 unum,
1522 2258 1559 2293 in

179 2320 243 2356 quo
259 2317 307 2344 est
309 2306 398 2353 finis
417 2308 485 2352 ille,
504 2322 583 2359 quae
599 2309 679 2345 sunt
693 2318 754 2346 aut
773 2308 878 2345 animi
895 2318 957 2345 aut
975 2309 1138 2359 corporis·
1129 2337 1138 2354 ,
1170 2309 1356 2352 alterum,
1344 2323 1379 2345 111
1396 2323 1460 2359 quo
1478 2320 1560 2347 sunt

178 2373 228 2396 res
246 2361 446 2398 extrinsecus
458 2362 603 2412 positae5
624 2375 703 2413 quae
720 2375 923 2412 quamquam
941 2375 1005 2398 non
1028 2363 1232 2399 continentur
1244 2376 1369 2399 summo
1389 2362 1481 2423 bono,
1501 2370 1558 2400 ta-

179 2427 251 2450 men
276 2414 327 2452 ad
351 2414 390 2451 id
412 2416 615 2464 referuntur,
641 2415 730 2466 quod
745 2429 800 2452 eas
818 2415 868 2453 bis
885 2414 1000 2464 officiis
1022 2425 1166 2460 tuemur,
1187 2430 1266 2466 quae
1284 2430 1307 2452 a
1324 2430 1383 2453 suo
1401 2430 1559 2467 quusque

170 2480 293 2517 genere
324 2469 464 2505 virtutis
495 2469 657 2507 oriuntur.
685 2483 714 2507 c.
740 2475 803 2507 23.
833 2475 897 2507 24.
953 2469 1042 2506 Haec
1071 2479 1119 2506 est
1151 2469 1386 2519 Peripateticae
1419 2471 1558 2507 rationis

177 2535 320 2566 summa,
341 2534 384 2558 ex
399 2535 467 2572 qua
485 2523 580 2559 ceteri
597 2536 702 2559 omnes
715 2522 921 2573 particulam
948 2522 1100 2572 aliquam
1119 2522 1350 2566 detraxerunt,
1369 2537 1442 2560 cum
1459 2537 1557 2560 suam

177 2575 314 2625 quisque
332 2575 454 2623 afferre
472 2576 582 2612 videri
599 2577 699 2614 vellet
716 2577 924 2613 sententiam.
944 2590 972 2613 c.
992 2582 1056 2613 25.
1112 2577 1258 2626 Reliqua
1274 2575 1458 2626 disputatio
1475 2591 1556 2613 vcr-

177 2637 274 2664 satur
290 2629 325 2665 in
342 2628 507 2666 diluendis
533 2630 588 2679 iis,
607 2643 685 2680 quae
707 2629 818 2667 Cicero
845 2629 886 2665 de
912 2629 1135 2666 inconstantia
1154 2630 1390 2688 Peripateticae
1416 2631 1556 2667 rationis

177 2681 378 2719 disseruerat
396 2696 423 2719 c.
442 2683 506 2720 26.
523 2697 573 2733 sq.
593 2696 662 2733 qua
679 2683 874 2727 ostenditur,
895 2692 1028 2720 tantam
1055 2695 1124 2719 esse
1149 2683 1290 2720 virtutis
1315 2683 1555 2743 excellentiam,

179 2741 217 2770 ut
235 2734 386 2772 bonorum
406 2745 611 2773 externorum
630 2736 791 2786 defectum
813 2735 946 2780 obruat,
972 2735 1135 2796 nihiloque
1161 2737 1268 2773 minus
1289 2736 1404 2773 beatus
1424 2737 1555 2787 sapiens

178 2786 249 2834 dict
254 2799 371 2838 possit,
388 2790 450 2826 etsi
466 2790 502 2826 in
519 2790 666 2826 molestia
693 2789 843 2840 quadam
861 2789 931 2826 sit·
923 2817 933 2831 ‚
963 2791 1142 2827 accessione
1168 2799 1280 2828 autem
1306 2790 1437 2828 illorum
1459 2789 1554 2827 bono-

178 2854 251 2878 rum
271 2850 332 2879 aut
348 2841 524 2881 decessione
528 2842 613 2890 fieri
630 2843 736 2881 alium
754 2844 820 2881 alio
838 2842 1023 2881 beatiorem
