<?xml version="1.0" encoding="UTF-8"?>
<!DOCTYPE html PUBLIC "-//W3C//DTD XHTML 1.0 Transitional//EN"
    "http://www.w3.org/TR/xhtml1/DTD/xhtml1-transitional.dtd">
<html xmlns="http://www.w3.org/1999/xhtml" xml:lang="en" lang="en">
 <head>
  <title>
</title>
<meta http-equiv="Content-Type" content="text/html;charset=utf-8" />
  <meta name='ocr-system' content='tesseract 3.04.00' />
  <meta name='ocr-capabilities' content='ocr_page ocr_carea ocr_par ocr_line ocrx_word'/>
</head>
<body>
  <div class='ocr_page' id='page_1' title='image "./p1operaomnia04ciceuoft_0215.png"; bbox 0 0 1778 3095; ppageno 0'>
   <div class='ocr_carea' id='block_1_1' title="bbox 587 128 1557 175">
    <p class='ocr_par' dir='ltr' id='par_1_1' title="bbox 587 128 1557 175">
     <span class='ocr_line' id='line_1_1' title="bbox 587 128 1557 175; baseline 0.001 -8"><span class='ocrx_word' id='word_1_1' title='bbox 587 129 772 167; x_wconf 85' lang='lat' dir='ltr'>LIBER</span> <span class='ocrx_word' id='word_1_2' title='bbox 799 128 1095 167; x_wconf 75' lang='lat' dir='ltr'><strong>QUINTUS.</strong></span> <span class='ocrx_word' id='word_1_3' title='bbox 1477 134 1557 175; x_wconf 83' lang='grc'><strong>207</strong></span> 
     </span>
    </p>
   </div>
   <div class='ocr_carea' id='block_1_2' title="bbox 124 233 1658 2445">
    <p class='ocr_par' dir='ltr' id='par_1_2' title="bbox 124 233 1658 2445">
     <span class='ocr_line' id='line_1_2' title="bbox 125 233 1563 291; baseline -0.003 -9"><span class='ocrx_word' id='word_1_4' title='bbox 125 239 186 282; x_wconf 84' lang='lat' dir='ltr'><strong>uti</strong></span> <span class='ocrx_word' id='word_1_5' title='bbox 219 239 340 281; x_wconf 90' lang='lat' dir='ltr'><strong>solet.</strong></span> <span class='ocrx_word' id='word_1_6' title='bbox 399 237 477 279; x_wconf 90' lang='lat' dir='ltr'><strong>Ille</strong></span> <span class='ocrx_word' id='word_1_7' title='bbox 506 234 638 291; x_wconf 88' lang='lat' dir='ltr'><strong>igitur</strong></span> <span class='ocrx_word' id='word_1_8' title='bbox 666 234 783 286; x_wconf 86' lang='lat' dir='ltr'><strong>vidit,</strong></span> <span class='ocrx_word' id='word_1_9' title='bbox 811 250 897 277; x_wconf 91' lang='lat' dir='ltr'><strong>non</strong></span> <span class='ocrx_word' id='word_1_10' title='bbox 927 234 1060 276; x_wconf 88' lang='lat' dir='ltr'><strong>modo</strong></span> <span class='ocrx_word' id='word_1_11' title='bbox 1090 242 1198 290; x_wconf 90' lang='lat' dir='ltr'><strong>quot</strong></span> <span class='ocrx_word' id='word_1_12' title='bbox 1223 233 1403 276; x_wconf 83' lang='lat' dir='ltr'><strong>fuissent</strong></span> <span class='ocrx_word' id='word_1_13' title='bbox 1421 236 1563 281; x_wconf 85' lang='lat' dir='ltr'><strong>adhuc</strong></span> 
     </span>
     <span class='ocr_line' id='line_1_3' title="bbox 124 290 1564 352; baseline -0.007 -15"><span class='ocrx_word' id='word_1_14' title='bbox 124 295 476 352; x_wconf 88' lang='lat' dir='ltr'><strong>philosophorum</strong></span> <span class='ocrx_word' id='word_1_15' title='bbox 504 292 558 333; x_wconf 88' lang='lat' dir='ltr'><strong>de</strong></span> <span class='ocrx_word' id='word_1_16' title='bbox 587 306 757 333; x_wconf 90' lang='lat' dir='ltr'><strong>summo</strong></span> <span class='ocrx_word' id='word_1_17' title='bbox 784 291 913 343; x_wconf 88' lang='lat' dir='ltr'><strong>bono,</strong></span> <span class='ocrx_word' id='word_1_18' title='bbox 934 290 1010 332; x_wconf 89' lang='lat' dir='ltr'><strong>sed</strong></span> <span class='ocrx_word' id='word_1_19' title='bbox 1030 299 1137 347; x_wconf 86' lang='lat' dir='ltr'><strong>quot</strong></span> <span class='ocrx_word' id='word_1_20' title='bbox 1157 290 1331 332; x_wconf 90' lang='lat' dir='ltr'><strong>omnino</strong></span> <span class='ocrx_word' id='word_1_21' title='bbox 1351 305 1442 333; x_wconf 86' lang='lat' dir='ltr'><strong>esse</strong></span> <span class='ocrx_word' id='word_1_22' title='bbox 1461 308 1564 347; x_wconf 78' lang='lat' dir='ltr'><strong>pos..</strong></span> 
     </span>
     <span class='ocr_line' id='line_1_4' title="bbox 127 347 1564 404; baseline -0.002 -10"><span class='ocrx_word' id='word_1_23' title='bbox 127 362 222 394; x_wconf 89' lang='lat' dir='ltr'><strong>sent</strong></span> <span class='ocrx_word' id='word_1_24' title='bbox 241 351 468 394; x_wconf 86' lang='lat' dir='ltr'><strong>sententiae.</strong></span> <span class='ocrx_word' id='word_1_25' title='bbox 525 349 728 404; x_wconf 81' lang='lat' dir='ltr'>Negabat</span> <span class='ocrx_word' id='word_1_26' title='bbox 756 347 889 404; x_wconf 86' lang='lat' dir='ltr'><strong>igitur</strong></span> <span class='ocrx_word' id='word_1_27' title='bbox 916 347 1050 389; x_wconf 89' lang='lat' dir='ltr'><strong>ullam</strong></span> <span class='ocrx_word' id='word_1_28' title='bbox 1079 361 1169 389; x_wconf 91' lang='lat' dir='ltr'><strong>esse</strong></span> <span class='ocrx_word' id='word_1_29' title='bbox 1188 356 1337 399; x_wconf 89' lang='lat' dir='ltr'><strong>artem,</strong></span> <span class='ocrx_word' id='word_1_30' title='bbox 1357 362 1453 403; x_wconf 88' lang='lat' dir='ltr'><strong>quae</strong></span> <span class='ocrx_word' id='word_1_31' title='bbox 1473 349 1564 404; x_wconf 87' lang='lat' dir='ltr'><strong>ipsa</strong></span> 
     </span>
     <span class='ocr_line' id='line_1_5' title="bbox 128 403 1565 464; baseline -0.002 -14"><span class='ocrx_word' id='word_1_32' title='bbox 128 423 155 450; x_wconf 90' lang='lat' dir='ltr'><strong>a</strong></span> <span class='ocrx_word' id='word_1_33' title='bbox 185 423 228 450; x_wconf 89' lang='lat' dir='ltr'><strong>se</strong></span> <span class='ocrx_word' id='word_1_34' title='bbox 257 407 604 464; x_wconf 88' lang='lat' dir='ltr'><strong>proficisceretur.</strong></span> <span class='ocrx_word' id='word_1_35' title='bbox 633 405 790 447; x_wconf 84' lang='lat' dir='ltr'><strong>etenim</strong></span> <span class='ocrx_word' id='word_1_36' title='bbox 819 419 985 460; x_wconf 86' lang='lat' dir='ltr'><strong>semper</strong></span> <span class='ocrx_word' id='word_1_37' title='bbox 1013 403 1119 445; x_wconf 91' lang='lat' dir='ltr'><strong>illud</strong></span> <span class='ocrx_word' id='word_1_38' title='bbox 1149 413 1267 445; x_wconf 88' lang='lat' dir='ltr'><strong>extra</strong></span> <span class='ocrx_word' id='word_1_39' title='bbox 1289 413 1369 454; x_wconf 89' lang='lat' dir='ltr'><strong>est,</strong></span> <span class='ocrx_word' id='word_1_40' title='bbox 1390 412 1432 436; x_wconf 78' lang='lat'><strong>20</strong></span> <span class='ocrx_word' id='word_1_41' title='bbox 1448 406 1565 460; x_wconf 90' lang='lat' dir='ltr'><strong>quod</strong></span> 
     </span>
     <span class='ocr_line' id='line_1_6' title="bbox 129 460 1563 520; baseline -0.003 -14"><span class='ocrx_word' id='word_1_42' title='bbox 129 475 220 507; x_wconf 85' lang='lat' dir='ltr'><strong>arte</strong></span> <span class='ocrx_word' id='word_1_43' title='bbox 238 462 622 520; x_wconf 86' lang='lat' dir='ltr'><strong>comprehenditur.</strong></span> <span class='ocrx_word' id='word_1_44' title='bbox 652 461 757 503; x_wconf 84' lang='lat' dir='ltr'><strong>nihil</strong></span> <span class='ocrx_word' id='word_1_45' title='bbox 776 475 884 517; x_wconf 90' lang='lat' dir='ltr'><strong>opus</strong></span> <span class='ocrx_word' id='word_1_46' title='bbox 904 470 969 502; x_wconf 90' lang='lat' dir='ltr'><strong>est</strong></span> <span class='ocrx_word' id='word_1_47' title='bbox 988 460 1192 516; x_wconf 86' lang='lat' dir='ltr'><strong>exemplis</strong></span> <span class='ocrx_word' id='word_1_48' title='bbox 1211 460 1296 501; x_wconf 92' lang='lat' dir='ltr'><strong>hoc</strong></span> <span class='ocrx_word' id='word_1_49' title='bbox 1314 460 1451 502; x_wconf 88' lang='lat' dir='ltr'><strong>facere</strong></span> <span class='ocrx_word' id='word_1_50' title='bbox 1468 460 1563 502; x_wconf 89' lang='lat' dir='ltr'><strong>lon-</strong></span> 
     </span>
     <span class='ocr_line' id='line_1_7' title="bbox 129 516 1567 577; baseline -0.003 -14"><span class='ocrx_word' id='word_1_51' title='bbox 129 521 242 577; x_wconf 86' lang='lat' dir='ltr'><strong>gius.</strong></span> <span class='ocrx_word' id='word_1_52' title='bbox 272 529 336 562; x_wconf 88' lang='lat' dir='ltr'><strong>est</strong></span> <span class='ocrx_word' id='word_1_53' title='bbox 363 519 476 561; x_wconf 87' lang='lat' dir='ltr'><strong>enim</strong></span> <span class='ocrx_word' id='word_1_54' title='bbox 507 518 793 575; x_wconf 87' lang='lat' dir='ltr'><strong>perspicuum,</strong></span> <span class='ocrx_word' id='word_1_55' title='bbox 817 518 978 559; x_wconf 88' lang='lat' dir='ltr'><strong>nullam</strong></span> <span class='ocrx_word' id='word_1_56' title='bbox 1007 526 1141 560; x_wconf 83' lang='lat' dir='ltr'><strong>artem</strong></span> <span class='ocrx_word' id='word_1_57' title='bbox 1168 517 1212 558; x_wconf 92' lang='lat' dir='ltr'><strong>in</strong></span> <span class='ocrx_word' id='word_1_58' title='bbox 1240 531 1286 558; x_wconf 87' lang='lat' dir='ltr'><strong>se</strong></span> <span class='ocrx_word' id='word_1_59' title='bbox 1303 517 1470 569; x_wconf 89' lang='lat' dir='ltr'><strong>versari,</strong></span> <span class='ocrx_word' id='word_1_60' title='bbox 1491 516 1567 559; x_wconf 84' lang='lat' dir='ltr'><strong>sed</strong></span> 
     </span>
     <span class='ocr_line' id='line_1_8' title="bbox 130 573 1568 631; baseline -0.003 -12"><span class='ocrx_word' id='word_1_61' title='bbox 130 592 222 619; x_wconf 89' lang='lat' dir='ltr'><strong>esse</strong></span> <span class='ocrx_word' id='word_1_62' title='bbox 257 575 372 617; x_wconf 89' lang='lat' dir='ltr'><strong>aliud</strong></span> <span class='ocrx_word' id='word_1_63' title='bbox 409 585 544 618; x_wconf 87' lang='lat' dir='ltr'><strong>artem</strong></span> <span class='ocrx_word' id='word_1_64' title='bbox 581 575 732 631; x_wconf 84' lang='lat' dir='ltr'><strong>ipsam,</strong></span> <span class='ocrx_word' id='word_1_65' title='bbox 770 574 885 616; x_wconf 87' lang='lat' dir='ltr'><strong>aliud</strong></span> <span class='ocrx_word' id='word_1_66' title='bbox 921 574 1037 631; x_wconf 90' lang='lat' dir='ltr'><strong>quod</strong></span> <span class='ocrx_word' id='word_1_67' title='bbox 1072 574 1340 630; x_wconf 88' lang='lat' dir='ltr'><strong>propositum</strong></span> <span class='ocrx_word' id='word_1_68' title='bbox 1377 574 1434 616; x_wconf 90' lang='lat' dir='ltr'><strong>sit</strong></span> <span class='ocrx_word' id='word_1_69' title='bbox 1471 573 1568 616; x_wconf 88' lang='lat' dir='ltr'><strong>arti.</strong></span> 
     </span>
     <span class='ocr_line' id='line_1_9' title="bbox 131 630 1568 689; baseline -0.001 -16"><span class='ocrx_word' id='word_1_70' title='bbox 131 643 169 666; x_wconf 75' lang='lat'><strong>21</strong></span> <span class='ocrx_word' id='word_1_71' title='bbox 187 632 400 689; x_wconf 71' lang='lat' dir='ltr'><strong>Quoniam</strong></span> <span class='ocrx_word' id='word_1_72' title='bbox 426 633 571 688; x_wconf 87' lang='lat' dir='ltr'><strong>igitur,</strong></span> <span class='ocrx_word' id='word_1_73' title='bbox 591 640 640 673; x_wconf 90' lang='lat' dir='ltr'><strong>ut</strong></span> <span class='ocrx_word' id='word_1_74' title='bbox 667 631 878 673; x_wconf 88' lang='lat' dir='ltr'><strong>medicina</strong></span> <span class='ocrx_word' id='word_1_75' title='bbox 902 630 1158 682; x_wconf 86' lang='lat' dir='ltr'><strong>valitudinis,</strong></span> <span class='ocrx_word' id='word_1_76' title='bbox 1178 630 1455 686; x_wconf 85' lang='lat' dir='ltr'><strong>navigationis</strong></span> <span class='ocrx_word' id='word_1_77' title='bbox 1482 644 1568 687; x_wconf 88' lang='lat' dir='ltr'><strong>gu-</strong></span> 
     </span>
     <span class='ocr_line' id='line_1_10' title="bbox 131 688 1570 744; baseline -0.003 -12"><span class='ocrx_word' id='word_1_78' title='bbox 131 689 334 740; x_wconf 85' lang='lat' dir='ltr'><strong>bernatio,</strong></span> <span class='ocrx_word' id='word_1_79' title='bbox 357 690 416 731; x_wconf 89' lang='lat' dir='ltr'><strong>sic</strong></span> <span class='ocrx_word' id='word_1_80' title='bbox 435 689 596 731; x_wconf 86' lang='lat' dir='ltr'><strong>vivendi</strong></span> <span class='ocrx_word' id='word_1_81' title='bbox 616 704 682 730; x_wconf 89' lang='lat' dir='ltr'><strong>ars</strong></span> <span class='ocrx_word' id='word_1_82' title='bbox 704 697 768 730; x_wconf 88' lang='lat' dir='ltr'><strong>est</strong></span> <span class='ocrx_word' id='word_1_83' title='bbox 786 688 1030 744; x_wconf 88' lang='lat' dir='ltr'><strong>prudentia:</strong></span> <span class='ocrx_word' id='word_1_84' title='bbox 1059 701 1228 729; x_wconf 87' lang='lat' dir='ltr'><strong>necesse</strong></span> <span class='ocrx_word' id='word_1_85' title='bbox 1247 695 1327 738; x_wconf 90' lang='lat' dir='ltr'><strong>est,</strong></span> <span class='ocrx_word' id='word_1_86' title='bbox 1346 701 1439 729; x_wconf 90' lang='lat' dir='ltr'><strong>eam</strong></span> <span class='ocrx_word' id='word_1_87' title='bbox 1461 701 1570 744; x_wconf 92' lang='lat' dir='ltr'><strong>quo-</strong></span> 
     </span>
     <span class='ocr_line' id='line_1_11' title="bbox 131 743 1633 802; baseline -0.001 -16"><span class='ocrx_word' id='word_1_88' title='bbox 131 760 215 802; x_wconf 92' lang='lat' dir='ltr'><strong>que</strong></span> <span class='ocrx_word' id='word_1_89' title='bbox 234 745 288 786; x_wconf 90' lang='lat' dir='ltr'><strong>ab</strong></span> <span class='ocrx_word' id='word_1_90' title='bbox 307 745 389 787; x_wconf 88' lang='lat' dir='ltr'><strong>alia</strong></span> <span class='ocrx_word' id='word_1_91' title='bbox 407 760 451 788; x_wconf 91' lang='lat' dir='ltr'><strong>re</strong></span> <span class='ocrx_word' id='word_1_92' title='bbox 472 761 563 788; x_wconf 91' lang='lat' dir='ltr'><strong>esse</strong></span> <span class='ocrx_word' id='word_1_93' title='bbox 581 746 856 787; x_wconf 82' lang='lat' dir='ltr'><strong>constitutam</strong></span> <span class='ocrx_word' id='word_1_94' title='bbox 886 754 929 787; x_wconf 91' lang='lat' dir='ltr'><strong>et</strong></span> <span class='ocrx_word' id='word_1_95' title='bbox 958 745 1208 801; x_wconf 86' lang='lat' dir='ltr'><strong>profectam.</strong></span> <span class='ocrx_word' id='word_1_96' title='bbox 1268 743 1475 785; x_wconf 84' lang='lat' dir='ltr'><strong>Constitit</strong></span> <span class='ocrx_word' id='word_1_97' title='bbox 1493 757 1569 785; x_wconf 87' lang='lat' dir='ltr'><strong>au·</strong></span> <span class='ocrx_word' id='word_1_98' title='bbox 1585 751 1633 792; x_wconf 87' lang='lat'><strong>17</strong></span> 
     </span>
     <span class='ocr_line' id='line_1_12' title="bbox 131 800 1574 858; baseline -0.001 -14"><span class='ocrx_word' id='word_1_99' title='bbox 131 812 220 844; x_wconf 90' lang='lat' dir='ltr'><strong>tem</strong></span> <span class='ocrx_word' id='word_1_100' title='bbox 241 802 327 843; x_wconf 87' lang='lat' dir='ltr'><strong>fere.</strong></span> <span class='ocrx_word' id='word_1_101' title='bbox 342 803 450 844; x_wconf 87' lang='lat' dir='ltr'><strong>inter</strong></span> <span class='ocrx_word' id='word_1_102' title='bbox 465 817 627 854; x_wconf 89' lang='lat' dir='ltr'><strong>omnes,</strong></span> <span class='ocrx_word' id='word_1_103' title='bbox 647 802 706 854; x_wconf 91' lang='lat' dir='ltr'><strong>id,</strong></span> <span class='ocrx_word' id='word_1_104' title='bbox 725 802 767 843; x_wconf 93' lang='lat' dir='ltr'><strong>in</strong></span> <span class='ocrx_word' id='word_1_105' title='bbox 787 817 872 858; x_wconf 92' lang='lat' dir='ltr'><strong>quo</strong></span> <span class='ocrx_word' id='word_1_106' title='bbox 888 802 1112 858; x_wconf 87' lang='lat' dir='ltr'><strong>prudentia</strong></span> <span class='ocrx_word' id='word_1_107' title='bbox 1128 809 1376 852; x_wconf 87' lang='lat' dir='ltr'><strong>versaretur,</strong></span> <span class='ocrx_word' id='word_1_108' title='bbox 1393 808 1437 842; x_wconf 86' lang='lat' dir='ltr'><strong>et</strong></span> <span class='ocrx_word' id='word_1_109' title='bbox 1455 800 1574 856; x_wconf 83' lang='lat' dir='ltr'><strong>quod</strong></span> 
     </span>
     <span class='ocr_line' id='line_1_13' title="bbox 132 858 1574 916; baseline -0.001 -16"><span class='ocrx_word' id='word_1_110' title='bbox 132 859 299 914; x_wconf 86' lang='lat' dir='ltr'><strong>assequi</strong></span> <span class='ocrx_word' id='word_1_111' title='bbox 327 859 463 911; x_wconf 84' lang='lat' dir='ltr'><strong>vellet,</strong></span> <span class='ocrx_word' id='word_1_112' title='bbox 484 869 647 916; x_wconf 89' lang='lat' dir='ltr'><strong>aptum,</strong></span> <span class='ocrx_word' id='word_1_113' title='bbox 667 868 711 900; x_wconf 89' lang='lat' dir='ltr'><strong>et</strong></span> <span class='ocrx_word' id='word_1_114' title='bbox 734 858 1109 900; x_wconf 87' lang='lat' dir='ltr'><strong>accommodatum</strong></span> <span class='ocrx_word' id='word_1_115' title='bbox 1138 866 1298 900; x_wconf 84' lang='lat' dir='ltr'><strong>naturae</strong></span> <span class='ocrx_word' id='word_1_116' title='bbox 1328 871 1420 899; x_wconf 87' lang='lat' dir='ltr'><strong>esse</strong></span> <span class='ocrx_word' id='word_1_117' title='bbox 1445 871 1574 913; x_wconf 89' lang='lat' dir='ltr'><strong>opor-</strong></span> 
     </span>
     <span class='ocr_line' id='line_1_14' title="bbox 132 914 1574 972; baseline 0 -16"><span class='ocrx_word' id='word_1_118' title='bbox 132 923 236 966; x_wconf 87' lang='lat' dir='ltr'><strong>tere,</strong></span> <span class='ocrx_word' id='word_1_119' title='bbox 254 924 297 956; x_wconf 91' lang='lat' dir='ltr'><strong>et</strong></span> <span class='ocrx_word' id='word_1_120' title='bbox 315 915 414 968; x_wconf 88' lang='lat' dir='ltr'><strong>tale,</strong></span> <span class='ocrx_word' id='word_1_121' title='bbox 434 927 484 958; x_wconf 91' lang='lat' dir='ltr'><strong>ut</strong></span> <span class='ocrx_word' id='word_1_122' title='bbox 501 917 640 972; x_wconf 86' lang='lat' dir='ltr'><strong>ipsum</strong></span> <span class='ocrx_word' id='word_1_123' title='bbox 663 930 737 971; x_wconf 89' lang='lat' dir='ltr'><strong>per</strong></span> <span class='ocrx_word' id='word_1_124' title='bbox 758 930 803 956; x_wconf 89' lang='lat' dir='ltr'><strong>se</strong></span> <span class='ocrx_word' id='word_1_125' title='bbox 822 915 1030 967; x_wconf 85' lang='lat' dir='ltr'><strong>invitaret,</strong></span> <span class='ocrx_word' id='word_1_126' title='bbox 1049 924 1092 956; x_wconf 91' lang='lat' dir='ltr'><strong>et</strong></span> <span class='ocrx_word' id='word_1_127' title='bbox 1121 915 1308 956; x_wconf 82' lang='lat' dir='ltr'><strong>alliceret</strong></span> <span class='ocrx_word' id='word_1_128' title='bbox 1334 914 1574 970; x_wconf 88' lang='lat' dir='ltr'><strong>appetitum</strong></span> 
     </span>
     <span class='ocr_line' id='line_1_15' title="bbox 134 970 1576 1030; baseline -0.001 -16"><span class='ocrx_word' id='word_1_129' title='bbox 134 972 264 1014; x_wconf 87' lang='lat' dir='ltr'><strong>animi</strong></span> <span class='ocrx_word' id='word_1_130' title='bbox 281 988 293 1024; x_wconf 81' lang='lat'>3</span> <span class='ocrx_word' id='word_1_131' title='bbox 326 981 365 1005; x_wconf 79' lang='lat'><strong>22</strong></span> <span class='ocrx_word' id='word_1_132' title='bbox 382 988 511 1030; x_wconf 91' lang='lat' dir='ltr'><strong>quem</strong></span> <span class='ocrx_word' id='word_1_133' title='bbox 532 975 638 1029; x_wconf 81' lang='grc' dir='ltr'>ὁρμὴν</span> <span class='ocrx_word' id='word_1_134' title='bbox 661 973 803 1014; x_wconf 87' lang='lat' dir='ltr'><strong>Graeci</strong></span> <span class='ocrx_word' id='word_1_135' title='bbox 821 982 986 1014; x_wconf 88' lang='lat' dir='ltr'><strong>vocant.</strong></span> <span class='ocrx_word' id='word_1_136' title='bbox 1045 971 1165 1014; x_wconf 75' lang='lat' dir='ltr'><strong>Quid</strong></span> <span class='ocrx_word' id='word_1_137' title='bbox 1193 980 1336 1013; x_wconf 90' lang='lat' dir='ltr'><strong>autem</strong></span> <span class='ocrx_word' id='word_1_138' title='bbox 1365 971 1434 1022; x_wconf 89' lang='lat' dir='ltr'><strong>sit,</strong></span> <span class='ocrx_word' id='word_1_139' title='bbox 1456 970 1576 1027; x_wconf 81' lang='lat' dir='ltr'><strong>quod</strong></span> 
     </span>
     <span class='ocr_line' id='line_1_16' title="bbox 133 1029 1576 1087; baseline -0.001 -17"><span class='ocrx_word' id='word_1_140' title='bbox 133 1029 193 1070; x_wconf 89' lang='lat' dir='ltr'><strong>ita</strong></span> <span class='ocrx_word' id='word_1_141' title='bbox 226 1039 406 1081; x_wconf 88' lang='lat' dir='ltr'><strong>moveat,</strong></span> <span class='ocrx_word' id='word_1_142' title='bbox 441 1030 584 1087; x_wconf 91' lang='lat' dir='ltr'><strong>itaque</strong></span> <span class='ocrx_word' id='word_1_143' title='bbox 611 1045 637 1071; x_wconf 89' lang='lat' dir='ltr'><strong>a</strong></span> <span class='ocrx_word' id='word_1_144' title='bbox 667 1039 815 1070; x_wconf 74' lang='lat' dir='ltr'><strong>natura</strong></span> <span class='ocrx_word' id='word_1_145' title='bbox 847 1029 890 1070; x_wconf 91' lang='lat' dir='ltr'><strong>in</strong></span> <span class='ocrx_word' id='word_1_146' title='bbox 921 1029 1059 1084; x_wconf 93' lang='lat' dir='ltr'><strong>primo</strong></span> <span class='ocrx_word' id='word_1_147' title='bbox 1092 1036 1190 1070; x_wconf 92' lang='lat' dir='ltr'><strong>ortu</strong></span> <span class='ocrx_word' id='word_1_148' title='bbox 1222 1036 1459 1083; x_wconf 84' lang='lat' dir='ltr'><strong>appetatur,</strong></span> <span class='ocrx_word' id='word_1_149' title='bbox 1489 1042 1576 1069; x_wconf 85' lang='lat' dir='ltr'><strong>non</strong></span> 
     </span>
     <span class='ocr_line' id='line_1_17' title="bbox 136 1085 1575 1142; baseline -0.001 -15"><span class='ocrx_word' id='word_1_150' title='bbox 136 1095 317 1137; x_wconf 85' lang='lat' dir='ltr'><strong>constat,</strong></span> <span class='ocrx_word' id='word_1_151' title='bbox 339 1086 477 1142; x_wconf 90' lang='lat' dir='ltr'><strong>deque</strong></span> <span class='ocrx_word' id='word_1_152' title='bbox 506 1102 558 1128; x_wconf 94' lang='lat' dir='ltr'><strong>eo</strong></span> <span class='ocrx_word' id='word_1_153' title='bbox 590 1095 656 1128; x_wconf 87' lang='lat' dir='ltr'><strong>est</strong></span> <span class='ocrx_word' id='word_1_154' title='bbox 683 1086 791 1127; x_wconf 90' lang='lat' dir='ltr'><strong>inter</strong></span> <span class='ocrx_word' id='word_1_155' title='bbox 821 1085 1118 1141; x_wconf 89' lang='lat' dir='ltr'><strong>philosophos,</strong></span> <span class='ocrx_word' id='word_1_156' title='bbox 1139 1099 1239 1126; x_wconf 89' lang='lat' dir='ltr'><strong>cum</strong></span> <span class='ocrx_word' id='word_1_157' title='bbox 1260 1099 1476 1126; x_wconf 87' lang='lat' dir='ltr'><strong>summum</strong></span> <span class='ocrx_word' id='word_1_158' title='bbox 1494 1085 1575 1126; x_wconf 90' lang='lat' dir='ltr'><strong>bo-</strong></span> 
     </span>
     <span class='ocr_line' id='line_1_18' title="bbox 136 1140 1578 1199; baseline -0.001 -15"><span class='ocrx_word' id='word_1_159' title='bbox 136 1158 240 1184; x_wconf 91' lang='lat' dir='ltr'><strong>num</strong></span> <span class='ocrx_word' id='word_1_160' title='bbox 260 1144 505 1199; x_wconf 82' lang='lat' dir='ltr'><strong>exquiritur,</strong></span> <span class='ocrx_word' id='word_1_161' title='bbox 526 1144 662 1184; x_wconf 89' lang='lat' dir='ltr'><strong>omnis</strong></span> <span class='ocrx_word' id='word_1_162' title='bbox 683 1143 899 1184; x_wconf 88' lang='lat' dir='ltr'><strong>dissensio.</strong></span> <span class='ocrx_word' id='word_1_163' title='bbox 920 1143 1050 1184; x_wconf 88' lang='lat' dir='ltr'><strong>totius</strong></span> <span class='ocrx_word' id='word_1_164' title='bbox 1070 1141 1184 1183; x_wconf 87' lang='lat' dir='ltr'><strong>enim</strong></span> <span class='ocrx_word' id='word_1_165' title='bbox 1202 1141 1448 1197; x_wconf 86' lang='lat' dir='ltr'><strong>quaestionis</strong></span> <span class='ocrx_word' id='word_1_166' title='bbox 1469 1140 1578 1197; x_wconf 83' lang='lat' dir='ltr'><strong>ejus,</strong></span> 
     </span>
     <span class='ocr_line' id='line_1_19' title="bbox 137 1198 1580 1256; baseline -0.001 -16"><span class='ocrx_word' id='word_1_167' title='bbox 137 1215 235 1256; x_wconf 85' lang='lat' dir='ltr'><strong>quae</strong></span> <span class='ocrx_word' id='word_1_168' title='bbox 254 1199 434 1242; x_wconf 89' lang='lat' dir='ltr'><strong>habetur</strong></span> <span class='ocrx_word' id='word_1_169' title='bbox 455 1201 507 1242; x_wconf 90' lang='lat' dir='ltr'><strong>de</strong></span> <span class='ocrx_word' id='word_1_170' title='bbox 528 1200 680 1241; x_wconf 85' lang='lat' dir='ltr'><strong>finibus</strong></span> <span class='ocrx_word' id='word_1_171' title='bbox 705 1200 915 1241; x_wconf 83' lang='lat' dir='ltr'><strong>bonorum</strong></span> <span class='ocrx_word' id='word_1_172' title='bbox 935 1209 979 1241; x_wconf 90' lang='lat' dir='ltr'><strong>et</strong></span> <span class='ocrx_word' id='word_1_173' title='bbox 995 1198 1220 1250; x_wconf 85' lang='lat' dir='ltr'><strong>malorum,</strong></span> <span class='ocrx_word' id='word_1_174' title='bbox 1243 1213 1341 1240; x_wconf 91' lang='lat' dir='ltr'><strong>cum</strong></span> <span class='ocrx_word' id='word_1_175' title='bbox 1361 1198 1580 1254; x_wconf 84' lang='lat' dir='ltr'><strong>quaeritur,</strong></span> 
     </span>
     <span class='ocr_line' id='line_1_20' title="bbox 139 1254 1581 1312; baseline -0.002 -14"><span class='ocrx_word' id='word_1_176' title='bbox 139 1256 183 1298; x_wconf 91' lang='lat' dir='ltr'><strong>in</strong></span> <span class='ocrx_word' id='word_1_177' title='bbox 213 1256 278 1297; x_wconf 87' lang='lat' dir='ltr'><strong>his</strong></span> <span class='ocrx_word' id='word_1_178' title='bbox 307 1257 408 1312; x_wconf 89' lang='lat' dir='ltr'><strong>quid</strong></span> <span class='ocrx_word' id='word_1_179' title='bbox 440 1258 494 1298; x_wconf 90' lang='lat' dir='ltr'><strong>sit</strong></span> <span class='ocrx_word' id='word_1_180' title='bbox 522 1265 757 1298; x_wconf 88' lang='lat' dir='ltr'><strong>extremum</strong></span> <span class='ocrx_word' id='word_1_181' title='bbox 785 1265 830 1297; x_wconf 88' lang='lat' dir='ltr'><strong>et</strong></span> <span class='ocrx_word' id='word_1_182' title='bbox 858 1255 1074 1307; x_wconf 88' lang='lat' dir='ltr'><strong>ultimum,</strong></span> <span class='ocrx_word' id='word_1_183' title='bbox 1094 1255 1190 1296; x_wconf 83' lang='lat' dir='ltr'><strong>fons</strong></span> <span class='ocrx_word' id='word_1_184' title='bbox 1209 1254 1479 1310; x_wconf 82' lang='lat' dir='ltr'><strong>reperiendus</strong></span> <span class='ocrx_word' id='word_1_185' title='bbox 1499 1263 1581 1305; x_wconf 88' lang='lat' dir='ltr'><strong>est,</strong></span> 
     </span>
     <span class='ocr_line' id='line_1_21' title="bbox 139 1311 1582 1369; baseline -0.002 -15"><span class='ocrx_word' id='word_1_186' title='bbox 139 1313 186 1354; x_wconf 89' lang='lat' dir='ltr'><strong>in</strong></span> <span class='ocrx_word' id='word_1_187' title='bbox 214 1327 300 1368; x_wconf 91' lang='lat' dir='ltr'><strong>quo</strong></span> <span class='ocrx_word' id='word_1_188' title='bbox 335 1313 419 1355; x_wconf 88' lang='lat' dir='ltr'><strong>sint</strong></span> <span class='ocrx_word' id='word_1_189' title='bbox 442 1314 578 1369; x_wconf 89' lang='lat' dir='ltr'><strong>prima</strong></span> <span class='ocrx_word' id='word_1_190' title='bbox 605 1313 876 1354; x_wconf 86' lang='lat' dir='ltr'><strong>invitamenta</strong></span> <span class='ocrx_word' id='word_1_191' title='bbox 904 1321 1079 1354; x_wconf 86' lang='lat' dir='ltr'><strong>naturae.</strong></span> <span class='ocrx_word' id='word_1_192' title='bbox 1111 1326 1196 1367; x_wconf 90' lang='lat' dir='ltr'><strong>quo</strong></span> <span class='ocrx_word' id='word_1_193' title='bbox 1227 1312 1411 1362; x_wconf 81' lang='lat' dir='ltr'><strong>invento,</strong></span> <span class='ocrx_word' id='word_1_194' title='bbox 1442 1311 1582 1352; x_wconf 86' lang='lat' dir='ltr'><strong>omnis</strong></span> 
     </span>
     <span class='ocr_line' id='line_1_22' title="bbox 142 1366 1583 1426; baseline -0.002 -15"><span class='ocrx_word' id='word_1_195' title='bbox 142 1371 196 1411; x_wconf 88' lang='lat' dir='ltr'><strong>ab</strong></span> <span class='ocrx_word' id='word_1_196' title='bbox 217 1384 284 1420; x_wconf 90' lang='lat' dir='ltr'><strong>e0,</strong></span> <span class='ocrx_word' id='word_1_197' title='bbox 305 1371 425 1425; x_wconf 86' lang='lat' dir='ltr'><strong>quasi</strong></span> <span class='ocrx_word' id='word_1_198' title='bbox 445 1370 597 1426; x_wconf 89' lang='lat' dir='ltr'><strong>capite,</strong></span> <span class='ocrx_word' id='word_1_199' title='bbox 617 1369 670 1410; x_wconf 91' lang='lat' dir='ltr'><strong>de</strong></span> <span class='ocrx_word' id='word_1_200' title='bbox 698 1384 866 1411; x_wconf 89' lang='lat' dir='ltr'><strong>summo</strong></span> <span class='ocrx_word' id='word_1_201' title='bbox 895 1370 1010 1410; x_wconf 88' lang='lat' dir='ltr'><strong>bono</strong></span> <span class='ocrx_word' id='word_1_202' title='bbox 1033 1379 1077 1409; x_wconf 87' lang='lat' dir='ltr'><strong>et</strong></span> <span class='ocrx_word' id='word_1_203' title='bbox 1105 1369 1220 1409; x_wconf 80' lang='lat' dir='ltr'><strong>malo</strong></span> <span class='ocrx_word' id='word_1_204' title='bbox 1250 1367 1482 1423; x_wconf 89' lang='lat' dir='ltr'><strong>disputatio</strong></span> <span class='ocrx_word' id='word_1_205' title='bbox 1501 1366 1583 1408; x_wconf 90' lang='lat' dir='ltr'><strong>du-</strong></span> 
     </span>
     <span class='ocr_line' id='line_1_23' title="bbox 141 1424 1628 1482; baseline -0.001 -15"><span class='ocrx_word' id='word_1_206' title='bbox 141 1426 265 1468; x_wconf 86' lang='lat' dir='ltr'><strong>citur.</strong></span> <span class='ocrx_word' id='word_1_207' title='bbox 324 1427 568 1482; x_wconf 86' lang='lat' dir='ltr'><strong>Voluptatis</strong></span> <span class='ocrx_word' id='word_1_208' title='bbox 589 1426 659 1467; x_wconf 89' lang='lat' dir='ltr'><strong>alii</strong></span> <span class='ocrx_word' id='word_1_209' title='bbox 679 1426 863 1482; x_wconf 88' lang='lat' dir='ltr'><strong>primum</strong></span> <span class='ocrx_word' id='word_1_210' title='bbox 894 1425 1129 1481; x_wconf 86' lang='lat' dir='ltr'><strong>appetitum</strong></span> <span class='ocrx_word' id='word_1_211' title='bbox 1153 1433 1318 1480; x_wconf 87' lang='lat' dir='ltr'><strong>putant,</strong></span> <span class='ocrx_word' id='word_1_212' title='bbox 1338 1433 1382 1465; x_wconf 91' lang='lat' dir='ltr'><strong>et</strong></span> <span class='ocrx_word' id='word_1_213' title='bbox 1401 1424 1628 1480; x_wconf 76' lang='lat' dir='ltr'><strong>primam7·</strong></span> 
     </span>
     <span class='ocr_line' id='line_1_24' title="bbox 143 1480 1583 1537; baseline -0.001 -14"><span class='ocrx_word' id='word_1_214' title='bbox 143 1482 438 1537; x_wconf 87' lang='lat' dir='ltr'><strong>depulsionem</strong></span> <span class='ocrx_word' id='word_1_215' title='bbox 471 1483 660 1525; x_wconf 86' lang='lat' dir='ltr'><strong>doloris:</strong></span> <span class='ocrx_word' id='word_1_216' title='bbox 691 1483 762 1523; x_wconf 90' lang='lat' dir='ltr'><strong>alii</strong></span> <span class='ocrx_word' id='word_1_217' title='bbox 793 1491 964 1524; x_wconf 87' lang='lat' dir='ltr'><strong>censent</strong></span> <span class='ocrx_word' id='word_1_218' title='bbox 994 1482 1178 1537; x_wconf 87' lang='lat' dir='ltr'><strong>primurn</strong></span> <span class='ocrx_word' id='word_1_219' title='bbox 1209 1482 1402 1533; x_wconf 88' lang='lat' dir='ltr'><strong>ascitum,</strong></span> <span class='ocrx_word' id='word_1_220' title='bbox 1424 1480 1583 1523; x_wconf 89' lang='lat' dir='ltr'><strong>doloris</strong></span> 
     </span>
     <span class='ocr_line' id='line_1_25' title="bbox 141 1537 1649 1595; baseline -0.001 -15"><span class='ocrx_word' id='word_1_221' title='bbox 141 1539 409 1589; x_wconf 84' lang='lat' dir='ltr'><strong>vacuitatem,</strong></span> <span class='ocrx_word' id='word_1_222' title='bbox 431 1549 474 1581; x_wconf 90' lang='lat' dir='ltr'><strong>et</strong></span> <span class='ocrx_word' id='word_1_223' title='bbox 493 1540 678 1595; x_wconf 86' lang='lat' dir='ltr'><strong>primum</strong></span> <span class='ocrx_word' id='word_1_224' title='bbox 700 1540 974 1589; x_wconf 88' lang='lat' dir='ltr'><strong>declinatum,</strong></span> <span class='ocrx_word' id='word_1_225' title='bbox 993 1538 1202 1579; x_wconf 90' lang='lat' dir='ltr'><strong>dolorem.</strong></span> <span class='ocrx_word' id='word_1_226' title='bbox 1262 1546 1300 1570; x_wconf 76' lang='lat'><strong>23</strong></span> <span class='ocrx_word' id='word_1_227' title='bbox 1320 1538 1392 1579; x_wconf 91' lang='lat' dir='ltr'><strong>Ab</strong></span> <span class='ocrx_word' id='word_1_228' title='bbox 1413 1537 1478 1579; x_wconf 90' lang='lat' dir='ltr'><strong>his</strong></span> <span class='ocrx_word' id='word_1_229' title='bbox 1499 1537 1585 1589; x_wconf 87' lang='lat' dir='ltr'><strong>alii,</strong></span> <span class='ocrx_word' id='word_1_230' title='bbox 1600 1540 1649 1574; x_wconf 84' lang='lat'><strong>18</strong></span> 
     </span>
     <span class='ocr_line' id='line_1_26' title="bbox 143 1593 1586 1651; baseline -0.001 -15"><span class='ocrx_word' id='word_1_231' title='bbox 143 1610 239 1651; x_wconf 89' lang='lat' dir='ltr'><strong>quae</strong></span> <span class='ocrx_word' id='word_1_232' title='bbox 258 1595 395 1650; x_wconf 88' lang='lat' dir='ltr'><strong>prima</strong></span> <span class='ocrx_word' id='word_1_233' title='bbox 414 1596 648 1637; x_wconf 86' lang='lat' dir='ltr'><strong>secundum</strong></span> <span class='ocrx_word' id='word_1_234' title='bbox 678 1604 871 1636; x_wconf 86' lang='lat' dir='ltr'><strong>naturam</strong></span> <span class='ocrx_word' id='word_1_235' title='bbox 902 1595 1137 1646; x_wconf 86' lang='lat' dir='ltr'><strong>nominant,</strong></span> <span class='ocrx_word' id='word_1_236' title='bbox 1157 1595 1481 1650; x_wconf 87' lang='lat' dir='ltr'><strong>proficiscuntur</strong></span> <span class='ocrx_word' id='word_1_237' title='bbox 1500 1611 1512 1636; x_wconf 71' lang='grc' dir='ltr'>ε</span> <span class='ocrx_word' id='word_1_238' title='bbox 1539 1593 1586 1635; x_wconf 86' lang='lat' dir='ltr'><strong>in</strong></span> 
     </span>
     <span class='ocr_line' id='line_1_27' title="bbox 143 1651 1587 1708; baseline 0 -16"><span class='ocrx_word' id='word_1_239' title='bbox 143 1652 298 1708; x_wconf 88' lang='lat' dir='ltr'><strong>quibus</strong></span> <span class='ocrx_word' id='word_1_240' title='bbox 346 1661 570 1694; x_wconf 89' lang='lat' dir='ltr'><strong>numerant</strong></span> <span class='ocrx_word' id='word_1_241' title='bbox 610 1652 961 1703; x_wconf 84' lang='lat' dir='ltr'><strong>incolumitatem,</strong></span> <span class='ocrx_word' id='word_1_242' title='bbox 999 1651 1448 1706; x_wconf 85' lang='lat' dir='ltr'><strong>conservationemque</strong></span> <span class='ocrx_word' id='word_1_243' title='bbox 1491 1665 1587 1692; x_wconf 90' lang='lat' dir='ltr'><strong>om-</strong></span> 
     </span>
     <span class='ocr_line' id='line_1_28' title="bbox 144 1707 1585 1764; baseline 0 -16"><span class='ocrx_word' id='word_1_244' title='bbox 144 1708 261 1749; x_wconf 88' lang='lat' dir='ltr'><strong>nium</strong></span> <span class='ocrx_word' id='word_1_245' title='bbox 292 1709 491 1764; x_wconf 88' lang='lat' dir='ltr'><strong>partium,</strong></span> <span class='ocrx_word' id='word_1_246' title='bbox 522 1708 813 1760; x_wconf 83' lang='lat' dir='ltr'><strong>valitudinem,</strong></span> <span class='ocrx_word' id='word_1_247' title='bbox 840 1723 985 1750; x_wconf 90' lang='lat' dir='ltr'><strong>sensus</strong></span> <span class='ocrx_word' id='word_1_248' title='bbox 1015 1708 1220 1764; x_wconf 82' lang='lat' dir='ltr'><strong>integrOS,</strong></span> <span class='ocrx_word' id='word_1_249' title='bbox 1250 1717 1290 1740; x_wconf 74' lang='lat'><strong>24</strong></span> <span class='ocrx_word' id='word_1_250' title='bbox 1309 1707 1484 1763; x_wconf 87' lang='lat' dir='ltr'><strong>[doloris</strong></span> <span class='ocrx_word' id='word_1_251' title='bbox 1512 1721 1585 1748; x_wconf 87' lang='lat' dir='ltr'><strong>va·</strong></span> 
     </span>
     <span class='ocr_line' id='line_1_29' title="bbox 143 1764 1630 1821; baseline 0.001 -15"><span class='ocrx_word' id='word_1_252' title='bbox 143 1765 366 1820; x_wconf 86' lang='lat' dir='ltr'><strong>euitatem]</strong></span> <span class='ocrx_word' id='word_1_253' title='bbox 389 1766 509 1816; x_wconf 89' lang='lat' dir='ltr'><strong>vires,</strong></span> <span class='ocrx_word' id='word_1_254' title='bbox 540 1765 883 1821; x_wconf 88' lang='lat' dir='ltr'><strong>pulcritudinem,</strong></span> <span class='ocrx_word' id='word_1_255' title='bbox 908 1774 1130 1820; x_wconf 87' lang='lat' dir='ltr'><strong>ceteraque</strong></span> <span class='ocrx_word' id='word_1_256' title='bbox 1160 1765 1326 1820; x_wconf 84' lang='lat' dir='ltr'><strong>generis</strong></span> <span class='ocrx_word' id='word_1_257' title='bbox 1358 1764 1550 1820; x_wconf 90' lang='lat' dir='ltr'><strong>ejusdem</strong></span> <span class='ocrx_word' id='word_1_258' title='bbox 1572 1774 1630 1807; x_wconf 75' lang='lat' dir='ltr'><strong>th.</strong></span> 
     </span>
     <span class='ocr_line' id='line_1_30' title="bbox 146 1819 1587 1878; baseline -0.001 -16"><span class='ocrx_word' id='word_1_259' title='bbox 146 1836 329 1877; x_wconf 88' lang='lat' dir='ltr'><strong>quorum</strong></span> <span class='ocrx_word' id='word_1_260' title='bbox 351 1822 503 1864; x_wconf 86' lang='lat' dir='ltr'><strong>similia</strong></span> <span class='ocrx_word' id='word_1_261' title='bbox 522 1832 621 1863; x_wconf 87' lang='lat' dir='ltr'><strong>sunt</strong></span> <span class='ocrx_word' id='word_1_262' title='bbox 639 1822 775 1878; x_wconf 88' lang='lat' dir='ltr'><strong>prima</strong></span> <span class='ocrx_word' id='word_1_263' title='bbox 792 1823 834 1863; x_wconf 92' lang='lat' dir='ltr'><strong>in</strong></span> <span class='ocrx_word' id='word_1_264' title='bbox 853 1823 1018 1872; x_wconf 88' lang='lat' dir='ltr'><strong>animis,</strong></span> <span class='ocrx_word' id='word_1_265' title='bbox 1037 1821 1159 1878; x_wconf 89' lang='lat' dir='ltr'><strong>quasi</strong></span> <span class='ocrx_word' id='word_1_266' title='bbox 1173 1822 1372 1863; x_wconf 87' lang='lat' dir='ltr'><strong>virtutum</strong></span> <span class='ocrx_word' id='word_1_267' title='bbox 1395 1819 1587 1877; x_wconf 83' lang='lat' dir='ltr'><strong>igniculi,</strong></span> 
     </span>
     <span class='ocr_line' id='line_1_31' title="bbox 148 1877 1589 1934; baseline -0.001 -15"><span class='ocrx_word' id='word_1_268' title='bbox 148 1887 192 1919; x_wconf 89' lang='lat' dir='ltr'><strong>et</strong></span> <span class='ocrx_word' id='word_1_269' title='bbox 212 1879 384 1920; x_wconf 87' lang='lat' dir='ltr'><strong>semina.</strong></span> <span class='ocrx_word' id='word_1_270' title='bbox 443 1881 507 1920; x_wconf 84' lang='lat' dir='ltr'><strong>Ex</strong></span> <span class='ocrx_word' id='word_1_271' title='bbox 536 1879 601 1920; x_wconf 85' lang='lat' dir='ltr'><strong>his</strong></span> <span class='ocrx_word' id='word_1_272' title='bbox 631 1879 764 1920; x_wconf 89' lang='lat' dir='ltr'><strong>tribus</strong></span> <span class='ocrx_word' id='word_1_273' title='bbox 795 1894 894 1920; x_wconf 90' lang='lat' dir='ltr'><strong>cum</strong></span> <span class='ocrx_word' id='word_1_274' title='bbox 925 1894 1059 1920; x_wconf 88' lang='lat' dir='ltr'><strong>unum</strong></span> <span class='ocrx_word' id='word_1_275' title='bbox 1091 1878 1265 1934; x_wconf 85' lang='lat' dir='ltr'><strong>aliquod</strong></span> <span class='ocrx_word' id='word_1_276' title='bbox 1295 1879 1363 1929; x_wconf 88' lang='lat' dir='ltr'><strong>sit,</strong></span> <span class='ocrx_word' id='word_1_277' title='bbox 1385 1892 1471 1934; x_wconf 88' lang='lat' dir='ltr'><strong>quo</strong></span> <span class='ocrx_word' id='word_1_278' title='bbox 1500 1877 1589 1932; x_wconf 88' lang='lat' dir='ltr'><strong>pri-</strong></span> 
     </span>
     <span class='ocr_line' id='line_1_32' title="bbox 149 1934 1589 1991; baseline 0 -16"><span class='ocrx_word' id='word_1_279' title='bbox 149 1949 271 1975; x_wconf 90' lang='lat' dir='ltr'><strong>mum</strong></span> <span class='ocrx_word' id='word_1_280' title='bbox 302 1944 450 1976; x_wconf 90' lang='lat' dir='ltr'><strong>natura</strong></span> <span class='ocrx_word' id='word_1_281' title='bbox 478 1944 697 1977; x_wconf 78' lang='lat' dir='ltr'><strong>moveatur</strong></span> <span class='ocrx_word' id='word_1_282' title='bbox 725 1936 789 1976; x_wconf 91' lang='lat' dir='ltr'><strong>vel</strong></span> <span class='ocrx_word' id='word_1_283' title='bbox 821 1936 874 1977; x_wconf 89' lang='lat' dir='ltr'><strong>ad</strong></span> <span class='ocrx_word' id='word_1_284' title='bbox 903 1935 1203 1991; x_wconf 86' lang='lat' dir='ltr'><strong>appetendum,</strong></span> <span class='ocrx_word' id='word_1_285' title='bbox 1224 1934 1289 1976; x_wconf 87' lang='lat' dir='ltr'><strong>vel</strong></span> <span class='ocrx_word' id='word_1_286' title='bbox 1307 1935 1361 1976; x_wconf 85' lang='lat' dir='ltr'><strong>ad</strong></span> <span class='ocrx_word' id='word_1_287' title='bbox 1379 1934 1589 1990; x_wconf 90' lang='lat' dir='ltr'><strong>repellen-</strong></span> 
     </span>
     <span class='ocr_line' id='line_1_33' title="bbox 150 1990 1587 2048; baseline -0.001 -16"><span class='ocrx_word' id='word_1_288' title='bbox 150 1990 269 2040; x_wconf 88' lang='lat' dir='ltr'><strong>dum,</strong></span> <span class='ocrx_word' id='word_1_289' title='bbox 303 2006 380 2032; x_wconf 92' lang='lat' dir='ltr'><strong>nec</strong></span> <span class='ocrx_word' id='word_1_290' title='bbox 414 1992 645 2048; x_wconf 88' lang='lat' dir='ltr'><strong>quidquam</strong></span> <span class='ocrx_word' id='word_1_291' title='bbox 678 1993 866 2044; x_wconf 84' lang='lat' dir='ltr'><strong>omnino,</strong></span> <span class='ocrx_word' id='word_1_292' title='bbox 886 2002 1040 2048; x_wconf 85' lang='lat' dir='ltr'><strong>praeter</strong></span> <span class='ocrx_word' id='word_1_293' title='bbox 1071 1992 1163 2033; x_wconf 84' lang='lat' dir='ltr'><strong>haec</strong></span> <span class='ocrx_word' id='word_1_294' title='bbox 1193 1992 1286 2044; x_wconf 86' lang='lat' dir='ltr'><strong>tria,</strong></span> <span class='ocrx_word' id='word_1_295' title='bbox 1305 1991 1441 2047; x_wconf 89' lang='lat' dir='ltr'><strong>possit</strong></span> <span class='ocrx_word' id='word_1_296' title='bbox 1468 2004 1587 2032; x_wconf 85' lang='lat' dir='ltr'><strong>esse:</strong></span> 
     </span>
     <span class='ocr_line' id='line_1_34' title="bbox 149 2046 1591 2104; baseline -0.001 -16"><span class='ocrx_word' id='word_1_297' title='bbox 149 2062 320 2089; x_wconf 88' lang='lat' dir='ltr'><strong>necesse</strong></span> <span class='ocrx_word' id='word_1_298' title='bbox 349 2058 414 2089; x_wconf 89' lang='lat' dir='ltr'><strong>est</strong></span> <span class='ocrx_word' id='word_1_299' title='bbox 445 2050 619 2090; x_wconf 88' lang='lat' dir='ltr'><strong>omnino</strong></span> <span class='ocrx_word' id='word_1_300' title='bbox 652 2049 836 2090; x_wconf 85' lang='lat' dir='ltr'><strong>officium</strong></span> <span class='ocrx_word' id='word_1_301' title='bbox 866 2058 940 2090; x_wconf 91' lang='lat' dir='ltr'><strong>aut</strong></span> <span class='ocrx_word' id='word_1_302' title='bbox 968 2049 1175 2104; x_wconf 81' lang='lat' dir='ltr'><strong>fugiendi,</strong></span> <span class='ocrx_word' id='word_1_303' title='bbox 1196 2058 1270 2090; x_wconf 86' lang='lat' dir='ltr'><strong>aut</strong></span> <span class='ocrx_word' id='word_1_304' title='bbox 1296 2047 1512 2104; x_wconf 86' lang='lat' dir='ltr'><strong>sequendi,</strong></span> <span class='ocrx_word' id='word_1_305' title='bbox 1535 2046 1591 2088; x_wconf 87' lang='lat' dir='ltr'><strong>ad</strong></span> 
     </span>
     <span class='ocr_line' id='line_1_35' title="bbox 150 2103 1591 2161; baseline -0.001 -16"><span class='ocrx_word' id='word_1_306' title='bbox 150 2117 297 2145; x_wconf 88' lang='lat' dir='ltr'><strong>eorum</strong></span> <span class='ocrx_word' id='word_1_307' title='bbox 331 2105 491 2161; x_wconf 86' lang='lat' dir='ltr'><strong>aliquid</strong></span> <span class='ocrx_word' id='word_1_308' title='bbox 522 2106 690 2157; x_wconf 82' lang='lat' dir='ltr'><strong>referri3</strong></span> <span class='ocrx_word' id='word_1_309' title='bbox 721 2114 769 2147; x_wconf 90' lang='lat' dir='ltr'><strong>ut</strong></span> <span class='ocrx_word' id='word_1_310' title='bbox 799 2105 872 2147; x_wconf 88' lang='lat' dir='ltr'><strong>illa</strong></span> <span class='ocrx_word' id='word_1_311' title='bbox 902 2106 1140 2161; x_wconf 89' lang='lat' dir='ltr'><strong>prudentia,</strong></span> <span class='ocrx_word' id='word_1_312' title='bbox 1167 2120 1295 2161; x_wconf 88' lang='lat' dir='ltr'><strong>quam</strong></span> <span class='ocrx_word' id='word_1_313' title='bbox 1329 2114 1463 2146; x_wconf 85' lang='lat' dir='ltr'><strong>artem</strong></span> <span class='ocrx_word' id='word_1_314' title='bbox 1493 2103 1591 2145; x_wconf 82' lang='lat' dir='ltr'><strong>vitae</strong></span> 
     </span>
     <span class='ocr_line' id='line_1_36' title="bbox 151 2161 1593 2217; baseline 0 -16"><span class='ocrx_word' id='word_1_315' title='bbox 151 2175 242 2201; x_wconf 88' lang='lat' dir='ltr'><strong>esse</strong></span> <span class='ocrx_word' id='word_1_316' title='bbox 272 2161 469 2212; x_wconf 84' lang='lat' dir='ltr'><strong>diximus,</strong></span> <span class='ocrx_word' id='word_1_317' title='bbox 490 2162 532 2202; x_wconf 90' lang='lat' dir='ltr'><strong>in</strong></span> <span class='ocrx_word' id='word_1_318' title='bbox 562 2176 707 2204; x_wconf 88' lang='lat' dir='ltr'><strong>earum</strong></span> <span class='ocrx_word' id='word_1_319' title='bbox 737 2162 865 2204; x_wconf 89' lang='lat' dir='ltr'><strong>trium</strong></span> <span class='ocrx_word' id='word_1_320' title='bbox 896 2176 1037 2204; x_wconf 88' lang='lat' dir='ltr'><strong>rerum</strong></span> <span class='ocrx_word' id='word_1_321' title='bbox 1066 2162 1208 2217; x_wconf 87' lang='lat' dir='ltr'><strong>aliqua</strong></span> <span class='ocrx_word' id='word_1_322' title='bbox 1237 2170 1436 2212; x_wconf 84' lang='lat' dir='ltr'><strong>versetur,</strong></span> <span class='ocrx_word' id='word_1_323' title='bbox 1458 2175 1483 2202; x_wconf 90' lang='lat' dir='ltr'><strong>a</strong></span> <span class='ocrx_word' id='word_1_324' title='bbox 1508 2174 1593 2216; x_wconf 85' lang='lat' dir='ltr'><strong>qua</strong></span> 
     </span>
     <span class='ocr_line' id='line_1_37' title="bbox 151 2217 1658 2274; baseline -0.001 -16"><span class='ocrx_word' id='word_1_325' title='bbox 151 2217 284 2259; x_wconf 87' lang='lat' dir='ltr'><strong>totius</strong></span> <span class='ocrx_word' id='word_1_326' title='bbox 317 2219 412 2259; x_wconf 89' lang='lat' dir='ltr'><strong>vitae</strong></span> <span class='ocrx_word' id='word_1_327' title='bbox 445 2218 573 2260; x_wconf 83' lang='lat' dir='ltr'><strong>ducat</strong></span> <span class='ocrx_word' id='word_1_328' title='bbox 604 2219 840 2261; x_wconf 85' lang='lat' dir='ltr'><strong>exordium.</strong></span> <span class='ocrx_word' id='word_1_329' title='bbox 899 2220 963 2259; x_wconf 79' lang='lat' dir='ltr'><strong>Ex</strong></span> <span class='ocrx_word' id='word_1_330' title='bbox 992 2233 1043 2260; x_wconf 91' lang='lat' dir='ltr'><strong>eo</strong></span> <span class='ocrx_word' id='word_1_331' title='bbox 1074 2227 1231 2269; x_wconf 89' lang='lat' dir='ltr'><strong>autem,</strong></span> <span class='ocrx_word' id='word_1_332' title='bbox 1255 2218 1371 2274; x_wconf 89' lang='lat' dir='ltr'><strong>quod</strong></span> <span class='ocrx_word' id='word_1_333' title='bbox 1399 2217 1593 2259; x_wconf 85' lang='lat' dir='ltr'><strong>statuerit</strong></span> <span class='ocrx_word' id='word_1_334' title='bbox 1608 2223 1658 2266; x_wconf 86' lang='lat'><strong>19</strong></span> 
     </span>
     <span class='ocr_line' id='line_1_38' title="bbox 153 2274 1594 2331; baseline 0 -17"><span class='ocrx_word' id='word_1_335' title='bbox 153 2287 261 2326; x_wconf 90' lang='lat' dir='ltr'><strong>esse,</strong></span> <span class='ocrx_word' id='word_1_336' title='bbox 283 2290 369 2331; x_wconf 90' lang='lat' dir='ltr'><strong>quo</strong></span> <span class='ocrx_word' id='word_1_337' title='bbox 390 2275 575 2330; x_wconf 88' lang='lat' dir='ltr'><strong>primum</strong></span> <span class='ocrx_word' id='word_1_338' title='bbox 597 2284 746 2317; x_wconf 85' lang='lat' dir='ltr'><strong>natura</strong></span> <span class='ocrx_word' id='word_1_339' title='bbox 774 2285 1008 2324; x_wconf 82' lang='lat' dir='ltr'><strong>moveatur,</strong></span> <span class='ocrx_word' id='word_1_340' title='bbox 1031 2275 1203 2316; x_wconf 79' lang='lat' dir='ltr'><strong>exsistet</strong></span> <span class='ocrx_word' id='word_1_341' title='bbox 1234 2276 1361 2315; x_wconf 91' lang='lat' dir='ltr'><strong>etiam</strong></span> <span class='ocrx_word' id='word_1_342' title='bbox 1391 2274 1496 2315; x_wconf 87' lang='lat' dir='ltr'><strong>recti</strong></span> <span class='ocrx_word' id='word_1_343' title='bbox 1528 2287 1594 2314; x_wconf 87' lang='lat' dir='ltr'><strong>ra-</strong></span> 
     </span>
     <span class='ocr_line' id='line_1_39' title="bbox 154 2330 1595 2388; baseline -0.001 -17"><span class='ocrx_word' id='word_1_344' title='bbox 154 2330 230 2383; x_wconf 91' lang='lat' dir='ltr'><strong>tio,</strong></span> <span class='ocrx_word' id='word_1_345' title='bbox 252 2343 379 2388; x_wconf 90' lang='lat' dir='ltr'><strong>atque</strong></span> <span class='ocrx_word' id='word_1_346' title='bbox 399 2332 582 2383; x_wconf 86' lang='lat' dir='ltr'><strong>honesti,</strong></span> <span class='ocrx_word' id='word_1_347' title='bbox 604 2348 699 2388; x_wconf 88' lang='lat' dir='ltr'><strong>quae</strong></span> <span class='ocrx_word' id='word_1_348' title='bbox 719 2348 819 2374; x_wconf 91' lang='lat' dir='ltr'><strong>cum</strong></span> <span class='ocrx_word' id='word_1_349' title='bbox 850 2346 936 2373; x_wconf 89' lang='lat' dir='ltr'><strong>uno</strong></span> <span class='ocrx_word' id='word_1_350' title='bbox 969 2331 1113 2387; x_wconf 89' lang='lat' dir='ltr'><strong>aliquo</strong></span> <span class='ocrx_word' id='word_1_351' title='bbox 1142 2346 1193 2372; x_wconf 81' lang='lat' dir='ltr'><strong>ex</strong></span> <span class='ocrx_word' id='word_1_352' title='bbox 1224 2331 1360 2372; x_wconf 85' lang='lat' dir='ltr'><strong>tribus</strong></span> <span class='ocrx_word' id='word_1_353' title='bbox 1386 2331 1468 2371; x_wconf 86' lang='lat' dir='ltr'><strong>illis</strong></span> <span class='ocrx_word' id='word_1_354' title='bbox 1490 2344 1595 2372; x_wconf 86' lang='lat' dir='ltr'><strong>con·</strong></span> 
     </span>
     <span class='ocr_line' id='line_1_40' title="bbox 156 2387 1596 2445; baseline -0.001 -16"><span class='ocrx_word' id='word_1_355' title='bbox 156 2401 308 2442; x_wconf 87' lang='lat' dir='ltr'><strong>gruere</strong></span> <span class='ocrx_word' id='word_1_356' title='bbox 340 2390 489 2445; x_wconf 90' lang='lat' dir='ltr'><strong>possit,</strong></span> <span class='ocrx_word' id='word_1_357' title='bbox 513 2398 551 2421; x_wconf 75' lang='lat'><strong>2⁵</strong></span> <span class='ocrx_word' id='word_1_358' title='bbox 568 2399 615 2430; x_wconf 93' lang='lat' dir='ltr'><strong>ut</strong></span> <span class='ocrx_word' id='word_1_359' title='bbox 646 2399 721 2431; x_wconf 92' lang='lat' dir='ltr'><strong>aut</strong></span> <span class='ocrx_word' id='word_1_360' title='bbox 748 2389 792 2430; x_wconf 90' lang='lat' dir='ltr'><strong>id</strong></span> <span class='ocrx_word' id='word_1_361' title='bbox 821 2389 1049 2430; x_wconf 87' lang='lat' dir='ltr'><strong>honestum</strong></span> <span class='ocrx_word' id='word_1_362' title='bbox 1081 2388 1148 2438; x_wconf 87' lang='lat' dir='ltr'><strong>sit,</strong></span> <span class='ocrx_word' id='word_1_363' title='bbox 1182 2387 1318 2429; x_wconf 87' lang='lat' dir='ltr'><strong>facere</strong></span> <span class='ocrx_word' id='word_1_364' title='bbox 1353 2387 1497 2429; x_wconf 88' lang='lat' dir='ltr'><strong>omnia</strong></span> <span class='ocrx_word' id='word_1_365' title='bbox 1522 2395 1596 2428; x_wconf 86' lang='lat' dir='ltr'><strong>aut</strong></span> 
     </span>
    </p>
   </div>
   <div class='ocr_carea' id='block_1_3' title="bbox 156 2520 1601 2735">
    <p class='ocr_par' dir='ltr' id='par_1_3' title="bbox 156 2520 1597 2651">
     <span class='ocr_line' id='line_1_41' title="bbox 201 2520 1407 2565; baseline -0.004 -10"><span class='ocrx_word' id='word_1_366' title='bbox 201 2531 241 2555; x_wconf 80' lang='lat'><strong>20</strong></span> <span class='ocrx_word' id='word_1_367' title='bbox 265 2524 341 2565; x_wconf 88' lang='lat' dir='ltr'><strong>quod</strong></span> <span class='ocrx_word' id='word_1_368' title='bbox 360 2531 425 2553; x_wconf 80' lang='lat' dir='ltr'><strong>arte</strong></span> <span class='ocrx_word' id='word_1_369' title='bbox 449 2522 704 2563; x_wconf 80' lang='lat' dir='ltr'><strong>comprehenditur]</strong></span> <span class='ocrx_word' id='word_1_370' title='bbox 732 2523 751 2552; x_wconf 87' lang='lat' dir='ltr'><strong>i.</strong></span> <span class='ocrx_word' id='word_1_371' title='bbox 769 2533 797 2552; x_wconf 87' lang='lat' dir='ltr'><strong>e.</strong></span> <span class='ocrx_word' id='word_1_372' title='bbox 821 2523 855 2553; x_wconf 86' lang='lat' dir='ltr'><strong>in</strong></span> <span class='ocrx_word' id='word_1_373' title='bbox 897 2521 952 2552; x_wconf 86' lang='lat' dir='ltr'><strong>tali</strong></span> <span class='ocrx_word' id='word_1_374' title='bbox 968 2522 1086 2552; x_wconf 83' lang='lat' dir='ltr'><strong>omittit</strong></span> <span class='ocrx_word' id='word_1_375' title='bbox 1102 2521 1212 2551; x_wconf 83' lang='lat' dir='ltr'><strong>Cicero</strong></span> <span class='ocrx_word' id='word_1_376' title='bbox 1227 2520 1407 2551; x_wconf 80' lang='lat' dir='ltr'><strong>relativum.</strong></span> 
     </span>
     <span class='ocr_line' id='line_1_42' title="bbox 156 2563 1597 2606; baseline -0.001 -9"><span class='ocrx_word' id='word_1_377' title='bbox 156 2576 222 2606; x_wconf 87' lang='lat' dir='ltr'><strong>quo</strong></span> <span class='ocrx_word' id='word_1_378' title='bbox 245 2576 292 2597; x_wconf 87' lang='lat' dir='ltr'><strong>ars</strong></span> <span class='ocrx_word' id='word_1_379' title='bbox 320 2574 469 2603; x_wconf 84' lang='lat' dir='ltr'><strong>versatur,</strong></span> <span class='ocrx_word' id='word_1_380' title='bbox 496 2574 681 2606; x_wconf 83' lang='lat' dir='ltr'><strong>occupatur,</strong></span> <span class='ocrx_word' id='word_1_381' title='bbox 706 2567 856 2597; x_wconf 81' lang='lat' dir='ltr'><strong>elaborat.</strong></span> <span class='ocrx_word' id='word_1_382' title='bbox 942 2571 981 2595; x_wconf 74' lang='lat'><strong>223</strong></span> <span class='ocrx_word' id='word_1_383' title='bbox 999 2565 1046 2594; x_wconf 86' lang='lat' dir='ltr'><strong>Ab</strong></span> <span class='ocrx_word' id='word_1_384' title='bbox 1062 2563 1118 2603; x_wconf 76' lang='lat' dir='ltr'><strong>his]</strong></span> <span class='ocrx_word' id='word_1_385' title='bbox 1137 2574 1182 2594; x_wconf 86' lang='lat' dir='ltr'><strong>sc.</strong></span> <span class='ocrx_word' id='word_1_386' title='bbox 1198 2565 1301 2604; x_wconf 86' lang='lat' dir='ltr'><strong>primo</strong></span> <span class='ocrx_word' id='word_1_387' title='bbox 1325 2564 1425 2594; x_wconf 85' lang='lat' dir='ltr'><strong>ascitu</strong></span> <span class='ocrx_word' id='word_1_388' title='bbox 1448 2569 1479 2593; x_wconf 86' lang='lat' dir='ltr'><strong>et</strong></span> <span class='ocrx_word' id='word_1_389' title='bbox 1500 2564 1597 2595; x_wconf 84' lang='lat' dir='ltr'><strong>decli-</strong></span> 
     </span>
     <span class='ocr_line' id='line_1_43' title="bbox 159 2607 1443 2651; baseline -0.003 -10"><span class='ocrx_word' id='word_1_390' title='bbox 159 2620 237 2641; x_wconf 79' lang='lat' dir='ltr'><strong>mox</strong></span> <span class='ocrx_word' id='word_1_391' title='bbox 252 2618 309 2646; x_wconf 86' lang='lat' dir='ltr'><strong>est,</strong></span> <span class='ocrx_word' id='word_1_392' title='bbox 326 2610 402 2651; x_wconf 82' lang='lat' dir='ltr'><strong>quod</strong></span> <span class='ocrx_word' id='word_1_393' title='bbox 414 2611 474 2639; x_wconf 83' lang='lat' dir='ltr'><strong>arti</strong></span> <span class='ocrx_word' id='word_1_394' title='bbox 484 2611 660 2650; x_wconf 82' lang='lat' dir='ltr'><strong>propositum</strong></span> <span class='ocrx_word' id='word_1_395' title='bbox 677 2617 728 2640; x_wconf 75' lang='lat' dir='ltr'><strong>est.</strong></span> <span class='ocrx_word' id='word_1_396' title='bbox 899 2615 989 2638; x_wconf 82' lang='lat' dir='ltr'><strong>natu.</strong></span> <span class='ocrx_word' id='word_1_397' title='bbox 1005 2608 1059 2636; x_wconf 79' lang='lat' dir='ltr'><strong>alii</strong></span> <span class='ocrx_word' id='word_1_398' title='bbox 1074 2608 1189 2637; x_wconf 76' lang='lat' dir='ltr'><strong>ascitus</strong></span> <span class='ocrx_word' id='word_1_399' title='bbox 1206 2614 1237 2637; x_wconf 89' lang='lat' dir='ltr'><strong>et</strong></span> <span class='ocrx_word' id='word_1_400' title='bbox 1253 2607 1443 2637; x_wconf 84' lang='lat' dir='ltr'><strong>declinatus.</strong></span> 
     </span>
    </p>

    <p class='ocr_par' dir='ltr' id='par_1_4' title="bbox 159 2649 1601 2735">
     <span class='ocr_line' id='line_1_44' title="bbox 202 2649 1601 2693; baseline -0.004 -9"><span class='ocrx_word' id='word_1_401' title='bbox 202 2661 239 2684; x_wconf 74' lang='lat'><strong>21</strong></span> <span class='ocrx_word' id='word_1_402' title='bbox 259 2653 402 2682; x_wconf 72' lang='lat' dir='ltr'><strong>Quoniam</strong></span> <span class='ocrx_word' id='word_1_403' title='bbox 417 2652 522 2693; x_wconf 80' lang='lat' dir='ltr'><strong>igitur]</strong></span> <span class='ocrx_word' id='word_1_404' title='bbox 542 2652 654 2683; x_wconf 86' lang='lat' dir='ltr'><strong>Addidi</strong></span> <span class='ocrx_word' id='word_1_405' title='bbox 670 2653 763 2692; x_wconf 84' lang='lat' dir='ltr'><strong>igilur</strong></span> <span class='ocrx_word' id='word_1_406' title='bbox 779 2661 857 2682; x_wconf 90' lang='lat' dir='ltr'><strong>curn</strong></span> <span class='ocrx_word' id='word_1_407' title='bbox 945 2658 984 2681; x_wconf 76' lang='lat'><strong>24</strong></span> <span class='ocrx_word' id='word_1_408' title='bbox 1001 2649 1102 2680; x_wconf 74' lang='lat' dir='ltr'><strong>doloris</strong></span> <span class='ocrx_word' id='word_1_409' title='bbox 1118 2649 1314 2690; x_wconf 78' lang='lat' dir='ltr'><strong>vacuitatem]</strong></span> <span class='ocrx_word' id='word_1_410' title='bbox 1333 2650 1405 2680; x_wconf 87' lang='lat' dir='ltr'><strong>Hoc</strong></span> <span class='ocrx_word' id='word_1_411' title='bbox 1422 2649 1500 2679; x_wconf 83' lang='lat' dir='ltr'><strong>mihi</strong></span> <span class='ocrx_word' id='word_1_412' title='bbox 1516 2649 1601 2679; x_wconf 85' lang='lat' dir='ltr'><strong>vide-</strong></span> 
     </span>
     <span class='ocr_line' id='line_1_45' title="bbox 159 2693 1601 2735; baseline -0.003 -9"><span class='ocrx_word' id='word_1_413' title='bbox 159 2695 270 2726; x_wconf 82' lang='lat' dir='ltr'><strong>Lamb.</strong></span> <span class='ocrx_word' id='word_1_414' title='bbox 287 2703 318 2726; x_wconf 88' lang='lat' dir='ltr'><strong>et</strong></span> <span class='ocrx_word' id='word_1_415' title='bbox 332 2696 473 2733; x_wconf 81' lang='lat' dir='ltr'><strong>Davisio,</strong></span> <span class='ocrx_word' id='word_1_416' title='bbox 489 2697 545 2735; x_wconf 91' lang='lat' dir='ltr'><strong>qui</strong></span> <span class='ocrx_word' id='word_1_417' title='bbox 562 2696 594 2725; x_wconf 85' lang='lat' dir='ltr'><strong>in</strong></span> <span class='ocrx_word' id='word_1_418' title='bbox 610 2696 674 2726; x_wconf 88' lang='lat' dir='ltr'><strong>Ms.</strong></span> <span class='ocrx_word' id='word_1_419' title='bbox 690 2696 812 2735; x_wconf 86' lang='lat' dir='ltr'><strong>reperit.</strong></span> <span class='ocrx_word' id='word_1_420' title='bbox 827 2702 859 2725; x_wconf 88' lang='lat' dir='ltr'><strong>et</strong></span> <span class='ocrx_word' id='word_1_421' title='bbox 901 2700 952 2723; x_wconf 93' lang='lat' dir='ltr'><strong>tur</strong></span> <span class='ocrx_word' id='word_1_422' title='bbox 977 2694 1146 2733; x_wconf 78' lang='lat' dir='ltr'><strong>spurium:</strong></span> <span class='ocrx_word' id='word_1_423' title='bbox 1170 2703 1249 2723; x_wconf 80' lang='lat' dir='ltr'><strong>nam</strong></span> <span class='ocrx_word' id='word_1_424' title='bbox 1275 2695 1345 2724; x_wconf 84' lang='lat' dir='ltr'><strong>haec</strong></span> <span class='ocrx_word' id='word_1_425' title='bbox 1368 2699 1414 2722; x_wconf 85' lang='lat' dir='ltr'><strong>est</strong></span> <span class='ocrx_word' id='word_1_426' title='bbox 1440 2693 1472 2722; x_wconf 88' lang='lat' dir='ltr'><strong>in</strong></span> <span class='ocrx_word' id='word_1_427' title='bbox 1496 2693 1601 2731; x_wconf 85' lang='lat' dir='ltr'><strong>primo</strong></span> 
     </span>
    </p>
   </div>
   <div class='ocr_carea' id='block_1_4' title="bbox 159 2735 1601 2866">
    <p class='ocr_par' dir='ltr' id='par_1_5' title="bbox 159 2735 1601 2866">
     <span class='ocr_line' id='line_1_46' title="bbox 159 2735 1601 2777; baseline -0.003 -9"><span class='ocrx_word' id='word_1_428' title='bbox 159 2748 207 2769; x_wconf 74' lang='lat' dir='ltr'><strong>tes</strong></span> <span class='ocrx_word' id='word_1_429' title='bbox 219 2740 381 2770; x_wconf 81' lang='lat' dir='ltr'><strong>desiderat.</strong></span> <span class='ocrx_word' id='word_1_430' title='bbox 899 2737 1073 2774; x_wconf 81' lang='lat' dir='ltr'><strong>declinam,</strong></span> <span class='ocrx_word' id='word_1_431' title='bbox 1090 2746 1157 2766; x_wconf 83' lang='lat' dir='ltr'><strong>non</strong></span> <span class='ocrx_word' id='word_1_432' title='bbox 1179 2746 1220 2767; x_wconf 88' lang='lat' dir='ltr'><strong>ex</strong></span> <span class='ocrx_word' id='word_1_433' title='bbox 1241 2746 1279 2766; x_wconf 91' lang='lat' dir='ltr'><strong>eo</strong></span> <span class='ocrx_word' id='word_1_434' title='bbox 1300 2736 1520 2777; x_wconf 74' lang='lat' dir='ltr'><strong>proficiscitur·</strong></span> <span class='ocrx_word' id='word_1_435' title='bbox 1545 2735 1601 2764; x_wconf 83' lang='lat' dir='ltr'><strong>ita-</strong></span> 
     </span>
     <span class='ocr_line' id='line_1_47' title="bbox 204 2779 1218 2823; baseline -0.002 -12"><span class='ocrx_word' id='word_1_436' title='bbox 204 2787 243 2811; x_wconf 77' lang='lat'><strong>22</strong></span> <span class='ocrx_word' id='word_1_437' title='bbox 261 2793 342 2823; x_wconf 81' lang='lat' dir='ltr'><strong>quem</strong></span> <span class='ocrx_word' id='word_1_438' title='bbox 368 2781 449 2822; x_wconf 64' lang='grc' dir='ltr'><strong>ἇμμῆν</strong></span> <span class='ocrx_word' id='word_1_439' title='bbox 474 2781 532 2813; x_wconf 85' lang='lat' dir='ltr'><strong>Gr.</strong></span> <span class='ocrx_word' id='word_1_440' title='bbox 554 2779 674 2820; x_wconf 79' lang='lat' dir='ltr'><strong>vocant]</strong></span> <span class='ocrx_word' id='word_1_441' title='bbox 700 2782 859 2812; x_wconf 81' lang='lat' dir='ltr'><strong>Aceurata</strong></span> <span class='ocrx_word' id='word_1_442' title='bbox 901 2790 964 2819; x_wconf 88' lang='lat' dir='ltr'><strong>que</strong></span> <span class='ocrx_word' id='word_1_443' title='bbox 981 2781 1072 2810; x_wconf 78' lang='lat' dir='ltr'><strong>uncis</strong></span> <span class='ocrx_word' id='word_1_444' title='bbox 1090 2779 1218 2810; x_wconf 89' lang='lat' dir='ltr'><strong>inclusi.</strong></span> 
     </span>
     <span class='ocr_line' id='line_1_48' title="bbox 163 2820 1600 2866; baseline -0.002 -14"><span class='ocrx_word' id='word_1_445' title='bbox 163 2822 298 2854; x_wconf 80' lang='lat' dir='ltr'><strong>latinitas</strong></span> <span class='ocrx_word' id='word_1_446' title='bbox 314 2825 451 2864; x_wconf 85' lang='lat' dir='ltr'><strong>postulat</strong></span> <span class='ocrx_word' id='word_1_447' title='bbox 467 2836 565 2866; x_wconf 84' lang='lat' dir='ltr'><strong>quam.</strong></span> <span class='ocrx_word' id='word_1_448' title='bbox 591 2826 669 2854; x_wconf 87' lang='lat' dir='ltr'><strong>forte</strong></span> <span class='ocrx_word' id='word_1_449' title='bbox 683 2824 857 2854; x_wconf 86' lang='lat' dir='ltr'><strong>delendum</strong></span> <span class='ocrx_word' id='word_1_450' title='bbox 945 2830 984 2854; x_wconf 79' lang='lat'><strong>25</strong></span> <span class='ocrx_word' id='word_1_451' title='bbox 1001 2829 1034 2852; x_wconf 87' lang='lat' dir='ltr'><strong>ut</strong></span> <span class='ocrx_word' id='word_1_452' title='bbox 1049 2828 1102 2852; x_wconf 80' lang='lat' dir='ltr'><strong>aut</strong></span> <span class='ocrx_word' id='word_1_453' title='bbox 1117 2822 1150 2850; x_wconf 82' lang='lat' dir='ltr'><strong>id</strong></span> <span class='ocrx_word' id='word_1_454' title='bbox 1162 2822 1306 2851; x_wconf 74' lang='lat' dir='ltr'><strong>honestum</strong></span> <span class='ocrx_word' id='word_1_455' title='bbox 1324 2820 1376 2859; x_wconf 82' lang='lat' dir='ltr'><strong>sit]</strong></span> <span class='ocrx_word' id='word_1_456' title='bbox 1402 2826 1454 2850; x_wconf 80' lang='lat' dir='ltr'><strong>aut</strong></span> <span class='ocrx_word' id='word_1_457' title='bbox 1475 2829 1531 2859; x_wconf 82' lang='lat' dir='ltr'><strong>pro</strong></span> <span class='ocrx_word' id='word_1_458' title='bbox 1545 2829 1600 2850; x_wconf 88' lang='lat' dir='ltr'><strong>su-</strong></span> 
     </span>
    </p>
   </div>
   <div class='ocr_carea' id='block_1_5' title="bbox 164 2862 1599 2907">
    <p class='ocr_par' dir='ltr' id='par_1_6' title="bbox 164 2862 1599 2907">
     <span class='ocr_line' id='line_1_49' title="bbox 164 2862 1599 2907; baseline -0.002 -12"><span class='ocrx_word' id='word_1_459' title='bbox 164 2877 258 2906; x_wconf 83' lang='lat' dir='ltr'><strong>quem.</strong></span> <span class='ocrx_word' id='word_1_460' title='bbox 284 2876 360 2898; x_wconf 86' lang='lat' dir='ltr'><strong>nam</strong></span> <span class='ocrx_word' id='word_1_461' title='bbox 383 2875 415 2898; x_wconf 84' lang='lat' dir='ltr'><strong>et</strong></span> <span class='ocrx_word' id='word_1_462' title='bbox 440 2868 514 2898; x_wconf 79' lang='lat' dir='ltr'><strong>alibi</strong></span> <span class='ocrx_word' id='word_1_463' title='bbox 542 2868 574 2897; x_wconf 86' lang='lat' dir='ltr'><strong>in</strong></span> <span class='ocrx_word' id='word_1_464' title='bbox 604 2867 858 2907; x_wconf 81' lang='lat' dir='ltr'><strong>interpretatione</strong></span> <span class='ocrx_word' id='word_1_465' title='bbox 901 2874 1057 2906; x_wconf 80' lang='lat' dir='ltr'><strong>pervacuo</strong></span> <span class='ocrx_word' id='word_1_466' title='bbox 1082 2865 1207 2896; x_wconf 79' lang='lat' dir='ltr'><strong>delebat</strong></span> <span class='ocrx_word' id='word_1_467' title='bbox 1231 2864 1431 2902; x_wconf 76' lang='lat' dir='ltr'><strong>Lambinus3</strong></span> <span class='ocrx_word' id='word_1_468' title='bbox 1453 2870 1491 2894; x_wconf 90' lang='lat' dir='ltr'><strong>ut</strong></span> <span class='ocrx_word' id='word_1_469' title='bbox 1512 2869 1544 2893; x_wconf 85' lang='lat' dir='ltr'><strong>et</strong></span> <span class='ocrx_word' id='word_1_470' title='bbox 1565 2862 1599 2892; x_wconf 76' lang='lat' dir='ltr'><strong>P·-</strong></span> 
     </span>
    </p>
   </div>
  </div>
 </body>
</html>
