1768 3095
217 56 270 88 52
567 46 839 86 ACADEM.
870 47 1314 86 QUAESTIONUM

219 153 336 195 nari:
367 152 481 211 quod
510 167 536 194 a
565 152 783 195 Carneade
813 151 967 194 dicitur
989 152 1229 209 probatum.
1288 151 1496 209 Equidem
1517 152 1658 197 Clito-

220 209 374 252 macho
405 210 514 266 pluS,
548 224 675 266 quam
713 208 892 260 Philoni,
927 219 1002 250 aut
1037 209 1306 261 Metrodoro,
1344 208 1533 261 credens,
1569 210 1654 257 hoc

137 271 207 320 25
220 267 356 324 magis
392 268 446 309 ab
483 281 536 309 eo
575 265 853 322 disputatum,
889 280 1014 321 quam
1051 266 1277 321 probatum
1315 275 1435 322 puto.
1493 266 1579 308 Sed
1611 266 1656 310 id

157 324 481 389 79omittamus.
540 332 580 358 ⁴9
594 322 706 364 Illud
737 331 864 374 certe,
893 322 1150 378 opinatione,
1181 332 1225 364 et
1254 323 1524 379 perceptione
1553 323 1654 366 sub·

217 380 318 431 lata,
355 380 544 437 sequitur
572 380 765 421 omnium
800 379 1087 420 assensionum
1118 379 1326 421 retentio:
1357 388 1419 432 ut,
1447 380 1482 421 si
1511 389 1656 422 osten-

216 436 333 488 dero,
353 437 457 479 nihil
476 451 598 494 posse
618 436 790 493 percipi,
811 443 858 477 tu
887 434 1095 476 concedas
1126 450 1357 492 numquam
1387 451 1654 479 assensurum

216 508 323 535 esse.

272 549 391 593 Quid
419 564 525 605 ergo
554 557 632 599 est,
653 548 768 605 quod
800 548 958 604 percipi
988 547 1135 603 possit,
1155 548 1189 589 si
1221 563 1273 590 ne
1304 563 1449 592 sensus
1479 549 1652 606 quidem

215 621 312 649 vera
331 606 557 648 nuntiant?
590 620 696 662 quos
725 614 786 656 tu,
806 604 999 655 Luculle,
1022 613 1061 637 50
1077 605 1295 647 communi
1323 605 1420 646 loco
1449 606 1654 649 defendis.

218 673 253 696 ⁵1
273 663 389 720 quod
410 677 461 704 ne
482 662 525 704 id
543 663 678 703 facere
709 676 868 718 posseS,
890 660 1046 703 idcirco
1067 660 1170 712 heri,
1191 676 1275 703 non
1295 663 1528 705 necessario
1555 663 1654 706 loco

216 730 365 762 contra
391 734 534 761 sensus
557 729 640 760 tam
664 719 800 760 multa
828 718 1042 760 dixeram:
1076 728 1122 759 tu
1151 728 1294 760 autem
1316 728 1358 760 te
1377 732 1507 774 negas
1525 719 1654 761 infra—

215 788 286 819 cto
307 791 437 827 remo,
461 785 499 810 ⁵2
518 790 652 832 neque
671 775 882 817 columbae
902 775 1014 817 collo
1033 775 1304 817 commoveri.
1333 775 1519 831 primum
1543 777 1652 818 cur?

217 848 313 874 nam
334 843 378 876 et
398 834 439 874 in
459 847 577 874 remo
597 832 733 874 sentio
762 847 845 874 non
875 846 966 874 esse
995 831 1052 884 id,
1072 831 1188 888 quod
1211 831 1425 874 videatur:
1455 841 1500 874 et
1518 832 1561 874 in
1577 847 1652 875 co·

214 891 361 932 lumba
380 891 520 946 plures
542 888 667 930 videri
688 889 865 939 colores,
887 903 963 930 nec
983 903 1073 931 esse
1094 888 1189 945 plus
1207 903 1306 930 uno.
1325 887 1479 931 deinde
1497 889 1655 932 nihilne

214 957 419 1003 praeterea
438 945 619 989 diximus
637 947 650 987 ?
674 955 872 987 maneant
892 945 963 987 illa
979 946 1149 987 onmia:
1172 954 1213 984 85.
1228 945 1388 988 lacerat
1404 945 1486 990 ista
1503 960 1654 999 causa;

215 1018 378 1045 veraces
412 1018 510 1045 suos
541 1017 632 1044 esse
663 1017 807 1045 sensus
841 1002 957 1044 dicit.
1018 1002 1155 1059 Igitur
1184 1016 1350 1058 semper
1380 1011 1419 1036 ⁵4
1436 1011 1653 1045 auctorem

214 1060 344 1102 habes
364 1075 478 1111 eum,
499 1060 571 1116 qui
592 1073 750 1115 magno
771 1074 849 1101 suo
870 1059 1057 1115 periculo
1087 1073 1257 1103 causam
1278 1068 1392 1115 agat.
1415 1068 1451 1092 ⁵⁵
1468 1074 1520 1101 eo
1539 1060 1653 1102 enim

215 1131 303 1158 rem
323 1116 509 1159 demittit
527 1116 750 1172 Epicurus,
771 1115 806 1157 si
829 1131 934 1158 unus
953 1131 1099 1159 sensus
1127 1116 1258 1157 semel
1277 1115 1319 1157 in
1339 1117 1423 1159 vita
1450 1117 1654 1159 mentitus

153 1173 282 1225 Sosit,
316 1174 421 1215 nulli
452 1188 656 1230 umquam
688 1187 779 1214 esse
810 1172 1082 1214 credendum.
1141 1174 1241 1215 Hoc
1271 1181 1337 1214 est
1370 1187 1514 1215 verum
1546 1187 1655 1224 esse,

213 1230 424 1272 confidere
457 1229 542 1270 suis
576 1229 768 1280 testibus,
799 1239 844 1271 et
877 1229 1118 1284 importune
1147 1229 1352 1271 insistere.
1411 1231 1561 1286 Itaque
1579 1230 1654 1272 Ti—

213 1301 412 1344 magoras
430 1286 664 1342 Epicureus
685 1293 815 1342 negat
843 1284 922 1326 sibi
952 1300 1171 1342 umquam,
1192 1299 1291 1326 cum
1312 1285 1485 1328 oculum
1506 1286 1654 1328 torsis-

213 1352 294 1394 set,
329 1342 433 1384 duas
469 1357 520 1383 ex
555 1342 725 1383 lucerna
758 1341 995 1383 flammulas
1029 1356 1120 1384 esse
1150 1342 1269 1384 visas.
1299 1342 1510 1398 opinionis
1539 1343 1655 1385 enim

213 1414 306 1441 esse
340 1399 624 1451 mendacium,
658 1414 742 1440 non
777 1399 1015 1440 oculorum.
1046 1399 1166 1455 quasi
1195 1408 1422 1454 quaeratur,
1451 1398 1554 1455 quid
1586 1399 1654 1451 sit,

213 1471 298 1498 non
331 1455 434 1513 quid
460 1455 661 1498 videatur.
721 1455 804 1496 Sed
824 1455 894 1497 hic
921 1455 1093 1511 quidem
1124 1455 1333 1512 majorum
1367 1455 1529 1498 similis.
1586 1456 1655 1498 Tu

214 1528 326 1565 vero,
347 1513 420 1569 qui
447 1513 533 1554 visa
562 1511 751 1553 sensibus
777 1512 859 1554 alia
878 1525 972 1553 vera
990 1512 1104 1553 dicas
1124 1526 1229 1563 esse,
1249 1512 1330 1553 alia
1349 1511 1480 1554 falsa:
1511 1513 1584 1569 qui
1604 1527 1656 1556 ea

214 1569 439 1626 distinguis
457 1571 471 1610 ?
505 1575 544 1601 56
561 1569 717 1620 desine,
737 1583 895 1624 quaeso,
916 1568 1213 1610 communibus
1233 1569 1352 1611 locis.
1384 1568 1502 1611 domi
1532 1569 1655 1612 nobis

213 1627 293 1669 ista
320 1634 562 1668 nascuntur.
622 1626 668 1667 Si
702 1625 795 1682 quis
829 1625 933 1667 deus
962 1636 1004 1667 te
1036 1626 1281 1682 interroget,
1304 1625 1413 1667 sanis
1443 1625 1590 1678 modo,
1610 1636 1655 1668 et

213 1683 388 1739 integris
418 1683 622 1734 sensibus,
643 1696 744 1724 num
764 1682 945 1738 amplius
965 1682 1068 1739 quid
1086 1681 1296 1724 desideras
1313 1684 1327 1724 ?
1360 1682 1461 1738 quid
1480 1697 1656 1739 respon-

214 1738 343 1781 deas?
396 1739 574 1781 Utinam
606 1738 777 1796 quidem
815 1738 962 1794 roget!
1012 1738 1172 1791 audias,
1212 1747 1249 1776 57
1265 1753 1393 1796 quam
1431 1739 1651 1782 nobiscum

215 1797 326 1838 male
345 1796 492 1852 egerit.
522 1805 571 1838 ut
589 1795 702 1837 enim
722 1810 819 1837 vera
837 1795 1064 1837 videamus.
1085 1804 1123 1829 ⁵8
1141 1810 1267 1851 quam
1287 1796 1419 1852 longe
1435 1795 1651 1838 videmus?

170 1857 203 1888 b.
216 1854 311 1908 Ego
345 1852 489 1895 Catuli
521 1852 759 1895 Cumanam
791 1866 841 1894 ex
870 1852 954 1894 hoc
985 1852 1083 1894 loco
1115 1853 1330 1908 regionem
1359 1852 1497 1905 video,
1526 1853 1653 1896 Pom-

213 1910 410 1966 peianum
432 1924 517 1952 non
538 1924 664 1951 cerno
683 1926 693 1951 ε
724 1923 861 1966 neque
890 1908 1122 1966 quidquam
1151 1908 1420 1966 interjectum
1441 1918 1520 1962 est,
1537 1909 1655 1967 quod

257 2063 297 2089 49
315 2055 398 2085 Illud
409 2061 484 2085 certe
500 2053 576 2095 &c.]
592 2055 729 2086 Duriora
739 2056 810 2086 haec
824 2061 912 2092 sunt,

212 2097 277 2129 sive
304 2098 382 2128 illud
400 2106 474 2128 certe
499 2099 643 2129 absolute
668 2099 821 2139 capiatur,
848 2099 912 2129 sive

956 2065 1011 2095 pro
1027 2066 1065 2086 eo
1079 2056 1299 2096 reponendum
1313 2055 1365 2092 sit,
1378 2055 1547 2086 incertum.
1563 2056 1656 2088 nulla

955 2099 1040 2129 varia
1066 2098 1159 2129 lectio
1182 2106 1237 2129 aut
1263 2099 1446 2136 conjectura
1472 2099 1553 2130 mihi
1579 2101 1654 2132 satis

213 2152 291 2172 curn
328 2142 459 2184 sequitur
496 2143 720 2181 conjungatur.
764 2142 912 2173 Davisius

213 2185 345 2223 conjicit
367 2196 448 2214 cerne
474 2195 529 2224 pro
551 2192 650 2214 certe.-
673 2186 726 2216 sed
750 2195 816 2216 non
838 2186 912 2215 satis

214 2228 326 2267 placet.
350 2227 525 2267 intelligam
549 2239 589 2258 ex
611 2228 789 2266 omittamus,
805 2228 910 2258 dicam.

216 2272 248 2301 in
277 2271 340 2301 fine
370 2281 426 2311 pro
455 2278 487 2300 tu
517 2271 660 2309 concedas,
690 2271 771 2302 bene
800 2272 912 2312 opinor

214 2314 296 2344 Dav.
312 2315 437 2354 corrigit
453 2321 490 2344 te.

258 2366 297 2388 50
313 2368 412 2386 comm.
429 2356 486 2386 loco
501 2355 641 2398 defendis]
661 2357 680 2388 i.
697 2367 725 2387 e.
740 2366 910 2396 argumen-

213 2407 244 2429 to
271 2400 421 2439 generali,
447 2409 476 2430 v.
500 2409 528 2430 e.
554 2401 593 2430 de
618 2401 709 2431 noxis
731 2401 908 2436 sententiae,

213 2453 286 2482 quae
301 2452 456 2472 sensuum
472 2443 695 2473 certitudinem
712 2442 804 2473 tollit.

258 2493 292 2516 51
314 2486 390 2526 quod
403 2497 436 2515 ne
451 2486 526 2525 ia'f.
547 2486 597 2524 μ]
622 2486 655 2516 id
665 2486 839 2517 delendum
854 2492 910 2516 est.

213 2530 361 2569 quaedam
377 2529 447 2559 edd.
463 2529 558 2558 etiam
576 2528 654 2558 istud
668 2529 797 2559 habent.

259 2580 297 2602 52
313 2583 400 2614 neque
422 2570 559 2600 columbae
582 2570 663 2610 collo]
691 2572 821 2602 Videtur
846 2581 911 2602 esse

213 2615 324 2646 debere
351 2622 457 2656 atque:
480 2615 534 2644 sed
560 2622 591 2644 et
611 2614 686 2644 alibi
709 2615 779 2645 baec
810 2615 911 2645 forma

212 2665 268 2688 est.
292 2658 429 2688 alterurn
456 2668 556 2698 neque,
581 2658 668 2696 quod
691 2667 756 2688 esse
779 2658 913 2688 debebat

212 2709 287 2731 ante
303 2701 428 2742 infracto
445 2711 518 2729 remo
533 2707 579 2730 est
595 2701 627 2730 in
644 2712 741 2740 negas.

257 2750 294 2774 33
320 2743 432 2773 lacerat
453 2743 510 2772 ista
534 2743 638 2782 causa]
665 2744 752 2774 Quid
775 2750 822 2773 est
836 2742 911 2772 lace—

214 2787 288 2817 rat?
309 2787 458 2818 vitiosum
474 2786 599 2816 estsine
615 2787 723 2818 dubio.
757 2787 818 2817 Sed
833 2786 911 2826 quid

956 2142 1042 2173 facit.
1088 2141 1219 2180 Conjeci
1235 2142 1299 2181 ipse
1315 2141 1439 2173 laborat.

1000 2192 1039 2216 54
1055 2191 1196 2214 auctorem
1214 2184 1297 2214 habes
1313 2184 1388 2224 eum]
1414 2185 1521 2226 Vulgo
1536 2193 1565 2217 et
1578 2197 1653 2217 eum.

956 2227 1051 2258 male.
1075 2234 1103 2257 et
1125 2227 1269 2267 pluribus
1293 2229 1325 2258 in
1351 2228 1428 2260 Mss.
1452 2239 1518 2261 non
1542 2231 1655 2270 reperit

955 2270 1116 2307 Davisius,
1132 2270 1187 2310 qui
1204 2278 1234 2300 et
1249 2271 1374 2302 delevit.

999 2321 1036 2345 55
1065 2325 1095 2342 eo
1116 2324 1176 2343 rem
1199 2313 1339 2353 demittit]
1367 2314 1420 2345 Sic
1442 2315 1491 2346 ed.
1520 2315 1653 2348 Mediol-

952 2357 1044 2387 bene.
1060 2356 1158 2396 vulgo
1178 2364 1224 2386 est
1242 2357 1379 2388 dimittit.
1395 2358 1491 2389 male.
1508 2358 1585 2389 alias
1607 2359 1654 2390 di-

953 2399 1034 2430 citur
1049 2411 1078 2429 eo
1092 2399 1244 2430 descendit.

998 2446 1036 2474 56
1053 2441 1155 2482 define,
1170 2454 1200 2484 q.
1217 2443 1407 2473 communibus
1427 2441 1507 2482 locis]
1527 2443 1590 2475 lnt.
1605 2444 1652 2475 uti

955 2486 985 2515 in
1003 2485 1199 2516 defendenda
1214 2486 1342 2516 veritate
1355 2495 1524 2517 sensuum.

999 2534 1035 2563 57
1054 2539 1142 2569 quam
1157 2528 1299 2558 nobiscum
1314 2527 1390 2558 male
1403 2527 1511 2568 egerit]
1527 2527 1620 2568 egerit
1633 2537 1654 2559 ι

957 2571 1020 2602 Ms.
1043 2570 1109 2601 Pal.
1132 2571 1265 2611 aliisque
1290 2572 1360 2602 dedi
1385 2581 1441 2611 pro
1465 2570 1590 2611 egerint,
1618 2571 1652 2602 in

955 2624 1020 2653 quo
1034 2614 1088 2645 Dii
1103 2614 1312 2653 intelligendi.
1325 2615 1394 2645 edd.
1409 2620 1486 2645 vett.
1501 2614 1651 2653 quaedam

955 2657 1051 2687 etiam
1067 2663 1197 2697 agerent.

999 2707 1038 2732 58
1059 2711 1147 2742 quam
1170 2699 1252 2740 longe
1272 2698 1422 2741 videmus]
1448 2699 1502 2730 Sic
1523 2705 1554 2729 et
1571 2698 1651 2731 MSS.

954 2743 1099 2782 quidam,
1124 2749 1155 2774 et
1180 2752 1226 2773 res
1252 2742 1403 2782 postulat,
1428 2749 1464 2773 ut
1482 2751 1572 2784 seqq.
1594 2742 1650 2774 do-

954 2794 1039 2818 cent.
1084 2785 1199 2827 Vulgg.
1216 2784 1388 2817 videbimus.
