1778 3095
581 150 765 190 LIBER
804 149 1045 191 PRIMUS.
1443 159 1520 193 541-

95 260 289 314 lustrato,
311 276 409 303 cum
429 259 646 302 Arretium
666 274 806 301 versus
827 267 963 300 castra
981 258 1193 310 movisset,
1210 264 1253 299 et
1268 265 1415 301 contra
1433 261 1526 303 An·-

95 317 277 359 nibalem
298 318 484 382 legiones
505 316 703 357 duceret:
735 324 778 356 et
797 316 905 370 ipse,
918 324 960 355 et
976 330 1108 370 equus
1127 315 1217 372 ejus
1238 322 1333 356 ante
1354 316 1523 371 signum

95 374 210 415 Jovis
241 375 418 416 Statoris
449 373 536 415 sine
568 387 694 414 causa
701 379 891 436 ‘repente
911 371 1108 422 concidit,
1130 386 1204 412 nec
1225 386 1319 413 eam
1339 386 1427 412 rem
1450 373 1526 414 ha-

95 430 189 471 buit
208 431 414 486 religioni,
438 439 474 462 14
487 429 658 484 objecto
679 428 815 484 signo,
836 436 885 469 ut
912 427 1055 482 peritis
1080 427 1311 478 videbatur,
1332 442 1384 468 ne
1404 442 1523 469 com-

94 486 282 550 mitteret
301 486 511 542 proelium.
572 485 690 526 Idem
725 499 822 526 cum
852 483 1035 538 tripudio
1064 484 1364 538 auspicaretur,
1386 484 1524 539 pulla-

94 542 180 583 rius
205 551 241 574 1⁵
259 543 371 584 diem
391 542 528 597 proelii
545 541 840 583 committendi
861 540 1094 581 differebat.
1152 541 1263 580 Tum
1295 541 1524 583 Flaminius

93 612 144 638 ex
164 613 215 640 eo
235 599 437 654 quaesivit,
463 599 496 639 si
528 613 579 639 ne
608 607 757 653 postea
786 596 956 653 quidem
984 595 1089 651 pulli
1118 606 1398 650 pascerentur,
1421 597 1525 653 quid

93 654 331 696 faciendum
366 664 566 696 censeret.
628 654 738 695 Cum
775 654 844 694 ille
861 652 1178 718 quiescendum
1214 653 1522 707 respondisset.

94 710 337 775 Flaminius,
360 712 562 752 Praeclara
589 725 684 751 vero
714 710 911 765 auspicia,
934 710 967 750 si
998 709 1276 750 esurientibus
1304 709 1432 764 pullis
1458 725 1523 752 res

91 767 184 822 geri
204 767 374 830 poterit,
394 768 543 809 saturis
567 767 668 807 nihil
688 775 871 823 geretur.
900 766 1041 830 itaque
1063 766 1184 821 signa
1203 765 1396 816 convelli,
1417 775 1459 807 et
1480 781 1523 807 se

93 823 212 878 sequi
227 822 369 879 jussit.
400 826 499 881 Ouo
517 833 720 879 tempore,
734 838 830 864 cum
849 822 1022 877 signifer
1039 822 1162 877 primi
1179 822 1333 863 hastati
1351 822 1522 878 signum

92 893 177 919 non
196 889 340 935 posset
360 895 524 921 movere
544 880 653 929 loco,
677 894 752 920 nec
771 879 1002 942 quidquam
1023 879 1308 934 proficeretur,
1335 886 1371 910 10
1383 879 1522 934 plures

91 949 190 976 cum
210 937 481 987 accederent3
515 936 742 977 Flaminius
770 950 813 976 re
841 935 1044 985 nuntiata,
1075 949 1151 975 suo
1180 949 1299 976 more
1321 935 1520 991 neglexit.

88 991 232 1047 itaque
256 1000 290 1028 17
304 993 436 1034 tribus
453 969 564 1033 h'oris
585 992 777 1032 concisus
795 991 1014 1039 exercitus,
1032 999 1156 1045 atque
1174 991 1261 1046 ipse
1278 993 1520 1033 interfectus

89 1058 167 1089 est.
226 1050 438 1104 Magnum
461 1049 565 1089 illud
584 1048 725 1099 etiam,
744 1047 858 1103 quod
878 1047 1038 1088 addidit
1061 1047 1238 1098 Coelius,
1259 1062 1309 1088 eo
1330 1057 1519 1104 tempore
1530 1059 1584 1101 78

88 1104 195 1169 ipso,
215 1120 312 1146 cum
334 1105 416 1146 hoc
437 1105 729 1146 calamitosum
757 1105 874 1145 fieret
892 1104 1103 1159 proelium,
1123 1112 1264 1144 tantos
1284 1112 1403 1145 terrae
1425 1120 1519 1146 mo-

88 1168 157 1202 tus
185 1162 227 1201 in
258 1162 501 1217 Liguribus,
523 1161 676 1213 Gallia,
695 1161 1069 1216 compluribusque
1100 1160 1262 1211 insulis,
1284 1169 1457 1217 totaque
1477 1161 1521 1203 in

89 1217 212 1258 Italia
239 1219 371 1259 factos
402 1232 504 1269 esse,
535 1228 584 1259 ut
614 1218 748 1259 multa
778 1217 934 1273 oppida
963 1217 1211 1267 corruerint,
1240 1217 1383 1259 multis
1414 1217 1520 1259 locis

86 1272 204 1315 labes
226 1274 348 1316 factae
369 1275 465 1325 sint,
486 1284 690 1329 terraeque
718 1274 970 1339 desederint,
992 1274 1247 1328 fluminaque
1278 1274 1321 1314 in
1351 1283 1519 1315 contra-

89 1330 169 1371 rias
191 1342 331 1396 partes
352 1331 571 1382 fluxerint3
603 1340 730 1386 atque
751 1331 791 1371 in
813 1344 957 1371 amnes
979 1344 1092 1371 mare
1111 1329 1334 1371 influxerit.
1392 1331 1520 1372 Fiunt

87 1396 200 1428 certe
227 1387 529 1428 divinationum
549 1387 803 1443 conjecturae
822 1402 846 1427 a
865 1387 1020 1442 peritis.
1080 1385 1213 1426 Midae
1234 1386 1295 1426 illi
1317 1386 1518 1444 Phrygio,
1531 1388 1606 1442 36

87 1456 185 1483 011111
208 1458 311 1499 puer
339 1452 462 1495 esset,
483 1444 708 1485 dormienti
736 1444 963 1484 formicae
955 1459 994 1484 111
1024 1457 1071 1484 os
1099 1443 1227 1484 tritici
1254 1457 1387 1498 grana
1415 1458 1519 1485 con-

85 1509 322 1554 gesserunt.
379 1500 687 1542 Divitissimum
709 1501 813 1550 fore,
833 1500 1082 1554 praedictum
1106 1508 1198 1540 est:
1231 1499 1346 1555 quod
1366 1500 1517 1542 evenit.

85 1556 148 1595 At
176 1556 353 1606 Platoni,
373 1571 469 1598 cum
498 1558 540 1598 in
566 1558 683 1599 cunis
708 1557 880 1612 parvulo
910 1557 1135 1597 dormienti
1156 1569 1254 1611 apes
1282 1557 1324 1596 in
1352 1556 1560 1601 labellisp·
1578 1569 1629 1599 97.

84 1612 388 1662 consedissent,
410 1628 654 1669 responsum
676 1623 754 1664 est,
771 1613 975 1669 singulari
995 1613 1113 1654 illum
1134 1613 1336 1654 suavitate
1357 1614 1542 1654 oratio-a

86 1668 150 1709 nis
168 1669 272 1710 fore.
303 1670 363 1711 ita
384 1671 523 1711 futura
543 1645 784 1726 eloquentia
803 1671 966 1725 provisa
986 1670 1026 1710 in
1047 1670 1206 1710 infante
1227 1678 1304 1709 est.
1364 1670 1507 1710 Quid.
1499 1670 1512 1699 ³
1528 1677 1580 1721 79

84 1738 248 1766 amores
276 1740 324 1766 ac
355 1726 514 1767 deliciae
544 1735 642 1777 tuae,
675 1726 864 1777 Roscius,
896 1741 997 1767 num
1028 1734 1102 1766 aut
1130 1725 1232 1781 ipse,
1253 1734 1327 1766 aut
1356 1740 1433 1781 pro
1463 1740 1516 1767 eo

86 1781 323 1822 Lanuvium
349 1791 488 1823 totum
516 1783 827 1824 mentiebatur?
860 1783 931 1838 qui
960 1797 1058 1823 011111
1089 1792 1199 1822 esset
1219 1782 1260 1822 in
1281 1782 1524 1834 cunabulis,

85 1836 448 1894 educareturque
439 1854 480 1879 m
500 1840 687 1889 Solonio,
706 1840 776 1894 qui
798 1848 862 1880 est
881 1853 1055 1902 campus
1075 1838 1165 1893 agri
1185 1838 1416 1889 Lanuvini3
1439 1853 1517 1879 no-

84 1903 170 1944 ctu,
193 1894 351 1935 lumine
371 1896 579 1950 apposito,
599 1904 839 1950 experrecta
863 1895 1001 1936 nutrix
1029 1894 1319 1935 animadvertit
1339 1909 1517 1949 puerum

84 1949 362 1992 dormientem
380 1952 743 2007 circumplicatum
762 1951 961 2006 serpentis
980 1951 1189 2006 amplexu.
1210 1965 1296 2006 quo
1312 1951 1518 2006 adspectu

84 2007 292 2057 exterrita,
315 2008 543 2049 clamorem
570 2009 752 2050 sustulit.
813 2009 932 2049 Pater
961 2016 1103 2048 autem
1134 2007 1276 2048 Roscii
1306 2007 1359 2049 ad
1388 2008 1516 2049 haru-

83 2063 218 2118 spices
240 2064 396 2105 retulit.
429 2066 501 2120 qui
522 2065 839 2120 responderunt,
862 2064 965 2105 nihil
984 2064 1056 2104 illo
1076 2077 1206 2120 puero
1226 2063 1393 2114 clarius,
1412 2064 1516 2106 nihil

85 2120 267 2161 nobilius
288 2122 392 2162 fore.
440 2123 583 2177 Atque
605 2122 712 2163 hanc
735 2122 912 2177 speciem
939 2120 1162 2162 Praxiteles
1182 2120 1343 2161 caelavit
1362 2135 1515 2176 argen-

83 2184 143 2227 to,
165 2185 208 2217 et
228 2186 371 2218 noster
390 2179 591 2233 expressit
611 2178 789 2219 Archias
810 2178 1007 2219 versibus.
1067 2176 1184 2219 Quid
1210 2176 1341 2231 igitur
1367 2191 1515 2232 exspe-

83 2235 276 2274 ctamus?
309 2249 361 2275 an
393 2234 494 2275 dum
524 2235 564 2275 in
597 2235 689 2276 foro
720 2235 939 2276 nobiscum
966 2234 1023 2274 dii
1052 2233 1327 2284 immortales,
1348 2233 1481 2274 dum
1471 2248 1514 2274 111

84 2289 156 2330 viis
178 2299 404 2342 versentur,
426 2291 527 2332 dum
550 2291 689 2333 domi?
715 2292 786 2347 qui
809 2290 1007 2347 quidem
999 2290 1077 2345 lpsi
1097 2304 1141 2331 se
1163 2289 1283 2330 nobis
1304 2304 1388 2330 non
1409 2289 1513 2331 offe-

83 2355 194 2397 runt,
212 2346 293 2388 vim
314 2356 456 2389 autem
479 2363 596 2389 suam
618 2348 761 2404 longe,
778 2348 945 2403 lateque
966 2346 1232 2387 diffundunt.
1265 2361 1390 2401 quam
1413 2361 1513 2387 cum

84 2409 205 2444 terrae
235 2404 419 2445 cavernis
449 2404 685 2455 includunt,
715 2414 806 2445 tum
838 2405 1058 2444 hominum
1091 2402 1249 2443 naturis
1279 2402 1512 2457 implicant.

83 2459 198 2499 Nam
219 2468 337 2501 terrae
358 2461 416 2501 vis
440 2461 633 2517 Pythiam
664 2461 844 2516 Delphis
874 2460 1087 2509 incitabat,
1109 2468 1266 2500 naturae
1288 2459 1511 2515 Sibyllam.

83 2515 201 2557 Quid
225 2516 360 2558 enim.
353 2519 366 2548 ³
400 2532 484 2559 non
502 2518 706 2569 videmus,
728 2532 854 2574 quam
873 2517 955 2558 sint
974 2516 1083 2557 varia
1104 2525 1306 2557 terrarum
1325 2529 1510 2571 genera·
1496 2545 1511 2567 ,

127 2667 164 2690 14
188 2660 291 2699 objecto
307 2660 397 2699 signo]
418 2662 437 2691 i.
450 2671 477 2692 e.
493 2671 569 2692 cum
585 2662 648 2692 hoe
669 2663 697 2692 ei
719 2672 774 2702 pro
818 2662 921 2692 ferum
938 2661 970 2690 in
983 2660 1191 2691 eonvellendo
1206 2660 1296 2699 signo
1308 2660 1468 2698 juvarent.

81 2704 171 2742 signo
193 2704 357 2739 evenisset,
382 2713 447 2733 non
469 2714 533 2734 esse
556 2705 703 2744 praelium
727 2707 775 2735 in·
862 2712 897 2739 17
918 2704 1008 2733 tribus
1023 2702 1110 2741 horis]
1126 2703 1230 2742 Vulgo
1247 2703 1454 2742 interponitur
1468 2702 1512 2732 bis

82 2747 238 2776 eundum.
817 2747 865 2777 vel
884 2748 919 2776 iis
932 2758 942 2775 .·
965 2747 1018 2777 sed
1034 2747 1062 2775 id
1080 2746 1173 2785 plane
1189 2747 1288 2784 friget.
1312 2747 1417 2784 itaque
1432 2755 1511 2776 cum

127 2796 163 2819 15
187 2787 468 2829 diem—dfflrebat]
493 2789 712 2821 Differendum
728 2791 773 2820 di·
818 2797 848 2819 et
869 2791 901 2819 in
923 2790 987 2819 Ms.
1010 2789 1087 2828 Reg.
1105 2799 1169 2818 non
1191 2794 1349 2827 repertum
1364 2789 1415 2824 sit,
1432 2797 1510 2818 cum

84 2831 186 2861 eebat.
818 2832 945 2862 Davisio
960 2832 1071 2862 delevi.
1095 2831 1209 2861 delevit
1231 2837 1262 2859 et
1282 2830 1373 2859 docta
1394 2839 1510 2864 manus

130 2879 166 2903 16
184 2874 280 2913 plum
304 2886 366 2905 cum
389 2873 565 2914 accederent]
592 2875 656 2906 Qui
678 2876 774 2914 signi·
819 2877 850 2906 in
867 2874 1015 2914 exemplo
1031 2884 1104 2905 meo
1120 2875 1168 2904 ed·
1185 2873 1266 2905 Ven.
1285 2879 1377 2905 1494.
