1768 3095
536 140 718 179 LIBER
758 138 1095 177 SECUNDUS.
1460 144 1533 185 127

101 248 337 305 Virginius,
365 262 559 304 unusque
588 246 642 288 de
671 246 830 297 multis,
861 246 1129 302 sexagesimo
1160 260 1270 286 anno
1290 256 1389 300 post
1407 247 1534 288 liber-

100 315 233 347 tatem
263 314 491 361 receptam,
521 304 727 359 virginem
758 303 902 354 filiam,
933 318 1008 344 sua
1037 317 1166 343 manu
1187 302 1358 353 occidit,
1379 304 1535 357 potius,
1563 341 1575 350 ,

103 377 229 418 quam
259 377 307 403 ea
333 362 447 416 App.
479 360 650 401 Claudii
673 360 854 411 libidini,
875 360 948 416 qui
976 369 1066 400 turn
1089 369 1177 400 erat
1198 374 1367 399 summo
1388 359 1432 399 in
1452 360 1532 399 im-

102 419 235 474 perio,
257 412 491 460 dederetur.
549 417 643 457 Aut
673 417 764 458 haec
794 416 886 467 tibi,
912 416 1142 471 Torquate,
1165 426 1264 457 sunt
1293 415 1612 470 vituperem-21

102 475 170 526 da,
193 485 264 516 aut
296 472 576 529 patrocinium
602 473 829 528 voluptatis
857 472 1179 528 repudiandum.
1238 472 1370 528 Quod
1391 480 1532 512 autem
1546 485 1597 530 67

101 530 394 587 patrocinium,
411 538 486 571 aut
501 545 596 586 quae
618 530 699 571 ista
714 544 841 571 causa
860 538 924 570 est
941 529 1184 584 voluptatis,
1201 544 1295 585 quae
1318 543 1394 570 nec
1416 536 1455 561 26
1471 537 1533 570 te-

102 597 186 628 stes
206 586 316 628 ullos
338 600 361 626 e
382 586 504 627 claris
534 586 642 636 viris,
666 601 742 627 nec
761 586 1011 642 laudatores
1042 586 1200 641 poterit
1221 585 1423 626 adhibere
1441 587 1454 626 ?
1488 593 1536 626 ut

101 643 212 684 enim
229 657 306 684 nos
323 657 374 683 ex
393 642 608 684 annalium
624 644 911 684 monumentis
929 651 1054 684 testes
1071 642 1304 683 excitamus
1323 657 1412 693 eos,
1430 657 1536 697 quo-

100 714 194 740 rum
215 699 352 740 omnis
369 699 451 740 vita
471 708 694 740 consumta
711 709 774 741 est
794 700 835 740 in
854 699 1070 741 laboribus
1090 699 1303 754 gloriosiS,
1321 699 1394 754 qui
1414 698 1535 740 volu-

101 756 228 812 ptatis
249 770 404 797 nomen
426 756 569 797 audire
592 771 676 797 non
698 767 896 811 possent:
926 757 983 797 sic
1005 756 1048 796 in
1072 756 1214 796 vestris
1238 755 1534 811 disputationi-

99 813 178 854 bus
196 812 372 853 historia
387 822 506 854 muta
522 821 606 853 est:
630 827 862 868 numquam
880 813 1018 854 audivi
1034 813 1075 853 in
1093 813 1265 868 Epicuri
1282 812 1429 853 schola
1447 813 1534 868 Ly„

99 883 296 925 curgum,
312 870 529 920 Solonem,
547 869 804 920 Miltiadem,
824 869 1175 920 Themistoclem,
1195 869 1535 924 Epaminondam

101 926 331 966 nominari:
364 926 436 982 qui
462 926 506 967 in
537 941 610 967 ore
638 936 736 967 sunt
766 935 1004 967 ceterorum
1035 927 1227 966 omnium
1259 926 1538 981 philosopho-

101 996 209 1023 rum.
248 983 377 1024 Nunc
398 997 510 1034 vero,
533 983 733 1039 quoniam
755 983 846 1024 haec
869 997 946 1023 nos
965 983 1093 1024 etiam
1113 991 1294 1024 tractare
1314 983 1538 1039 coepimus,

100 1039 389 1094 suppeditabit
418 1040 540 1081 nobis
562 1040 733 1081 Atticus
765 1051 905 1081 noster
925 1039 978 1080 de
1000 1039 1207 1080 thesauris
1229 1040 1328 1089 suis,
1350 1055 1472 1095 quos,
1496 1049 1538 1081 et
1549 1057 1581 1087 b.

130 1104 282 1137 uantos
304 1096 412 1137 viros
440 1104 477 1133 27
494 1096 666 1151 [habere
687 1096 857 1137 testium
880 1107 942 1137 sat
965 1097 1064 1151 est].
1123 1097 1280 1137 Nonne
1300 1097 1452 1138 melius
1473 1105 1537 1137 est
1548 1101 1599 1139 68

131 1166 154 1192 e
174 1152 238 1193 his
269 1152 440 1209 aliquid,
461 1168 588 1209 quam
617 1154 743 1194 tantis
768 1153 1051 1194 voluminibus
1080 1152 1132 1193 de
1152 1153 1372 1194 Themista
1389 1153 1534 1209 loqui?

103 1209 196 1250 Sint
227 1209 308 1251 ista
343 1210 609 1251 Graecorum.
647 1225 905 1266 quamquam
943 1211 996 1251 ab
1034 1209 1098 1251 his
1133 1209 1464 1265 philosophiam,
1496 1217 1539 1251 et

103 1279 253 1306 omnes
282 1267 484 1322 ingenuas
516 1266 756 1323 disciplinas
782 1267 1000 1308 habemus.
1021 1267 1093 1308 sed
1121 1276 1262 1308 tamen
1282 1276 1346 1307 est
1365 1266 1538 1323 aliquid,
1550 1277 1646 1311 p-79-

104 1321 219 1377 quod
239 1322 360 1364 nobis
381 1337 465 1363 non
486 1323 624 1372 liceat,
642 1323 764 1364 liceat
785 1323 880 1364 illis.
940 1325 1136 1379 Pugnant
1156 1323 1288 1364 Stoici
1307 1338 1405 1364 cum
1427 1323 1539 1365 Peri·
1550 1323 1580 1345 ²·

105 1379 313 1433 pateticis.
335 1379 454 1420 alteri
480 1388 638 1435 negant
668 1380 900 1436 quidquam
921 1394 1012 1420 esse
1032 1380 1208 1431 bonum,
1228 1379 1307 1420 nisi
1326 1380 1443 1435 quod
1462 1380 1540 1421 ho-

105 1445 271 1476 nestum
293 1436 360 1476 sit.
377 1435 511 1486 alteri,
528 1436 758 1490 plurimum
781 1451 839 1487 se,
855 1446 898 1477 et
917 1437 1061 1491 longe,
1080 1436 1290 1491 longeque
1310 1437 1540 1491 plurimum

104 1491 288 1532 tribuere
318 1491 543 1541 honestati,
573 1492 647 1533 sed
681 1502 823 1534 tamen
850 1504 892 1534 et
921 1493 963 1534 in
997 1507 1188 1548 corpore,
1218 1501 1261 1533 et
1294 1502 1425 1543 extra,
1453 1508 1542 1534 esse

105 1547 297 1602 quaedam
319 1548 444 1589 bona.
477 1556 515 1580 28
529 1550 584 1590 Et
604 1559 819 1590 certamen
834 1549 1076 1600 honestum,
1093 1559 1136 1590 et
1151 1549 1384 1604 disputatio
1403 1550 1543 1605 splen-

105 1604 204 1645 dida
222 1621 232 1645 ε
264 1604 402 1645 omnis
423 1614 487 1646 est
506 1605 618 1646 enim
641 1605 693 1646 de
712 1606 875 1647 virtutis
896 1605 1101 1660 dignitate
1122 1605 1356 1647 contentio.
1377 1616 1422 1647 at
1443 1621 1540 1647 cum

104 1660 188 1702 tuis
217 1675 315 1702 cum
347 1661 538 1713 disseras,
568 1663 704 1703 multa
734 1670 832 1704 sunt
862 1661 1067 1703 audienda
1097 1663 1223 1704 etiam
1255 1662 1308 1703 de
1330 1662 1542 1704 obscoenis

105 1717 413 1773 voluptatibus,
427 1718 480 1759 de
501 1719 653 1775 quibus
684 1718 738 1759 ab
757 1718 943 1774 Epicuro
965 1718 1195 1774 saepissime
1215 1719 1382 1760 dicitur.
1440 1721 1542 1760 Non
1556 1741 1580 1778 5

105 1783 227 1830 potes
258 1789 362 1830 ergo
392 1775 472 1816 ista
502 1776 626 1826 tueri,
658 1776 888 1832 Torquate,
921 1776 1028 1817 mihi
1062 1776 1202 1827 crede,
1231 1776 1266 1816 si
1294 1786 1337 1817 te
1368 1776 1473 1831 ipse,
1501 1786 1545 1818 et

105 1839 200 1872 tuas
221 1832 520 1887 cogitationes,
541 1842 585 1874 et.
614 1832 756 1874 studia
786 1833 1059 1888 perspexeris.
1080 1833 1259 1888 pudebit
1278 1841 1335 1883 te,
1356 1833 1544 1889 inquam,

107 1887 220 1929 illius
240 1888 413 1939 tabulae,
434 1903 560 1944 quam
592 1889 836 1940 Cleanthes,
859 1904 958 1930 sane
979 1889 1220 1941 commode,
1241 1898 1281 1924 ²9
1297 1890 1430 1931 verbis
1451 1890 1544 1945 pin-

107 1957 209 1998 gere
236 1944 414 1985 solebat.
472 1945 658 1986 Jubebat
684 1960 772 1996 eos,
806 1946 878 2002 qui
909 1946 1152 1997 audiebant,
1175 1961 1317 1988 secum
1339 1947 1453 2002 ipsos
1473 1961 1548 1988 co-

107 2000 247 2055 gitare
265 2001 422 2056 pictam
456 2001 499 2041 in
525 2002 670 2042 tabula
689 2002 949 2058 voluptatem
966 2019 978 2053 3
1009 2003 1296 2059 pulcherrimo
1319 2003 1484 2053 vestitu,
1505 2014 1547 2044 et

109 2066 260 2098 ornatu
282 2056 426 2112 regali,
446 2057 489 2098 in
511 2058 617 2099 solio
640 2058 882 2100 sedentem:
909 2070 1064 2115 praesto
1085 2074 1176 2101 esse
1195 2060 1383 2108 virtutes,
1403 2069 1451 2100 ut
1473 2074 1547 2100 an-

109 2113 288 2164 cillulas,
309 2129 404 2170 quae
436 2114 541 2155 nihil
567 2115 682 2156 aliud
713 2125 902 2170 agerent,
933 2116 1098 2157 nullum
1120 2132 1243 2158 suum
1265 2117 1451 2158 officium
1471 2117 1549 2157 du-

110 2179 266 2222 cerent,
298 2171 378 2212 nisi
401 2179 449 2211 ut
475 2171 682 2226 voluptati
709 2172 1006 2223 ministrarent,
1028 2183 1070 2214 et
1097 2185 1189 2214 eam
1212 2182 1379 2214 tantum
1402 2173 1455 2213 ad
1475 2188 1549 2213 au-

109 2240 197 2268 rem
219 2227 510 2279 admonerent,
536 2229 586 2279 (si
612 2228 741 2269 modo
762 2229 806 2269 id
826 2229 989 2284 pictura
1010 2230 1190 2285 intelligi
1210 2232 1383 2285 posset,)
1409 2240 1457 2270 ut
1477 2244 1548 2270 ca-

111 2292 237 2334 veret,
268 2284 424 2340 nequid
453 2284 672 2340 perficeret
702 2285 959 2340 imprudens,
981 2286 1096 2340 quod
1125 2287 1356 2327 offenderet
1385 2286 1550 2326 animos

112 2337 353 2391 hominum,
371 2350 444 2382 aut
463 2341 710 2397 quidquam,
731 2356 754 2382 e
776 2357 861 2397 quo
888 2342 1067 2382 oriretur
1092 2343 1242 2397 aliquis
1261 2342 1397 2383 dolor.
1456 2344 1550 2383 Nos

110 2396 282 2452 quidem
311 2398 499 2448 virtutes,
530 2398 589 2439 sic
620 2406 728 2439 natae
760 2413 919 2449 sumUS,
942 2408 988 2439 ut
1019 2399 1095 2439 tibi
1128 2399 1404 2449 serviremus3
1437 2398 1552 2439 aliud

114 2454 277 2509 negotii
297 2454 401 2495 nihil
420 2454 639 2496 habemus.

156 2584 196 2609 26
220 2579 606 2609 testes—adhibere—testes
632 2579 805 2619 excitamus]
852 2590 888 2610 ea
910 2580 1017 2611 deleri.
1040 2591 1098 2611 nos
1123 2590 1199 2611 curn
1217 2581 1347 2612 Davisio
1363 2581 1475 2611 saltem
1494 2592 1553 2612 un*

113 2628 195 2651 testes
210 2622 342 2652 adhibere
359 2623 404 2653 sic
420 2632 485 2653 non
496 2623 622 2659 dieitur,
640 2623 744 2652 immo
760 2636 810 2652 ex·
852 2625 896 2654 cis
914 2624 1117 2654 inclusimus.

113 2664 221 2701 hibere,
237 2665 315 2695 forte
330 2677 365 2695 ex
381 2666 458 2695 hinc
485 2673 604 2696 temere
619 2666 809 2696 translatum
897 2674 935 2697 28
961 2668 1004 2696 Et
1020 2665 1362 2705 certamen—contentio]
1388 2666 1440 2696 Est
1455 2668 1554 2696 oratio

114 2707 153 2736 ad
174 2717 310 2746 sequens
334 2709 505 2744 excitamus,
523 2709 645 2748 fuitque
662 2709 809 2738 citamus:
853 2709 1041 2748 objicientis.
1088 2710 1219 2747 Conjeci
1246 2710 1407 2739 interdurn
1432 2719 1487 2749 pro
1513 2710 1555 2739 Ee

117 2758 192 2779 narn
208 2757 289 2780 testes
305 2751 392 2780 citari
412 2752 574 2781 dicuntur.
592 2758 621 2781 et
637 2752 682 2781 sic
698 2752 730 2782 in
748 2753 812 2782 ΜΞ.
856 2753 1060 2782 scribendum
1078 2753 1145 2782 Est.

119 2801 233 2831 nempe
248 2794 369 2823 citamus
385 2796 496 2834 reperit
512 2795 660 2824 Ursinus.
901 2803 941 2827 29
965 2795 1061 2825 verbis
1074 2796 1194 2835 pingere
1212 2793 1331 2834 solebat]
1351 2795 1401 2824 Sic
1426 2794 1493 2824 edd.
1510 2804 1556 2832 pr,

160 2841 197 2869 27
223 2835 325 2866 habere
342 2837 457 2866 testium
473 2844 519 2866 sar
530 2837 587 2877 est]
605 2838 685 2867 Haec
698 2836 815 2866 absum
860 2838 965 2876 Vulgo
981 2838 1142 2877 depingere.

118 2877 261 2916 pluribus
277 2879 357 2910 Mss.
372 2880 458 2910 unde
471 2887 501 2910 et
518 2881 654 2910 Grutero
671 2879 815 2918 placebat
