1768 3095
542 108 725 147 LIBER
754 106 1069 145 QUARTUS.
1473 113 1526 156 29

92 220 326 276 nonaginta
355 217 456 261 vixit
489 228 651 257 annos:
687 222 731 254 et
764 213 837 269 qui
870 212 991 255 illurn
1025 211 1257 262 audierant,
1293 212 1527 256 admodum

89 278 320 319 floruerunt
337 292 349 327 3
391 289 415 315 e
452 272 606 330 quibus
641 270 859 313 industriae
898 269 1130 326 plurimum
1166 268 1210 309 in
1253 267 1527 313 Clitomacho

87 335 198 376 fuit:
238 333 420 375 declarat
451 327 683 371 multitudo
713 327 950 368 librorum:
980 324 1142 381 ingenii
1180 340 1266 366 non
1304 325 1444 368 minus
1481 328 1526 369 in

88 391 187 443 hoc,
208 397 246 423 83
260 403 387 445 quam
407 387 450 428 in
471 384 716 429 Charmada
733 383 1002 440 eloquentiae,
1024 383 1067 424 in
1087 381 1330 423 Melanthio
1354 382 1525 425 Rhodio

90 447 317 490 suavitatis.
366 444 481 486 Bene
500 450 644 484 autem
665 456 789 483 nosse
812 440 1093 490 Carneadem,
1116 439 1406 481 Stratoniceus
1426 441 1525 480 Me-

88 504 284 546 trodorus
301 501 546 559 putabatur.
603 499 702 540 Jam
728 497 1005 538 Clitomacho
1035 495 1157 537 Philo
1184 504 1320 537 vester
1348 511 1523 552 operam
1541 508 1586 547 17

88 561 244 602 multos
263 573 396 601 annos
428 556 558 598 dedit.
603 554 795 596 Philone
822 562 965 596 autem
986 553 1077 594 vivo
1103 552 1387 608 patrocinium
1408 554 1523 595 Aca-

87 617 236 658 demiae
267 631 354 657 non
387 613 536 656 defuit.
595 612 695 664 Sed,
726 611 843 667 quod
873 626 949 652 nos
976 618 1016 642 34
1030 610 1169 652 facere
1200 624 1311 651 nunc
1337 609 1527 665 ingredi-

86 687 195 724 mur,
218 681 265 714 ut
285 680 434 714 contra
452 669 737 714 Academicos
769 668 1020 710 disseramus
1038 685 1048 709 ι
1078 666 1123 708 id
1149 666 1322 723 quidam
1341 681 1364 707 e
1384 666 1526 722 philo-

85 730 246 785 sophiS,
265 739 310 771 et
339 729 374 771 ii.
398 727 570 784 quidem
592 741 676 767 non
699 725 951 775 mediocres,
970 723 1212 765 iaciendum
1242 723 1416 765 omnino
1438 739 1525 765 non

84 787 292 852 putabant
309 803 319 827 ε
350 800 427 826 nec
447 785 591 827 verum
611 797 717 834 esse,
738 790 777 814 3⁵
795 781 927 823 ullam
945 781 1154 822 rationem
1178 779 1394 836 disputare
1423 795 1523 822 cum

83 844 148 894 1is‚
169 843 241 900 qui
259 841 363 884 nihil
377 842 631 898 probarent:
662 839 1023 895 Antipatrumque
1043 837 1251 889 Stoicum,
1272 838 1346 893 qui
1362 837 1524 879 multus

82 899 127 942 in
159 914 211 941 eo
245 900 409 951 fuisset,
440 897 828 956 reprehendebant:
857 910 934 937 nec
968 894 1130 936 definiri
1158 894 1326 935 aiebant
1354 908 1524 936 necesse

82 971 189 1008 esse,
222 957 326 1013 quid
356 965 469 997 esset
498 954 704 1012 cognitiO,
735 962 809 994 aut
840 952 1074 1009 perceptiO,
1105 960 1193 1002 aut,
1225 951 1260 993 si
1292 951 1467 992 verbum
1499 966 1523 993 e

83 1014 210 1055 verbo
240 1014 451 1063 volumus,
484 1009 823 1068 comprehensio,
854 1024 982 1066 quam
1011 1008 1223 1058 κατάληψιν
1253 1007 1315 1048 illi
1342 1016 1522 1050 vocant:

82 1084 255 1126 eosque,
287 1071 361 1127 qui
390 1070 640 1126 persuadere
670 1066 840 1118 vellent,
866 1081 958 1108 esse
989 1065 1163 1121 aliquid,
1184 1064 1301 1121 quod
1328 1079 1524 1121 compre-

84 1127 213 1168 hendi
232 1136 276 1169 et
294 1127 452 1183 percipi
472 1135 632 1183 posset,
651 1124 874 1167 inscienter
903 1123 1041 1164 facere
1066 1121 1279 1172 dicebant,
1299 1131 1525 1178 propterea

82 1183 201 1240 quod
228 1183 332 1226 nihil
361 1193 473 1225 esset
502 1183 653 1225 clarius
683 1181 867 1238 ἐναργείᾳ,
890 1189 937 1223 ut
968 1179 1137 1221 Graeci:
1169 1185 1209 1210 36
1231 1178 1525 1234 (perspicuita-

83 1249 185 1291 tem,
204 1250 279 1282 aut
307 1241 560 1282 evidentiam
591 1253 683 1290 nOS,
704 1238 739 1280 si
770 1237 923 1293 placet,
945 1235 1228 1288 nominemus,
1247 1235 1524 1277 fabricemur—

83 1311 181 1352 que,
202 1298 238 1338 si
256 1311 365 1353 opus
391 1298 483 1347 erit,
503 1297 655 1346 verba3
687 1309 753 1335 ne.
769 1294 838 1336 hic
868 1294 947 1336 sibi
972 1296 1057 1348 (me
1085 1291 1328 1349 appellabat
1351 1291 1520 1350 jocans)

83 1352 167 1395 hoc
186 1352 311 1394 licere
332 1363 453 1409 putet
483 1353 577 1394 soli.
608 1351 682 1393 sed
709 1359 850 1392 tamen
880 1351 1115 1392 orationem
1136 1348 1295 1391 nullam
1315 1350 1523 1405 putabant

81 1409 354 1451 illustriorem
388 1411 480 1465 ipsa
509 1407 718 1450 evidentia
746 1407 917 1462 reperiri
944 1420 1086 1462 posse,
1113 1419 1190 1446 nec
1219 1420 1283 1457 ea,
1308 1421 1403 1461 quae
1431 1415 1523 1446 tam

80 1465 194 1508 clara
211 1474 365 1517 essent,
386 1465 620 1507 definienda
642 1465 884 1505 censebant.
943 1462 1032 1503 Alii
1059 1472 1202 1504 autem
1234 1463 1448 1517 negabant
1477 1476 1523 1503 se

79 1535 157 1579 pro
185 1522 265 1564 hac
296 1522 504 1564 evidentia
532 1521 765 1578 quidquam
793 1527 830 1556 37
848 1520 1008 1575 priores
1036 1519 1165 1560 fuisse
1196 1518 1412 1560 dicturos:
1445 1519 1522 1560 sed

80 1578 134 1621 ad
153 1593 218 1631 ea,
237 1594 333 1636 quae
352 1587 502 1622 contra
519 1579 770 1628 dicerentur,
790 1576 873 1619 dici
895 1584 1092 1632 oportere
1111 1576 1319 1631 putabant
1334 1591 1346 1626 3
1379 1590 1432 1616 ne
1449 1576 1521 1632 qui

79 1635 336 1678 fallerentur.
396 1636 590 1693 Plerique
623 1643 766 1676 tamen
797 1642 840 1675 et
875 1632 1139 1675 definitiones
1174 1633 1359 1688 ipsarum
1392 1632 1518 1673 etiam
1538 1644 1582 1677 18

79 1692 333 1736 evidentium
363 1708 505 1734 rerum
534 1707 620 1734 non
647 1692 920 1747 improbant:
952 1698 995 1731 et
1013 1704 1103 1731 rem
1124 1689 1336 1740 idoneam,
1358 1689 1410 1730 de
1436 1704 1520 1745 qua
1531 1702 1561 1732 p·
1578 1697 1608 1724 6·

79 1758 306 1804 quaeratur,
326 1758 370 1791 et
388 1750 583 1792 homines
607 1747 776 1805 dignos,
803 1747 1058 1804 quibuscum
1087 1746 1332 1797 disseratur,
1353 1745 1561 1802 putant.³'

79 1805 201 1848 Philo
221 1815 382 1858 autem,
403 1807 506 1848 dum
528 1820 636 1848 nova
665 1805 862 1861 quaedam
891 1814 1148 1854 commovet,
1170 1803 1289 1859 quod
1313 1817 1365 1844 ea
1394 1803 1522 1844 susti—

79 1876 177 1904 nere
195 1863 263 1905 vix
280 1873 462 1919 poterat,
482 1878 578 1920 quae
597 1872 746 1904 contra
769 1861 1128 1903 Academicorum
1150 1859 1425 1916 pertinaciam
1457 1859 1522 1901 di-

76 1919 295 1972 cebantur,
325 1930 368 1962 et
393 1930 538 1976 aperte
569 1919 786 1970 mentitur,
813 1927 860 1960 ut
890 1926 955 1960 est
984 1917 1262 1973 reprehensus
1292 1925 1332 1949 38
1350 1932 1376 1958 a
1402 1925 1522 1972 patre

78 1974 252 2029 Catulo,
282 1985 339 2029 et,
368 1986 418 2018 ut
446 1976 593 2018 docuit
623 1975 880 2028 Antiochus,
910 1983 952 2010 39
968 1975 1011 2016 in
1044 1974 1087 2016 id
1121 1975 1262 2031 ipsum
1292 1989 1337 2015 se
1365 1973 1520 2018 induit,

118 2084 158 2109 33
175 2079 308 2121 quamin
328 2077 478 2109 Carneade
498 2075 681 2120 eloquentiae]
699 2077 775 2108 Non
819 2077 915 2109 male.
942 2088 1059 2115 verum,
1098 2086 1143 2109 est
1181 2084 1447 2114 consentaneum,
1479 2085 1521 2107 ae·

75 2127 123 2153 est
138 2123 192 2153 hic
206 2123 244 2152 de
260 2122 421 2152 Carneade
443 2130 560 2158 sermo,
584 2121 638 2151 sed
659 2121 700 2151 de
720 2120 776 2150 ali·
820 2131 938 2161 quum.

76 2174 142 2205 quo
164 2174 386 2196 suceessorum
410 2165 499 2204 ejus:
524 2171 606 2195 recte
628 2164 660 2194 P.
678 2164 777 2193 Faber

76 2208 294 2248 suspicabatur
312 2207 492 2245 Charmada,
508 2217 653 2247 quocum
669 2213 699 2236 et
718 2206 776 2236 ali-

77 2250 109 2281 bi
150 2251 313 2282 Carneades
352 2252 569 2283 confunditur.
614 2250 776 2286 Davisius,

76 2294 132 2333 qui
155 2295 282 2334 recepit,
306 2295 403 2325 etiam
425 2296 458 2324 in
482 2294 561 2325 Mss.
578 2294 700 2332 reperit.
722 2293 775 2324 alii

77 2336 219 2368 maluere
246 2336 413 2374 Charmide,
439 2339 494 2377 qui
522 2344 569 2367 est
591 2337 675 2367 idem
698 2345 777 2367 curn

82 2379 261 2411 Charmada.

119 2429 160 2454 34
166 2424 274 2463 facere
286 2420 483 2463 ingredimur]
494 2422 551 2453 Pro
563 2422 777 2463 aggredimur,

75 2467 162 2506 quod
177 2473 209 2496 et
223 2466 304 2497 Dav.
320 2467 469 2506 reposuit,
486 2467 520 2496 in
536 2466 614 2498 MSS.
631 2465 775 2506 pluribus

77 2516 247 2548 repertum.
265 2510 320 2539 sed
336 2509 449 2549 ingredi
465 2510 561 2539 etiam
583 2508 660 2538 alibi
682 2517 701 2536 a
723 2507 775 2538 Ci-

76 2560 192 2582 cerone
206 2553 323 2582 dicitur
335 2562 391 2592 pro
405 2552 538 2592 aggredi.
553 2552 616 2582 vid.
631 2551 721 2581 Clav.

120 2601 160 2626 35
184 2594 277 2624 ullam
294 2595 433 2624 rationem
451 2593 616 2634 disputare]
644 2595 706 2624 Int.
727 2592 777 2623 ul—

77 2635 144 2668 lam
165 2645 299 2675 sectam,
315 2638 364 2667 vel
389 2637 487 2668 ullius
509 2637 685 2677 disciplinae
705 2637 776 2676 phi-

76 2678 274 2720 losophum3
297 2682 359 2712 nisi
380 2680 553 2721 legendum
576 2687 623 2711 est
641 2679 706 2710 ulla
728 2691 778 2710 ra-

78 2722 164 2760 tione,
186 2731 223 2754 ut
243 2731 316 2757 ante
338 2730 385 2754 est
405 2724 516 2754 omnino
536 2734 589 2753 non
605 2723 753 2762 putabant
766 2733 776 2750 .-

77 2767 164 2804 quod
188 2774 221 2797 et
241 2767 272 2797 vi
294 2766 406 2797 ebatur
428 2767 569 2798 Davisio.
598 2767 633 2797 P.
657 2767 777 2797 Manu-

78 2809 141 2838 tius
163 2815 194 2839 et
215 2767 363 2887 Da53sius
384 2807 477 2839 ullam
490 2809 638 2844 ,rationem
658 2809 777 2845 delent,

79 2851 111 2880 in
142 2850 268 2891 pluribu
311 2853 396 2884 libris
425 2862 489 2884 non
517 2858 689 2893 repertum.
712 2861 776 2882 non

864 2170 904 2195 36
917 2162 1265 2203 perspicuitatem—soli]
1290 2164 1369 2193 Haec
1393 2163 1466 2193 sunt
1487 2164 1522 2193 in

818 2208 995 2247 parenthesi
1012 2208 1106 2237 dicta.
1130 2217 1183 2245 per
1199 2206 1248 2236 sed
1267 2214 1364 2235 tamen
1387 2207 1522 2237 resumi-

820 2258 870 2280 tur
899 2251 996 2280 oratio
1026 2257 1140 2289 coepta,
1172 2260 1197 2280 s.
1226 2249 1321 2280 filum
1359 2250 1520 2280 orationis.

820 2294 872 2323 Sic
889 2294 977 2323 Brut.
996 2298 1047 2322 26.
1354 2316 1357 2318 .

863 2342 901 2371 37
922 2336 1033 2375 priores
1055 2333 1194 2374 dicturos]
1218 2336 1241 2365 i.
1262 2345 1289 2364 e.
1312 2344 1371 2365 sua
1393 2341 1519 2374 sponte,

820 2379 912 2410 nullo
934 2380 1108 2409 adversario
1134 2379 1336 2408 occasionem
1360 2378 1521 2417 praebente

822 2423 977 2462 negando.

862 2472 902 2496 38
927 2477 946 2494 a
964 2470 1053 2504 patre
1077 2462 1200 2503 Catulo]
1222 2464 1318 2494 Recte
1342 2463 1374 2493 P.
1398 2463 1520 2493 Manu-

820 2510 892 2539 tius.
915 2508 1026 2546 corrigi
1049 2507 1173 2538 volebat
1192 2506 1304 2537 Catuli.
1320 2516 1397 2536 nam
1413 2508 1438 2537 si
1459 2506 1520 2536 Ca-

819 2551 878 2581 tulo
905 2552 1040 2581 scribere
1063 2551 1226 2587 voluisset,
1255 2550 1387 2581 dixisset
1414 2547 1520 2579 Catulo

812 2601 902 2634 palte
924 2604 941 2624 e
965 2595 1196 2624 consuetudine
1217 2602 1275 2624 sua
1297 2599 1456 2633 perpetua.
1473 2598 1519 2621 at-

819 2647 882 2678 que
895 2638 940 2668 sic
957 2638 1054 2667 etiam
1075 2644 1226 2677 repererat
1249 2638 1282 2666 in
1307 2637 1370 2667 ΜΞ.
1386 2635 1520 2674 antiquo

821 2681 1000 2712 Manutius.

864 2730 905 2756 39
917 2724 948 2752 in
964 2723 997 2752 id
1008 2722 1102 2763 tspsum
1117 2734 1146 2752 se
1160 2720 1275 2763 induit]
1298 2721 1404 2754 Veluti
1426 2722 1457 2750 in
1474 2719 1522 2749 lae

818 2776 939 2807 qucum
955 2778 961 2796 :
987 2767 1072 2796 unde
1095 2766 1278 2805 metaphora.
1294 2772 1401 2797 sumta
1417 2770 1471 2795 est.
1490 2773 1517 2791 v.

821 2810 907 2841 clav.
925 2810 957 2840 in
976 2810 1006 2840 h.
1025 2819 1053 2839 v.
