1778 3095
558 139 747 178 LIBER
778 140 1021 180 PRIMUS.
1440 148 1516 181 521>

91 249 199 292 inest
219 249 261 292 in
279 250 373 293 rivis
389 257 433 292 et
451 247 689 290 ranunculis
709 255 857 288 natura
873 247 1067 303 quaedam
1088 246 1325 304 significans
1346 248 1518 305 aliquid,

90 320 167 361 per
187 322 230 348 sc
249 308 338 363 ipsa
357 307 454 348 satis
472 312 598 355 certa,
618 303 852 359 cognitioni
872 311 1016 344 autem
1043 304 1264 348 hominum
1284 304 1515 348 obscurior.

197 387 457 438 Mollipedesque
476 384 575 422 boves
593 391 775 434 spectantes
792 384 921 421 Iumina
937 384 1025 428 caeli,

198 442 352 478 Naribus
370 439 568 488 humg‘ferum
588 437 712 475 duxere
728 451 770 475 ex
782 439 858 474 a'c're
876 450 1021 475 succum.

92 514 193 556 Non
211 530 368 571 quaero,
389 528 490 564 cur3
522 512 736 568 quoniam,
757 511 858 568 quid
878 511 1052 562 eveniat,
1073 511 1279 567 intelligo.

195 592 285 641 Janz
303 606 382 629 vero
397 601 519 641 semper
536 590 672 634 viridis,
692 601 877 641 semperque
889 598 1051 640 gravata

195 646 371 683 Lentiscus
389 645 512 694 triplici
529 645 626 680 solita
640 640 861 693 grandescere
864 644 976 690 faetu,

198 699 262 735 Ter
266 699 393 748 fruges
396 697 563 746 fundens,
581 698 648 734 tria
667 707 813 749 tempora
832 703 994 734 monstrat
1012 696 1148 736 arandi.

88 782 182 823 Nec
202 780 284 821 hoc
306 779 475 836 quidem
497 795 656 836 quaero,
684 795 760 821 cur
785 779 877 820 haec
907 780 1030 821 arbor
1059 794 1142 821 una
1172 787 1235 821 ter
1264 779 1424 831 floreat,
1444 788 1517 821 aut
1534 787 1581 825 16

87 852 163 878 cur
179 836 321 877 arandi
341 837 625 877 maturitatem
647 836 699 877 ad
720 836 888 891 signum
909 836 1021 877 floris
1049 835 1357 877 accommodet.
1417 837 1515 878 Hoc
1527 841 1560 871 b·

88 908 181 934 sum
215 902 452 942 contentus»,
491 892 620 948 quod,
654 892 780 932 etiam
816 893 864 942 si,
900 901 939 924 20
956 893 1173 947 quomodo
1208 892 1392 948 quidque
1432 893 1517 944 fiat,

85 949 293 1005 ignorem,
325 949 426 1005 quid
464 950 548 999 fiat,
583 948 789 1003 intelligo.
828 962 904 1003 pro
943 948 1059 988 omni
1098 949 1226 1003 igitur
1265 948 1519 990 divinatione

86 1005 214 1056 idem,
236 1005 350 1061 quod
376 1020 453 1060 pro
482 1005 531 1045 iis
559 1005 699 1055 rebus,
729 1019 832 1059 quas
868 1004 1210 1055 commemoravi,
1240 1005 1516 1061 respondebo.

88 1062 207 1103 Quid
240 1075 518 1102 scammoneae
558 1060 676 1102 radix
708 1061 762 1101 ad
796 1060 1081 1116 purgandum,
1113 1060 1214 1116 quid
1248 1061 1607 1114 aristolochiaJO.

87 1127 125 1150 21
141 1119 196 1158 ad
233 1133 399 1158 morsus
435 1127 676 1173 serpentum
712 1117 861 1173 possit,
896 1132 990 1173 quae
1024 1131 1180 1158 nomen
1218 1131 1269 1157 ex
1305 1118 1518 1159 inventore

84 1175 251 1230 reperit,
286 1189 373 1215 rem
407 1174 540 1229 ipsam
575 1174 767 1215 inventor
800 1188 851 1214 ex
884 1174 1064 1224 somnio,
1098 1173 1235 1224 video,
1262 1174 1384 1229 ,quod
1417 1175 1517 1216 satis

83 1240 173 1280 est3
217 1245 292 1271 cur
322 1231 467 1286 possit,
499 1230 653 1270 nescio.
713 1231 782 1270 Sic
817 1239 1038 1271 ventorum
1071 1238 1114 1271 et
1146 1230 1346 1271 imbrium
1381 1231 1518 1286 signa,

85 1303 180 1343 quae
200 1287 298 1333 dixi,
321 1287 523 1327 rationem
545 1301 671 1342 quam
693 1286 888 1335 habeant,
914 1301 999 1328 non
1026 1286 1125 1327 satis
1153 1287 1359 1342 perspicio
1379 1304 1388 1328 :
1419 1288 1517 1339 vim,

83 1352 126 1384 et
147 1352 341 1384 eventum
370 1357 573 1398 agnosco,
603 1343 705 1393 scio,
736 1343 940 1398 approbo.
1001 1343 1214 1393 Similiter,
1244 1343 1346 1398 quid
1374 1343 1519 1385 fissum

83 1400 127 1440 in
157 1400 278 1450 extis,
311 1400 413 1455 quid
445 1400 547 1439 fibra
580 1399 727 1449 valeat,
759 1399 948 1454 accipio:
980 1414 1075 1455 quae
1109 1414 1234 1440 causa
1263 1399 1330 1449 sit,
1362 1400 1520 1442 neseio.

82 1459 223 1511 Atque
244 1456 396 1496 horum
420 1455 590 1510 quidem
618 1456 743 1510 plena
766 1456 850 1496 vita
874 1464 961 1496 est:
993 1456 1098 1496 extis
1129 1455 1240 1495 enim
1263 1471 1410 1497 omnes
1432 1456 1518 1497 fere

84 1520 274 1554 utuntur.
333 1512 477 1568 Quid?
512 1511 563 1552 de
591 1512 811 1567 fulgurum
842 1511 879 1552 vi
909 1511 1100 1552 dubitare
1131 1527 1231 1552 num
1261 1515 1515 1566 possumus?

85 1582 224 1609 nonne
244 1582 341 1608 cum
362 1568 496 1608 multa
524 1567 604 1608 alia
631 1568 850 1619 mirabilia,
881 1576 973 1609 tum
1003 1568 1109 1608 illud
1138 1567 1181 1608 in
1210 1568 1386 1623 primis?
1419 1584 1516 1610 cum

85 1625 341 1665 Summanus
372 1624 412 1664 in
448 1623 618 1678 fastigio
651 1624 766 1665 Jovis
800 1624 951 1679 optimi
984 1624 1170 1674 maximi,
1202 1624 1274 1680 qui
1304 1632 1394 1665 tum
1430 1635 1519 1667 erat

84 1680 236 1731 fictilis,
255 1694 278 1720 e
298 1679 403 1720 caelo
424 1680 532 1721 ictus
560 1688 685 1730 esset,
716 1694 793 1720 nec
828 1694 1008 1735 usquam
1039 1679 1130 1734 ejus
1161 1680 1373 1721 simulacri
1392 1690 1518 1736 caput

13 1757 20 1765 ¹
80 1737 347 1786 inveniretur,
369 1735 608 1792 haruspices
629 1736 672 1777 in
691 1736 875 1776 Tiberim
893 1735 935 1776 id
953 1735 1177 1791 depulsum
1198 1750 1289 1777 esse
1310 1737 1516 1789 dixerunt,

81 1792 208 1848 idque
225 1793 438 1833 inventum
458 1802 520 1833 est
542 1801 580 1823 2⁵²
595 1807 646 1833 eo
668 1792 779 1843 loco,
809 1792 881 1848 qui
910 1802 1019 1833 esset
1049 1793 1102 1832 ab
1132 1792 1423 1848 haruspicibus
1443 1794 1517 1835 de·-

80 1857 353 1890 moustratus.
412 1848 496 1889 Sed
531 1863 616 1903 quo
654 1848 795 1903 potius
829 1857 924 1889 utar
958 1857 1032 1890 aut
1066 1857 1252 1899 auctore,
1290 1858 1363 1891 aut
1397 1860 1516 1903 teste,
1538 1856 1598 1902 11

81 1920 210 1961 quam
245 1906 314 1945 te?
346 1904 466 1960 cujus
500 1904 652 1945 edidici
683 1904 810 1944 etiam
848 1918 1002 1955 versus,
1033 1913 1077 1945 et
1113 1905 1293 1946 libenter
1327 1907 1581 1968 quidem‚17

82 1976 189 2017 quos
211 1968 249 1993 28
264 1961 307 2001 in
329 1960 513 2001 secundo
537 1960 794 2002 Consulatus
816 1961 977 2001 Urania
994 1976 1117 2003 musa
1137 1963 1406 2018 pronuntiat:

189 2046 358 2096 Principio
375 2045 723 2091 aetherio-flammatus
741 2044 882 2096 Jupiter
899 2046 975 2095 igni

192 2100 352 2143 Vertitur,
369 2108 401 2135 et
421 2107 523 2136 totum
538 2099 711 2135 collustrat
729 2100 850 2136 lumine
866 2099 1041 2146 mundum,

189 2154 370 2204 fidente-que
387 2152 509 2189 (li-vina
527 2152 646 2189 eaelum
666 2161 838 2202 terrasque
849 2154 986 2203 petessit
999 2170 1011 2190 .-

187 2208 284 2254 Q‘ae
295 2205 430 2256 penitus
447 2218 559 2242 sensus
574 2205 740 2243 hominum
758 2207 917 2256 vitasque
935 2213 1093 2251 retentat,

83 2346 166 2377 culis.
211 2346 362 2377 Similiter
383 2347 422 2376 de
445 2348 532 2377 Orat.
557 2347 584 2384 1,
609 2356 637 2378 5.
658 2348 708 2377 sed
735 2347 780 2377 ni-

823 2354 980 2386 ctumque
1001 2348 1070 2378 sine
1092 2348 1190 2380 dubio
1213 2359 1253 2380 ex
1277 2358 1357 2389 esset,
1373 2358 1410 2383 ut
1420 2352 1520 2393 pluri-

83 2390 188 2419 mirum
211 2390 302 2428 majus
324 2390 374 2419 hoc
396 2396 436 2419 est
451 2390 600 2431 quiddam.
617 2401 672 2431 pro
692 2391 779 2421 Mur.

822 2391 882 2421 bus
907 2391 984 2421 locis
1007 2392 1128 2422 factum
1151 2394 1335 2432 reperimus.
1352 2405 1411 2426 nec
1426 2397 1518 2427 dubi-

88 2439 139 2462 15.
154 2443 219 2473 quae
234 2443 287 2461 non
303 2433 380 2462 modo
403 2444 512 2462 summa
531 2433 614 2469 bona,
631 2433 681 2463 sed
693 2433 779 2464 nimi-

85 2485 148 2504 rum
165 2473 218 2503 vel
226 2474 284 2504 sola
300 2475 386 2505 audeo
401 2475 503 2506 dicere.

128 2524 168 2548 20
192 2518 322 2557 quomodo
352 2518 477 2560 quidque
494 2517 573 2558 fiat]
610 2518 662 2548 Sic
698 2519 780 2548 bene

87 2559 156 2590 edd.
173 2566 248 2589 vett.
270 2561 366 2593 etiam
390 2561 469 2591 Mss.
485 2561 615 2600 quidam
638 2571 694 2601 pro
708 2562 780 2592 vul—

86 2610 158 2642 gato
175 2613 228 2643 quo
243 2602 368 2644 quidque
372 2603 408 2642 f.
423 2613 439 2633 e
452 2605 652 2643 compendio.

129 2652 166 2675 21
192 2644 233 2674 ad
258 2655 363 2674 morsus
386 2652 543 2685 serpentum
560 2645 667 2686 possit]
700 2647 781 2677 Haec

87 2688 183 2717 verba
214 2688 356 2717 Pearcius
393 2691 551 2727 transponi
586 2689 711 2721 volebat
743 2690 782 2720 ad

88 2729 196 2759 video.-
227 2740 292 2760 non
318 2730 470 2769 displicet.
514 2732 566 2761 Sic
589 2739 620 2762 et
646 2733 709 2763 Ms.
736 2742 782 2762 re-

90 2774 159 2811 gius
174 2773 268 2802 Paris.

134 2822 177 2849 ‘22
197 2827 225 2844 eo
241 2815 310 2852 loco,
326 2815 377 2856 qui
392 2822 432 2844 est
446 2815 482 2845 ab
504 2815 532 2846 h.
549 2815 596 2856 d.]
614 2824 654 2847 est
669 2827 783 2848 verum

90 2867 156 2896 esse
186 2867 256 2888 non·
281 2865 381 2898 potest
410 2868 464 2898 per
493 2857 702 2892 latInitatem:
737 2861 782 2893 fa-

823 2434 961 2464 tavimus
976 2434 1021 2464 sic
1037 2436 1199 2474 corrigere.

868 2483 906 2507 23
931 2477 961 2505 in
987 2477 1103 2506 secundo
1137 2477 1320 2518 Consulatus]
1350 2480 1402 2510 Sic
1425 2481 1520 2511 corri-

822 2520 960 2557 gendam
975 2519 1139 2558 vulgatam
1162 2521 1309 2551 consulatu
1332 2523 1521 2561 conjiciebat

824 2562 1044 2600 Guilielmius,
1061 2564 1147 2601 quod
1164 2565 1314 2602 probabat
1332 2566 1496 2597 Dacierius
1511 2579 1518 2596 :

824 2605 857 2635 P.
866 2605 1032 2635 Manutius
1045 2607 1218 2645 corrigebat
1230 2607 1263 2636 de
1276 2608 1432 2640 consulatu.
1445 2610 1521 2648 quia

825 2647 985 2678 consulatus
1000 2648 1094 2688 plane
1109 2656 1155 2679 est
1171 2651 1203 2679 in
1221 2650 1283 2680 Ms.
1303 2651 1410 2681 Guelf.
1428 2653 1457 2681 id
1473 2661 1521 2681 re-

824 2692 904 2730 cepi.
929 2692 1031 2721 forma
1054 2692 1124 2722 haec
1151 2692 1302 2731 loquendi
1326 2694 1421 2723 etiam
1445 2694 1520 2724 alibi

824 2735 973 2770 occurrit,
998 2740 1034 2764 ut
1056 2736 1141 2774 apud
1163 2736 1310 2766 Nonium
1329 2737 1361 2765 in
1378 2743 1496 2765 eventus
1509 2747 1519 2764 :

825 2776 985 2806 consulatus
1000 2777 1045 2806 sui
1060 2776 1131 2807 libro
1147 2778 1275 2816 seeundo,
1291 2785 1322 2809 et
1343 2777 1421 2809 alios
1436 2779 1519 2818 apud

823 2818 1005 2851 Davisium.
