1778 3095
218 107 295 149 294
573 103 828 142 TUSCUL.
859 104 1298 143 QUAESTIONUM

217 217 256 245 7⁵
271 216 419 252 natura
436 211 648 267 patiatur?
682 212 763 254 Illa
781 228 878 254 vero
900 228 985 255 non
1005 214 1136 255 modo
1167 214 1339 269 patitur,
1359 226 1503 253 verum
1523 211 1650 254 etiam

214 267 414 321 postulat.
449 268 552 310 nihil
582 270 690 310 enim
732 270 860 312 habet
889 270 1169 326 praestantius,
1206 270 1324 319 nihil,
1363 269 1479 325 quod
1512 269 1648 324 magis

214 333 396 378 expetat,
426 340 552 380 quam
586 326 823 377 honestum,
852 342 976 382 quam
1010 327 1194 377 laudem,
1226 341 1351 382 quam
1383 325 1649 380 dignitatem,

216 394 344 435 quam
383 381 526 422 decus.
585 382 717 423 Hisce
755 398 838 438 ego
878 384 1066 439 pluribus
1104 384 1344 425 nominibus
1385 397 1513 423 unam
1559 395 1649 422 rem

215 436 417 478 declaraii
457 439 566 489 volo,
609 439 735 479 7⁶sed
775 449 883 490 utar,
920 450 968 480 ut
1007 454 1132 493 quam
1179 441 1361 481 maxime
1401 438 1649 502 significem,

213 492 420 548 pluribus.
451 495 546 535 volo
576 504 716 535 autem
756 495 910 545 dicere,
943 495 1048 535 illud
1086 495 1247 537 homini
1277 496 1406 551 longe
1436 495 1648 550 optimum

213 563 320 600 esse,
340 550 484 614 quod
474 566 614 614 ipsum
636 552 690 592 sit
709 552 942 606 optandum
973 566 1046 606 per
1075 566 1131 601 se,
1161 567 1185 592 a
1212 553 1363 594 virtute
1393 551 1649 607 profectum,

211 606 308 647 vel
298 622 341 647 m
361 622 451 662 lpsa
470 608 621 649 virtute
643 607 785 657 situm,
807 622 882 648 sua
902 617 1053 662 sponte
1074 607 1311 650 laudabile.
1342 608 1457 664 quod
1476 607 1650 663 quidem

213 662 336 704 citius
355 664 530 705 dixerim
551 664 703 713 solum,
735 678 861 718 quam
893 678 977 704 non
1008 679 1222 705 summum
1252 666 1428 706 bonum.
1487 665 1648 720 Atque,

213 728 263 759 ut
281 719 372 761 haec
391 720 443 760 de
463 721 658 771 honesto,
679 720 737 761 sic
758 720 810 760 de
841 720 954 775 turpi
985 721 1205 761 contraria.
1228 721 1331 761 nihil
1352 731 1439 762 tam
1460 730 1648 773 taetrum,

213 775 319 817 nihil
338 786 423 817 tam
447 776 771 831 aspernandum,
791 776 895 818 nihil
916 777 1087 817 homine
1108 777 1335 841 indignius.

150 841 201 881 47
270 832 399 875 Ouod
428 833 461 873 si
488 833 565 874 tibi
595 848 839 888 persuasum
870 842 958 874 est:
993 833 1199 898 Principio
1227 834 1336 874 enim
1369 833 1522 885 dixisti,
1551 834 1647 890 plus

213 888 255 929 in
276 889 482 930 dedecore
501 890 602 931 mali
629 890 706 931 tibi
735 890 877 941 videri,
908 905 1035 945 quam
1065 890 1107 931 in
1138 890 1310 931 dolore:
1342 891 1549 945 reliquum
1570 900 1648 943 est,

169 954 204 987 b.
215 955 262 986 ut
280 955 370 986 tute
391 946 496 987 tibi
487 961 681 1002 lmperes.
701 962 957 1003 quamquam
987 946 1069 987 hoc
1097 947 1253 998 nescio,
1276 962 1361 1002 quo
1381 945 1511 988 modo
1531 946 1648 988 dica-

213 1009 296 1052 tur,
329 1003 449 1058 quasi
479 1003 564 1044 duo
598 1004 742 1054 simus,
781 1013 830 1045 ut
858 1004 962 1044 alter
993 1004 1185 1059 imperet,
1222 1004 1325 1044 alter
1361 1013 1529 1059 pareat:
1562 1018 1648 1045 non

127 1058 360 1107 Qlinscite
400 1069 543 1101 tamen
572 1060 739 1101 dicitur.
774 1069 839 1101 est
873 1060 985 1101 enim
1020 1060 1184 1101 animus
1216 1060 1259 1100 in
1290 1071 1429 1115 partes
1462 1060 1646 1102 tributus

210 1115 344 1156 duas.
377 1131 555 1180 quarum
586 1117 730 1167 altera,
764 1117 937 1157 rationis
973 1126 1037 1157 est
1070 1117 1293 1172 particepS,
1324 1116 1454 1157 altera
1484 1131 1647 1172 expers.

209 1186 308 1213 cum
327 1173 470 1237 ‘igitur
499 1174 755 1229 praecipitur,
797 1182 832 1210 27
850 1182 897 1214 ut
937 1173 1229 1237 nobismetipsi
1261 1188 1530 1236 imperemus,
1564 1173 1647 1214 hoc

208 1230 467 1284 praecipitur‚
505 1239 552 1270 ut
583 1231 690 1271 ratio
725 1236 918 1271 coerceat
954 1230 1250 1270 temeritatem.
1310 1230 1386 1269 Est
1419 1229 1462 1269 in
1495 1230 1645 1270 animis

209 1286 401 1326 omnium
441 1287 527 1327 fere
567 1296 715 1327 natura
755 1286 884 1327 molle
925 1285 1142 1341 quiddam,
1182 1285 1429 1336 demissum,
1467 1285 1645 1336 humile,

208 1350 450 1383 enervatum
485 1342 820 1398 quodammodo,
856 1351 900 1383 et
935 1342 1252 1398 wlanguidum,
1291 1342 1433 1383 senile.
1473 1343 1505 1383 si
1542 1343 1646 1384 nihil

208 1398 346 1439 aliud:
380 1399 485 1440 nihil
505 1408 615 1440 esset
634 1399 806 1440 homine
834 1399 1078 1440 deformius.
1112 1399 1185 1440 sed
1213 1409 1367 1455 praesto
1388 1408 1452 1440 est
1473 1399 1647 1442 domina

208 1455 416 1507 omnium,
438 1465 482 1496 et
502 1457 648 1511 regina
674 1457 796 1507 ratio,
823 1472 919 1512 quae
944 1456 1123 1496 connixa
1153 1470 1227 1511 per
1261 1471 1318 1506 se,
1351 1465 1394 1497 et
1423 1470 1647 1512 progressa

205 1511 393 1567 longius,
415 1512 459 1553 fit
480 1513 666 1568 perfecta
693 1513 835 1554 virtus.
868 1513 959 1553 haec
988 1522 1038 1554 ut
1066 1513 1247 1568 imperet
1274 1512 1334 1553 1111
1363 1513 1472 1568 parti
1501 1514 1645 1563 animi,

209 1575 358 1633 79quae
379 1569 552 1610 obedire
571 1569 712 1619 debet,
740 1570 784 1611 id
811 1569 1033 1610 videndum
1063 1580 1127 1610 est
1153 1584 1254 1610 vxro.
1275 1584 1458 1624 quonam
1480 1570 1641 1611 modo?

143 1625 383 1681 481nqu1es
442 1626 574 1667 Velut
601 1601 798 1667 dominus
827 1641 957 1676 servo,
985 1625 1098 1667 velut
1126 1627 1354 1680 imperator
1373 1626 1510 1678 militi,
1531 1627 1645 1668 velut

204 1696 356 1738 parens
389 1682 489 1723 filio.
527 1683 561 1723 si
597 1683 838 1738 turpissime
871 1697 915 1723 se
950 1682 1021 1723 illa
1053 1697 1148 1738 pars
1183 1682 1311 1723 animi
1342 1692 1478 1737 geret,
1516 1698 1640 1738 quam

205 1738 290 1779 dixi
324 1753 415 1780 esse
451 1739 642 1790 mollem,
681 1740 716 1780 si
752 1755 795 1780 se
829 1739 1021 1780 lamentis
1054 1738 1326 1789 muliebriter,
1360 1739 1643 1803 lacrymisque

204 1795 346 1845 dedet,
366 1796 582 1847 vinciatur,
603 1805 644 1836 et
665 1797 979 1851 constringatur
1007 1795 1254 1843 amicorum,
1284 1795 1643 1850 propinquorum-

204 1866 286 1916 que
321 1853 539 1893 custodiis.
580 1862 740 1907 SOsaepe
775 1854 886 1893 enim
926 1852 1119 1903 11ἀ1111115,
1159 1852 1315 1892 fractos
1353 1853 1531 1907 pudore,
1569 1854 1643 1909 qui

204 1909 368 1950 ratione
400 1909 516 1950 nulla
545 1909 820 1950 vincerentur.
855 1918 889 1941 81
902 1923 1011 1977 ergo
1042 1909 1119 1949 hos
1152 1908 1339 1964 quidem,
1369 1918 1417 1950 ut
1445 1910 1642 1962 famulos,

203 1965 348 2006 vinclis
378 1980 512 2021 prope
541 1981 589 2007 ac
619 1966 813 2007 custodia
842 1971 1127 2007 coerceamus.
1159 1981 1231 2020 qul
1261 1975 1402 2006 autem
1433 1978 1555 2007 erunt
1572 1967 1640 2008 fir—

203 2023 372 2073 miores,
396 2037 471 2063 nec
492 2032 633 2063 tamen
664 2023 960 2072 iobustissimi,
990 2022 1066 2063 hos
1095 2022 1317 2063 admonitu
1345 2023 1573 2087 oportebit,
1594 2034 1642 2065 ut

202 2079 339 2120 bonos
369 2079 540 2130 milites,
572 2090 803 2130 revocatOS,
837 2079 1090 2134 dignitatem
1120 2079 1241 2120 tueri.
1274 2093 1357 2119 non
1388 2079 1511 2121 nimis
1547 2081 1642 2121 821n

201 2135 367 2190 Niptris
403 2136 472 2176 ille
507 2136 839 2191 sapientissimus
877 2136 1055 2177 Graeciae
1092 2135 1256 2177 saucius
1290 2135 1546 2178 lamentatur
1577 2137 1642 2179 vel

202 2192 371 2233 modice
390 2193 532 2249 potius
549 2210 558 2234 ε

247 2322 285 2351 75
310 2323 416 2346 natura
427 2316 576 2356 patiatur]
601 2318 711 2349 Delevi
733 2330 798 2355 non,
815 2319 900 2358 quod
988 2324 1028 2352 79
1051 2327 1117 2358 quae
1132 2316 1243 2346 obedire
1257 2315 1351 2354 debet]
1368 2316 1485 2346 Melius
1501 2316 1611 2347 debeat.

203 2360 236 2389 in
254 2359 388 2398 vulgatis
405 2368 462 2397 est,
480 2361 801 2392 contralatinitatern.
816 2373 901 2390 vere·
989 2367 1028 2391 So
1051 2366 1125 2399 saepe
1138 2359 1212 2388 enim
1236 2358 1380 2398 vidimus]
1405 2359 1456 2389 Sic
1480 2367 1562 2390 recte
1584 2370 1640 2400 pro

203 2413 278 2438 mur,
295 2409 328 2430 ut
342 2402 392 2432 hoc
412 2411 518 2432 natura
532 2404 669 2443 patiatur
684 2412 806 2435 rectum
822 2411 879 2434 est.
944 2402 1074 2432 videmus
1097 2403 1181 2432 dedit
1204 2403 1351 2432 Davisius
1374 2403 1422 2432 ed.
1447 2410 1477 2433 2.
1494 2413 1569 2434 nam
1591 2414 1639 2434 se-

248 2461 257 2478 s
246 2450 319 2474 ’6
318 2445 358 2473 ed
372 2445 452 2484 utar]
467 2447 532 2476 Cur
547 2454 615 2475 utar
630 2447 646 2476 ,9
660 2448 733 2478 satis
749 2455 796 2478 est
811 2454 898 2476 utor:
944 2445 1185 2484 quiturfract05‚
1203 2455 1265 2475 non
1280 2445 1400 2486 frangi.
1425 2452 1456 2476 et
1477 2447 1521 2476 sic
1544 2447 1640 2478 habet

202 2497 278 2517 narn
292 2488 360 2525 jam
377 2490 497 2518 dixerat
513 2489 612 2528 plura
942 2489 1005 2519 Ms.
1023 2488 1129 2517 Guelf.

246 2536 282 2565 77
308 2537 341 2558 ut
361 2531 553 2571 nobismetipsi
577 2530 760 2572 imperemus]
786 2533 836 2562 Sic
853 2532 896 2561 la-
985 2538 1020 2561 81
1047 2542 1111 2568 ergo
1138 2530 1183 2560 Itos
1213 2529 1560 2571 quidem—coerceamus]
1591 2532 1638 2562 hos

200 2573 307 2603 tinitas
334 2575 492 2612 postulat:
518 2583 548 2604 et
577 2583 650 2604 ante
677 2582 722 2605 est
754 2582 813 2604 rute
843 2575 897 2603 tibi
940 2583 984 2603 sc.
1012 2573 1123 2603 molles
1154 2581 1184 2602 et
1211 2580 1328 2612 turpes,
1357 2575 1394 2603 de
1420 2575 1536 2612 quibus
1564 2583 1637 2605 ante

201 2616 331 2655 imperes.
375 2617 414 2647 In
440 2616 574 2656 vulgatis
611 2618 694 2647 male
731 2627 777 2648 est
806 2629 839 2646 no
827 2617 896 2646 bis-
940 2618 1070 2646 dixerat.
1087 2624 1155 2655 post
1171 2622 1342 2646 coerceamus
1363 2618 1507 2647 dedimus
1530 2627 1569 2647 ex
1586 2619 1634 2648 ed.

202 2659 338 2697 metipsis.
939 2666 1001 2689 vet.
1015 2669 1064 2699 ap.
1076 2660 1252 2689 Buherium
1267 2669 1321 2698 pro
1336 2659 1462 2698 vulgato
1478 2671 1638 2696 arceamus,

247 2708 285 2737 78
321 2700 502 2740 languidum,
541 2701 641 2740 senile]
676 2702 773 2732 Senile
810 2703 898 2733 abest
940 2703 1026 2740 quod
1053 2710 1099 2732 est
1122 2702 1161 2731 ab
1191 2703 1223 2732 h.
1254 2702 1275 2731 1.
1307 2703 1460 2732 alienum.
1506 2703 1543 2734 In
1571 2704 1636 2735 Ms.

201 2727 288 2775 libris
313 2744 518 2783 quibusdam,
545 2752 575 2774 et
603 2751 649 2775 est
680 2755 754 2775 sane
784 2755 896 2784 parurn
943 2745 1051 2775 Guelf.
1066 2746 1200 2775 xerbum
1218 2744 1311 2784 plane
1326 2746 1421 2775 deest.

200 2788 424 2818 commodum.
437 2788 566 2820 arbitror
582 2789 661 2819 bene
673 2788 815 2820 deletum
831 2799 897 2820 esse
987 2795 1024 2818 82
1049 2788 1077 2816 in
1106 2788 1222 2827 Niptris
1248 2786 1424 2827 sapiemiss]
1452 2789 1503 2820 Int
1542 2788 1636 2830 Ulys—

201 2839 220 2859 a
235 2831 375 2861 Davisio.
940 2841 1020 2862 sem.
1065 2831 1177 2871 Niptra
1193 2837 1267 2861 sunt
1283 2831 1446 2871 Sophocs
