1768 3095
227 114 299 146 132
538 112 609 149 DE
637 112 794 151 FiNIB.
814 114 1011 152 BONOR.
1033 115 1099 152 ET
1127 113 1334 152 MALOR.

222 216 450 273 voluptate,
473 219 545 261 sed
577 220 715 263 officio
737 221 911 263 consilia
932 223 1210 274 moderantes,
1232 224 1314 264 hoc
1333 223 1498 263 videtur
1517 222 1653 278 major

224 273 282 314 vis
310 275 555 328 honestatis,
577 287 618 319 et
645 279 784 320 minor
809 280 1048 335 voluptatis.
1078 281 1134 320 ita
1162 280 1273 320 enim
1302 279 1443 319 vivunt
1463 278 1650 333 quidam,

116 349 146 379 p.
166 339 274 372 aaut
304 347 448 373 eorum
481 333 564 375 vita
594 335 808 376 refellatur
827 337 976 377 oratio.
999 346 1124 392 atque
1145 346 1192 377 ut
1212 336 1341 377 ceteri
1362 335 1652 376 existimantur

186 388 364 437 &dicere
392 389 557 441 melius,
578 406 703 446 quam
726 392 861 433 facere
879 408 888 432 :
920 393 978 433 sic
1000 392 1042 433 hi
1064 393 1168 432 mihi
1190 392 1381 433 videntur
1402 392 1538 432 facere
1559 406 1650 432 me-

143 430 319 495 ssblius‚
341 461 468 501 quam
489 446 639 488 dicere.
699 449 783 489 Sed
812 448 902 488 haec
933 448 1038 489 nihil
1068 464 1166 489 sane
1196 449 1249 490 ad
1279 463 1382 489 rem.
1411 447 1483 488 illa
1512 447 1651 488 videa-

162 507 211 539 82
224 516 333 552 mus,
356 518 450 558 quae
482 519 506 544 a
535 512 576 544 te
607 504 659 545 de
696 505 880 545 amicitia
908 504 1020 545 dicta
1041 514 1152 545 sunt.
1174 520 1197 545 e
1219 505 1372 561 quibus
1392 519 1524 545 unum
1546 503 1651 545 mihi

221 558 391 599 videbar
413 568 447 591 ⁵1
466 561 518 601 ab
547 561 638 616 ipso
668 560 850 615 Epicuro
879 560 1038 601 dictum
1061 575 1347 616 cognoscere:
1377 561 1603 602 amicitiam
1627 575 1651 601 a

219 615 435 670 voluptate
461 632 543 658 non
572 632 696 671 posse
728 616 881 666 divelli,
904 617 959 657 ob
978 632 1156 672 eamque
1177 631 1280 667 rem,
1301 617 1524 658 colendam
1544 631 1650 668 esse,

220 672 336 726 quod
366 673 453 713 sine
484 688 532 713 ea
563 682 671 723 tuto,
702 683 744 714 et
775 673 862 713 sine
893 681 1009 714 metu
1039 673 1115 713 vivi
1144 688 1228 714 non
1249 682 1406 729 posset,
1429 682 1467 705 ⁵2
1485 688 1561 714 nec
1576 673 1649 728 ju-

219 728 356 769 cunde
378 729 547 784 quidem
571 739 727 784 posset.
786 729 893 770 Satis
926 739 990 770 est
1011 729 1064 770 ad
1085 729 1167 770 hoc
1188 743 1449 785 responsum.
1471 729 1649 770 attulisti

218 784 333 825 aliud
364 785 587 826 humanius
618 785 769 826 horum
800 785 1099 836 recentiorum,
1131 800 1362 841 numquam
1404 785 1565 827 dictum
1596 786 1649 826 ab

219 840 310 896 ipso
332 841 422 891 illo,
443 842 558 897 quod
580 842 706 883 sciam
726 859 734 883 :
766 842 904 898 primo
924 842 1114 883 utilitatis
1135 857 1261 883 causa
1279 842 1462 883 amicum
1483 841 1648 896 expeti:

216 912 316 938 cum
346 907 487 939 autem
518 914 618 940 usus
648 899 903 949 accessisset,
934 907 1025 940 tum
1057 899 1195 954 ipsum
1226 898 1357 939 amari
1387 907 1560 954 propter
1588 912 1648 948 se,

217 954 343 995 etiam
381 955 537 996 omissa
569 970 642 1011 spe
677 955 916 1011 voluptatis.
948 955 1029 997 hoc
1059 955 1136 996 etsi
1168 955 1311 996 multis
1342 955 1480 996 modis
1510 968 1650 1010 repre-

219 1010 346 1051 hendi
376 1021 531 1067 potest,
561 1020 703 1053 tamen
732 1011 894 1068 accipio
926 1020 962 1044 53
982 1012 1098 1068 quod
1128 1011 1242 1052 dant.
1273 1011 1378 1052 mihi
1408 1011 1519 1053 enim
1550 1011 1650 1052 satis

218 1077 296 1117 est,
327 1067 425 1123 ipsis
456 1083 540 1109 non
570 1069 682 1110 satis.
714 1084 811 1109 nam
841 1068 1066 1125 aliquando
1097 1083 1220 1124 posse
1247 1077 1359 1109 recte
1380 1068 1466 1109 fieri
1488 1068 1647 1118 dicunt,

158 1137 204 1169 83
220 1124 334 1165 nulla
354 1134 607 1180 exspectata,
630 1140 706 1166 nec
727 1126 902 1181 quaesita
928 1125 1157 1180 voluptate.
1218 1125 1398 1166 Posuisti
1418 1125 1559 1175 etiam,
1582 1123 1648 1165 di-

218 1195 312 1221 cere
330 1181 448 1232 alios,
466 1181 603 1222 foedus
621 1181 832 1237 quoddam
852 1182 959 1222 inter
977 1197 1020 1222 se
1036 1182 1172 1222 facere
1192 1181 1413 1236 sapientes,
1432 1190 1480 1227 ut
1498 1195 1647 1236 quem·

216 1237 448 1278 admodum
480 1238 562 1278 sint
593 1238 633 1278 in
664 1252 706 1278 se
737 1238 850 1292 ipsos
881 1239 1067 1288 animati,
1098 1237 1248 1278 eodem
1279 1237 1408 1278 modo
1438 1237 1521 1278 sint
1547 1251 1651 1292 erga

215 1294 403 1335 amicos:
435 1293 476 1334 id
507 1302 550 1334 et
580 1294 668 1334 fieri
698 1308 836 1349 posse,
866 1303 909 1335 et
939 1309 1049 1349 saepe
1077 1308 1168 1335 esse
1197 1294 1371 1344 factum,
1393 1302 1436 1334 et
1455 1293 1510 1334 ad
1528 1293 1648 1334 volu-

214 1359 352 1405 ptates
382 1350 670 1405 percipiendas
695 1350 877 1391 maxime
899 1351 1119 1406 pertinere.
1180 1351 1278 1391 Hoc
1298 1349 1435 1391 foedus
1456 1350 1594 1391 facere
1615 1350 1650 1390 si

216 1415 458 1461 potuerunt,
481 1407 636 1448 faciant
654 1407 781 1448 etiam
801 1407 920 1458 illud,
942 1415 991 1449 ut
1008 1407 1264 1462 aequitatem,
1282 1406 1551 1458 modestiam,
1569 1406 1649 1448 vir-

215 1471 326 1504 tutes
354 1478 501 1504 omnes
533 1478 606 1519 per
635 1478 678 1504 se
706 1463 816 1519 ipsas
845 1465 976 1519 gratis
996 1463 1188 1518 diligant.
1246 1463 1306 1504 At
1327 1478 1424 1504 vero
1447 1463 1480 1503 si
1501 1463 1648 1504 fructi-

215 1519 309 1570 bus,
340 1528 384 1561 et
417 1520 728 1571 emolumentis,
764 1528 807 1560 et
841 1520 1094 1561 utilitatibus
1129 1519 1334 1560 amicitias
1373 1519 1576 1569 colemus,
1613 1519 1647 1560 si

217 1575 333 1617 nulla
361 1577 512 1617 caritas
538 1577 629 1627 erit,
652 1592 745 1632 quae
771 1577 897 1618 faciat
924 1576 1153 1617 amicitiam
1173 1576 1308 1630 ipsam
1328 1590 1404 1616 sua
1421 1586 1585 1631 sponte,
1608 1575 1646 1616 vi

216 1647 306 1684 sua,
327 1648 376 1673 ex
396 1648 454 1683 se,
476 1642 519 1675 et
539 1641 712 1688 propter
733 1648 777 1674 se
798 1633 1100 1689 expetendam:
1129 1632 1307 1673 dubium
1328 1641 1406 1682 est,
1428 1632 1528 1688 quin
1549 1632 1646 1674 fun-

154 1693 204 1727 84
216 1689 309 1739 dos,
338 1698 381 1730 et
412 1699 449 1722 ⁵4
465 1690 620 1731 insulas
649 1689 795 1730 amicis
824 1690 1157 1745 anteponamus?
1190 1688 1311 1730 Licet
1338 1688 1408 1729 hic
1436 1703 1577 1730 rursus
1598 1703 1649 1730 ea

215 1760 539 1797 commemores,
569 1761 662 1802 quae
698 1746 868 1801 optimis
901 1746 1034 1786 verbis
1065 1746 1118 1786 ab
1150 1745 1335 1800 Epicuro
1367 1745 1420 1786 de
1452 1745 1648 1786 laudibus

216 1802 412 1843 amicitiae
437 1803 551 1844 dicta
578 1813 689 1843 sunt.
711 1817 795 1843 non
822 1817 980 1858 quaero,
1003 1802 1104 1858 quid
1131 1802 1257 1852 dicat,
1280 1801 1352 1842 sed
1374 1801 1473 1858 quid
1495 1816 1648 1843 conve-

216 1858 379 1900 nienter
414 1860 546 1915 possit
580 1859 745 1909 rationi,
781 1867 822 1899 et
858 1859 1076 1900 sententiae
1107 1873 1192 1898 suae
1228 1858 1380 1898 dicere.
1441 1858 1650 1900 Utilitatis

216 1930 344 1957 causa
372 1916 556 1957 amicitia
584 1924 647 1956 est
675 1916 862 1972 quaesita.
894 1930 995 1956 num
1025 1915 1155 1970 igitur
1183 1914 1394 1955 utiliorem
1427 1914 1505 1955 tibi
1535 1914 1649 1956 hunc

215 1972 425 2014 Triarium
452 1982 574 2028 putas
602 1986 692 2014 esse
723 1986 861 2027 posse,
890 1981 926 2004 ⁵⁵
945 1986 1071 2028 quam
1093 1980 1166 2012 tua
1186 1971 1269 2012 sint
1291 1970 1475 2012 Puteolis
1493 1985 1647 2026 grana-

173 2034 205 2064 b.
218 2028 307 2069 ria?
339 2029 494 2085 collige
512 2029 667 2079 omnia,
689 2044 784 2084 quae
804 2029 971 2070 soletis:
1003 2027 1243 2084 praesidium
1265 2027 1513 2068 amicorum.
1572 2028 1648 2068 Sa-

217 2085 270 2125 tis
290 2095 354 2126 est
374 2086 450 2127 tibi
472 2086 513 2126 in
530 2094 587 2136 te,
609 2085 708 2126 satis
729 2085 769 2126 in
790 2085 971 2141 legibuS,
992 2084 1092 2125 satis
1114 2093 1156 2125 et
1175 2084 1216 2124 in
1237 2082 1522 2124 mediocribus
1542 2083 1649 2125 ami-

215 2142 323 2182 citiis
352 2142 564 2197 praesidii:
587 2142 678 2197 jam
710 2142 924 2183 contemni
954 2156 1037 2182 non
1069 2140 1239 2196 poteris.
1269 2139 1415 2180 odium
1440 2148 1583 2181 autem
1603 2148 1647 2182 et

215 2198 411 2239 invidiam
444 2199 566 2241 facile
595 2198 755 2239 vitabis.
776 2198 829 2240 ad
850 2213 919 2240 eas
941 2198 1052 2239 enim
1074 2212 1137 2238 res
1157 2196 1210 2237 ab
1232 2195 1418 2251 Epicuro
1438 2205 1648 2252 praecepta

262 2364 297 2386 51
324 2357 360 2385 ab
390 2357 410 2385 ι’.
446 2356 570 2395 Epicuro
598 2355 705 2385 dicrum
735 2353 910 2396 cognoscere]
1001 2362 1039 2385 54
1063 2352 1183 2392 insulas]
1202 2364 1231 2384 v.
1247 2353 1336 2384 Clav.
1356 2354 1388 2383 in
1405 2354 1438 2383 h.
1455 2364 1485 2385 v.

218 2400 275 2429 Pro
291 2411 449 2439 cognoscere
466 2400 569 2438 legam
586 2410 743 2437 agnoscere.
1000 2405 1036 2428 55
1062 2407 1148 2438 quam
1165 2403 1215 2425 tua
1231 2397 1289 2425 sint
1305 2397 1341 2426 P.
1361 2395 1516 2436 granaria]
1535 2397 1646 2428 Delevi

261 2450 299 2471 5⁴2
323 2453 372 2470 mc
384 2442 513 2481 jucunde
535 2441 648 2483 quidem
665 2440 776 2480 posset]
800 2441 832 2470 Si
850 2441 910 2470 hoc
954 2438 978 2467 si
994 2447 1066 2470 ante
1083 2446 1144 2475 tuo,
1167 2446 1203 2469 ut
1218 2439 1364 2469 Muretus
1380 2440 1453 2469 Var.
1470 2440 1556 2470 Lect.
1572 2440 1647 2477 VII,

218 2492 263 2515 est
275 2495 293 2514 a
309 2485 472 2521 Cicerone,
490 2486 581 2514 debet
596 2494 661 2514 esse
677 2495 717 2512 ne.
736 2484 788 2513 sed
805 2490 908 2513 totum
955 2489 1006 2512 20.
1030 2490 1059 2512 et
1084 2482 1257 2512 Lambinus
1274 2489 1304 2512 et
1320 2483 1480 2519 Davisius,
1496 2483 1551 2521 qui
1567 2489 1598 2512 et
1614 2484 1647 2514 in

217 2537 280 2558 non
306 2527 417 2566 placet.
442 2538 518 2557 nam
542 2528 604 2556 hoc
627 2535 673 2558 est
690 2526 794 2564 majus
810 2536 909 2565 quam
955 2525 1017 2554 Ms.
1047 2525 1141 2555 Paris.
1172 2535 1237 2555 non
1268 2525 1389 2564 reperit.
1421 2534 1475 2563 pro
1503 2526 1648 2564 granaria

217 2577 276 2599 tuto
300 2577 327 2598 et
348 2570 407 2599 sine
429 2578 514 2599 metu.
539 2570 726 2608 deberetque
749 2579 814 2599 esse
837 2568 912 2610 quod
953 2567 1037 2598 male
1052 2568 1120 2598 edd.
1137 2575 1213 2598 vett.
1226 2567 1374 2606 gramina.
1414 2567 1554 2598 Gronov.
1568 2569 1648 2600 Obs.

218 2613 277 2642 sine
299 2625 332 2642 ea
345 2613 474 2651 jucunde
496 2612 569 2641 vivi
591 2623 643 2640 non
665 2619 768 2650 posset,
793 2623 826 2640 ne
849 2618 909 2640 tuto
953 2610 996 2647 II,
1011 2618 1040 2640 2.
1057 2612 1190 2642 eandem
1204 2610 1375 2640 lectionem
1392 2610 1540 2649 probans,
1557 2618 1647 2651 putat

216 2655 331 2697 quidem
354 2662 381 2684 et
397 2656 455 2684 sine
471 2663 557 2684 metu.
603 2655 661 2684 Sed
680 2661 783 2684 totum
800 2655 862 2684 hoc
879 2665 907 2684 n.
951 2654 1154 2683 scribendum
1168 2662 1234 2683 esse
1251 2653 1414 2689 Granaria,
1428 2660 1464 2683 ut
1475 2654 1515 2685 sit
1525 2664 1645 2684 nomen

204 2699 235 2739 j.
253 2710 282 2739 q.
302 2704 335 2736 p.
353 2699 439 2728 abest
454 2708 472 2728 a
489 2699 551 2728 Ms.
569 2698 635 2728 Par.
652 2698 836 2736 videturque
852 2697 906 2727 de—
949 2696 1034 2726 villae
1049 2709 1055 2725 2
1077 2697 1165 2735 quod
1185 2695 1293 2725 durius
1313 2696 1446 2726 videtur.
1463 2697 1648 2736 negotiatio-

215 2742 359 2771 lendum.
950 2748 1026 2768 nem
1050 2738 1291 2768 frumentariam
1315 2739 1494 2769 exercuisse
1522 2740 1647 2770 videtur

259 2790 296 2814 53
321 2781 490 2824 quoddam]
517 2784 568 2813 Sic
593 2783 656 2813 Ms.
679 2782 741 2813 Pal.
764 2782 905 2821 optimus
948 2781 1140 2821 Torquatus,
1157 2788 1188 2811 et
1211 2779 1347 2811 Puteolis
1372 2781 1520 2812 habuisse
1535 2792 1646 2822 grana-

214 2837 268 2867 pro
284 2828 411 2866 vulgato
426 2827 486 2855 dat.
950 2824 1005 2853 ria.
