1778 3095
593 112 775 151 LIBER
813 113 1055 150 PRIMUS.
1451 122 1529 161 237

110 227 267 300 CUM
295 258 581 300 defensionum
611 254 841 305 laboribus,
861 252 1162 310 senatoriisque
1185 253 1427 297 muneribus
1454 266 1527 301 aut
1544 260 1582 311 1-

106 314 294 368 omnino,
315 324 389 356 aut
408 327 561 368 magna
588 326 638 353 ex
668 320 784 367 parte
814 325 949 351 essem
979 310 1204 366 aliquando
1228 310 1443 363 liberatus,
1462 329 1526 355 re-
1544 335 1559 365 1

104 370 185 412 tuli
205 387 286 423 me,
315 370 457 420 Brute,
486 378 528 410 te
558 368 753 410 hortante
781 367 976 418 maxime,
1004 367 1059 407 ad
1092 381 1142 407 ea
1175 367 1328 418 studia,
1349 382 1444 423 quae
1464 384 1529 410 re—

104 435 222 468 tenta
241 428 394 477 animo,
415 426 588 466 remissa
606 423 881 480 temporibus,
902 423 1033 479 longo
1061 423 1275 464 intervallo
1296 424 1532 467 intermissa

104 483 319 524 revocavi:
350 490 406 532 et,
438 496 535 522 cum
571 481 761 523 omnium
794 480 961 531 artium,
989 495 1082 535 quae
1111 479 1165 521 ad
1194 488 1351 521 rectam
1371 480 1532 524 vivendi

105 539 212 580 viam
240 538 508 594 pertinerent,
536 538 642 580 ratio
674 545 716 578 et
747 536 981 592 disciplina,
1016 536 1155 577 studio
1184 537 1408 592 sapientiae,
1434 552 1529 593 quae

105 594 371 650 philosophia
401 595 567 645 dicitur,
601 594 908 644 contineretur3
939 593 1020 634 hoc
1052 592 1157 633 mihi
1189 593 1348 634 Latinis
1378 593 1530 636 litteriS

104 650 395 692 illustrandum
415 651 555 706 putavi
575 668 585 692 ι
617 666 718 701 non,
737 651 835 705 quia
855 649 1120 706 philosophia
1135 650 1294 690 Graecis
1307 658 1350 691 et
1362 649 1530 702 litteris,

103 717 147 747 et
159 706 401 748 doctoribus
416 708 574 763 percipi
592 722 675 748 non
692 716 832 762 posset
850 724 860 748 ι
892 705 965 747 sed
982 720 1124 747 meum
1141 720 1305 761 semper
1317 705 1529 762 judicium

104 762 198 813 fuit,
230 763 372 804 omnia
406 774 571 805 nostros
605 772 678 805 aut
713 763 915 804 invenisse
946 777 1020 818 per
1053 777 1096 803 se
1128 762 1370 818 sapientius,
1400 778 1529 818 quarn

105 818 294 870 Graecos,
316 829 389 861 aut
415 830 587 877 accepta
616 821 670 861 ab
706 819 801 870 illis,
836 820 984 860 fecisse
1016 819 1203 868 meliora,
1233 835 1327 875 quae
1357 818 1528 875 quidem

103 873 233 930 digna
264 876 521 928 statuissent,
558 877 600 917 in
634 876 785 932 quibus
815 876 1090 917 elaborarent.
1148 877 1263 916 Nam
1297 890 1450 927 mores,
1487 884 1565 918 etz

103 930 296 973 instituta
323 933 431 986 vitae,
458 948 607 989 resque
639 931 890 974 domesticas
921 946 969 973 ac
999 932 1224 973 familiares
1246 947 1320 973 nos
1340 933 1531 988 profecto

103 996 148 1028 et
186 989 335 1030 melius
372 998 540 1031 tuemur
579 999 622 1031 et
657 988 836 1030 lautius:
887 1003 974 1029 rem
1012 1003 1108 1030 vero
1146 988 1359 1044 publicam
1400 990 1532 1030 nostri

104 1043 284 1100 majores
306 1055 417 1087 certe
443 1045 686 1087 melioribus
715 1054 1051 1100 temperaverunt
1078 1055 1120 1087 et
1146 1045 1346 1086 institutis
1363 1055 1405 1086 et
1425 1046 1532 1101 legi-

105 1101 198 1142 bus.
258 1102 376 1144 Quid
397 1103 547 1159 loquar
568 1103 619 1143 de
646 1117 690 1143 re
717 1102 887 1142 militari
905 1104 917 1142 Ρ
951 1103 992 1143 in
1013 1117 1095 1157 qua
1114 1117 1213 1143 cum
1232 1102 1382 1143 virtute
1402 1103 1535 1144 nostri

104 1158 285 1199 multum
306 1159 536 1210 valuerunt,
556 1169 647 1200 tum
668 1159 761 1214 plus
781 1159 906 1200 etiam
927 1158 1159 1214 disciplina.
1216 1160 1241 1201 J
1245 1174 1311 1199 am
1332 1159 1417 1209 illa,
1438 1174 1533 1215 quae

106 1224 267 1265 natura,
287 1230 372 1256 non
391 1216 540 1257 litteris
561 1216 739 1257 assecuti
775 1224 885 1266 sunt,
915 1230 1048 1271 neque
1077 1230 1175 1257 cum
1198 1215 1376 1266 Graecia,
1398 1230 1532 1272 neque
1544 1222 1576 1253 b.

106 1271 192 1311 ulla
211 1286 308 1312 cum
331 1282 458 1327 gente
480 1281 577 1313 sunt
595 1271 862 1313 conferenda.
921 1273 1031 1314 Quae
1059 1272 1169 1312 enim
1195 1281 1310 1312 tanta
1339 1273 1533 1327 gravitas,

107 1342 202 1382 quae
223 1336 339 1369 tanta
357 1329 605 1379 constantia,
634 1327 883 1383 magnitudo
912 1328 1054 1379 animi,
1079 1328 1280 1383 probitas,
1302 1329 1417 1380 fides,
1439 1344 1534 1385 quae

107 1391 193 1423 tam
214 1384 418 1425 excellens
438 1384 480 1425 in
501 1385 616 1425 omni
635 1398 789 1439 genere
809 1385 937 1425 virtus
958 1383 999 1424 in
1027 1384 1122 1426 ullis
1153 1385 1245 1435 fuit,
1276 1393 1323 1425 ut
1353 1385 1406 1426 sit
1435 1399 1534 1427 cum

107 1439 336 1495 majoribus
372 1441 523 1481 nostris
561 1440 871 1495 comparanda?
916 1441 1124 1482 Doctrina
1159 1441 1324 1482 Graecia
1363 1456 1453 1492 nos,
1492 1450 1569 1485 eta

106 1496 221 1536 omni
240 1496 472 1537 litterarum
491 1511 646 1551 genere
667 1497 904 1551 superabat.
932 1497 973 1536 in
1005 1512 1090 1552 quo
1118 1507 1206 1538 erat
1233 1497 1355 1538 facile
1373 1498 1536 1539 vincere

106 1565 190 1592 non
210 1561 503 1607 repugnantes.
524 1567 621 1593 nam
641 1567 739 1593 cum
759 1552 871 1607 apud
890 1553 1063 1593 Graecos
1084 1553 1419 1608 antiquissimum
1441 1554 1495 1596 sit
1513 1568 1538 1595 e

105 1606 241 1649 doctis
259 1622 394 1663 genus
413 1614 651 1663 poetarum,
673 1608 707 1649 si
727 1608 897 1664 quidem
916 1610 1131 1650 Homerus
1149 1609 1242 1660 fuit,
1260 1619 1302 1650 et
1323 1611 1538 1653 Hesiodus

108 1672 204 1705 ante
253 1665 434 1706 Romam
481 1665 710 1716 conditam,
748 1664 1032 1707 Archilochus
1078 1673 1280 1721 regnante
1322 1667 1538 1719 Romulo;

107 1720 237 1762 serius
268 1721 478 1776 potiticam
514 1737 590 1763 nos
621 1722 888 1777 accepimus:
919 1722 1036 1763 annis
1065 1722 1177 1763 enim
1207 1722 1293 1764 fere
1318 1732 1331 1754 1
1352 1737 1418 1764 Dx
1442 1732 1540 1778 post

107 1775 288 1818 Romam
318 1777 532 1819 conditam
561 1778 703 1820 Livius
727 1778 944 1819 2fabulam
974 1778 1105 1829 dedit,
1127 1778 1178 1819 C.
1202 1778 1398 1829 Claudio,
1421 1779 1540 1821 Caeci

109 1832 209 1884 filio,
229 1834 294 1874 M.
323 1834 551 1886 Tuditano,
581 1835 837 1886 consulibus,
874 1849 984 1876 anno
1017 1844 1112 1877 ante
1148 1844 1292 1877 natum
1324 1836 1538 1878 Ennium:

110 1889 183 1944 qui
203 1890 283 1930 fuit
302 1890 438 1945 major
456 1900 570 1941 natu,
592 1906 720 1946 quam
748 1891 918 1933 Plautus
940 1899 958 1923 3
976 1902 1019 1934 et
1031 1892 1224 1933 Naevius.
1286 1894 1387 1935 Sero
1408 1893 1538 1948 igitur
1550 1894 1582 1942 2

108 1959 134 1985 a
154 1946 307 1986 nostris
335 1952 474 2001 poetae
503 1947 567 1987 vel
596 1948 770 2003 cogniti,
800 1948 864 1989 vel
893 1949 1063 2004 recepti.
1120 1949 1392 2005 Quamquam
1414 1959 1477 1992 est
1495 1950 1540 1992 in

110 2001 372 2057 Originibus,
394 2003 540 2043 solitos
561 2017 651 2044 esse
670 2004 712 2044 in
731 2004 864 2059 epulis
884 2019 1031 2046 canere
1048 2005 1240 2046 convivas
1256 2006 1309 2046 ad
1325 2006 1540 2048 tibicinem

109 2056 163 2097 de
201 2058 409 2099 clarorum
449 2059 668 2100 hominum
716 2060 966 2102 virtutibus:
1013 2061 1219 2103 honorem
1257 2071 1397 2103 tamen
1441 2063 1542 2105 huic

110 2114 254 2168 generi
275 2128 358 2155 non
381 2115 523 2165 fuisse,
543 2115 727 2157 declarat
752 2117 887 2157 oratio
910 2117 1101 2169 Catonis,
1126 2119 1168 2159 in
1200 2134 1283 2174 qua
1301 2119 1471 2175 objecit,
1493 2127 1542 2160 ut

111 2169 328 2224 probrum,
359 2171 426 2212 M.
446 2172 674 2223 Nobiliori,
708 2173 824 2228 quod
858 2173 892 2213 is
919 2174 960 2214 in
994 2175 1250 2229 provinciam
1279 2181 1428 2230 poetas
1460 2175 1539 2217 du-

112 2225 252 2266 xisset.
289 2226 463 2268 duxerat
502 2236 642 2269 autem
674 2230 823 2270 consul
853 2229 922 2270 ille
957 2230 999 2270 in
1030 2231 1250 2282 AEtoliam,
1287 2241 1336 2273 ut
1370 2232 1540 2282 scimus,

114 2282 312 2324 Ennium.
369 2284 472 2326 Quo
489 2285 628 2325 minus
649 2285 778 2341 igitur
798 2285 970 2327 honoris
1000 2295 1089 2327 erat
1114 2288 1265 2341 poetis,
1296 2302 1347 2328 eo
1377 2288 1541 2329 minora

114 2337 252 2379 studia
287 2339 468 2382 fuerunt.
503 2349 614 2382 4nec
649 2351 806 2393 tamen,
846 2342 952 2397 siqui
991 2344 1155 2399 magnis
1192 2344 1372 2399 ingeniis
1411 2344 1454 2385 in
1489 2358 1539 2386 eo

158 2502 171 2525 1
199 2494 261 2534 nx]
281 2495 380 2526 Hunc
402 2506 466 2527 esse
482 2507 593 2528 verum
615 2508 802 2536 numerum,

115 2546 179 2568 non
208 2539 375 2578 vulgatum
405 2548 478 2570 ante
510 2550 642 2571 ccccx.
681 2550 803 2572 certum

114 2586 169 2610 est.
185 2590 261 2611 nam
277 2582 310 2612 hi
326 2582 480 2613 Consules
497 2585 583 2613 fuere
598 2593 625 2613 a.
642 2584 680 2614 V.
697 2593 801 2615 nxiv.

113 2622 162 2651 vel
183 2632 309 2660 nxnn,
330 2632 361 2654 et
385 2626 520 2656 Ursinus
543 2628 575 2656 in
599 2627 663 2657 Ms.
681 2628 802 2666 reperit.

113 2665 186 2704 quia
211 2674 318 2696 autem
341 2667 449 2698 Cicero
479 2670 553 2699 dicit
579 2669 653 2706 fere,
680 2671 803 2700 videtur

114 2716 284 2739 numerum
300 2712 472 2741 rotundum
491 2721 526 2742 x.
543 2713 692 2751 posuisse.

158 2755 176 2778 α
188 2751 329 2788 fabulam
344 2752 435 2792 dedit]
458 2755 520 2784 Ms.
544 2755 650 2784 Ursini
667 2755 803 2785 habebat

117 2790 219 2821 docuit.
235 2794 289 2823 sed
304 2801 334 2823 et
347 2797 412 2825 dari
429 2797 545 2826 fabulae
560 2798 720 2828 dicuntur.

158 2840 174 2862 3
199 2835 381 2876 erNaevius]
404 2838 489 2869 Cum
509 2846 630 2870 constet
653 2841 804 2871 Naevium

849 2500 951 2530 Ennio
975 2501 1128 2538 majorem
1152 2509 1228 2532 natu
1251 2503 1346 2532 fuisse
1361 2514 1370 2532 ι
1394 2512 1453 2533 nec
1475 2513 1540 2534 cre-

847 2543 954 2580 dibile,
982 2544 1167 2573 Ciceronem
1194 2546 1225 2574 in
1250 2547 1311 2575 hoc
1333 2555 1459 2583 errasse,
1484 2548 1538 2585 qui

847 2586 879 2615 in
899 2586 993 2615 Bruto
1017 2596 1098 2616 recte
1119 2597 1185 2616 rem
1206 2589 1350 2618 tradidit:
1375 2596 1430 2618 aut
1444 2591 1539 2619 omit-

847 2629 980 2658 tendum
1008 2630 1068 2659 hoc
1096 2637 1154 2665 est,
1181 2632 1257 2669 quia
1283 2638 1313 2661 et
1333 2641 1351 2660 a
1374 2632 1438 2661 Ms.
1454 2633 1538 2671 apud

848 2671 1073 2710 Verburgfflm,
1090 2673 1203 2709 abfuit,
1223 2681 1259 2703 ut
1279 2681 1309 2703 et
1331 2674 1433 2714 placet
1448 2675 1539 2704 Pear-

847 2714 907 2749 cin,
925 2721 979 2743 aut
994 2716 1174 2745 addendum
1190 2723 1235 2745 est
1250 2723 1292 2745 ut.

889 2764 909 2786 4
932 2768 981 2787 nec
1007 2764 1112 2794 tamen,
1141 2758 1229 2799 siqui]
1255 2760 1402 2789 DavIsius
1429 2761 1461 2789 in
1488 2760 1535 2788 ed.

848 2808 910 2829 sec.
935 2800 1030 2836 dedit,
1057 2812 1106 2830 nec
1133 2808 1227 2831 tamen
1257 2801 1309 2839 sic,
1341 2801 1403 2842 qui,
1430 2803 1535 2832 nescio

849 2842 949 2872 unde..
