1768 3095
243 102 295 147 76
587 102 856 140 ACADEM.
888 102 1327 141 QUAESTIONUM

239 222 330 250 esse
350 208 486 250 vultis.
517 208 577 250 illi
597 224 798 265 umquam
830 209 1032 260 dicerent,
1054 210 1261 265 sapientes
1283 210 1396 250 solos
1426 212 1573 265 reges?
1607 225 1676 253 so-

238 265 302 307 los
331 265 478 306 divites
497 268 509 306 ?
543 266 655 307 solos
687 267 897 307 formosos
917 268 930 307 ?
964 267 1119 317 omnia,
1141 281 1236 322 quae
1254 266 1412 322 ubique
1432 274 1584 318 essent,
1605 281 1672 308 sa-

238 323 391 378 pientis
426 325 543 363 esse?
577 324 787 364 neminem
824 323 1057 374 consulem,
1088 332 1327 378 praetorem,
1358 324 1674 378 imperatorem,

237 380 379 420 nescio
410 387 447 413 93
465 394 518 420 an
553 394 605 420 ne
636 381 955 436 quinquevirum
987 379 1155 435 quidem
1189 394 1461 435 quemquam,
1495 379 1573 421 nisi
1607 394 1673 420 sa-

236 437 422 491 pientem
444 452 453 476 :
496 445 727 491 postremo,
767 437 905 477 solum
945 437 1093 486 civem,
1133 436 1270 477 solum
1310 437 1488 477 liberum
1509 437 1522 476 ?
1573 436 1676 478 insi-

235 493 397 547 pientes
420 506 580 543 omnes,
601 494 863 549 peregrinos,
883 493 1061 543 exsules,
1082 507 1235 542 Servos,
1256 492 1458 534 furiosos?
1493 492 1675 549 denique

235 549 392 604 scripta
412 550 614 605 Lycurgi,
635 550 816 599 Solonis,
836 549 1060 590 duodecim
1090 549 1254 590 tabulas
1277 559 1454 600 nostras,
1476 564 1561 590 non
1583 563 1674 591 esse

235 605 383 661 leges?
417 621 469 646 ne
502 606 627 647 urbes
660 607 855 661 denique,
877 614 951 646 aut
982 605 1183 655 civitates,
1204 605 1282 646 nisi
1313 621 1407 661 quae
1439 616 1577 648 essent
1607 620 1674 647 sa·

152 669 223 710 137
237 663 473 717 pientium?
508 664 615 703 Haec
646 663 738 713 tibi,
772 662 961 711 Luculle,
991 662 1025 702 si
1057 676 1101 702 es
1132 676 1324 702 assensus
1351 662 1586 713 Antiocho,
1609 662 1671 703 fa-

238 719 389 760 miliari
409 727 499 769 tuo,
520 728 607 760 tam
630 728 728 760 sunt
748 718 1025 768 defendenda,
1042 733 1169 774 quam
1190 718 1367 759 moenia:
1388 718 1494 759 mihi
1515 729 1672 771 autem,

154 780 224 830 45
238 775 354 816 bono
371 776 501 817 modo
522 793 530 816 ε
561 785 741 827 tantum,
764 784 968 831 quantum
990 774 1211 816 videbitur.
1270 775 1379 830 Legi
1398 775 1513 829 apud
1536 775 1675 816 Clito-

237 832 452 883 machum,
483 848 581 873 cum
605 832 858 883 Carneades,
879 842 922 873 ct
954 832 1121 873 Stoicus
1150 831 1368 886 Diogenes
1396 830 1449 871 ad
1479 840 1672 872 senatum

236 889 276 929 in
312 889 530 945 Capitolio
563 898 733 939 starent,
757 890 811 930 A.
834 889 1055 939 Albinum,
1084 889 1156 943 qui
1187 899 1294 938 tum,
1323 889 1365 928 P.
1390 887 1601 942 Scipione,
1631 897 1675 930 et

236 946 302 986 M.
326 946 533 987 Marcello
558 960 691 987 coss.
714 955 867 1001 praetor
886 954 1009 995 esset,
1031 960 1143 995 eum,
1164 946 1235 1000 qui
1257 959 1354 985 cum
1376 958 1452 984 avo
1473 952 1563 995 tuo,
1584 945 1673 986 Lu—

234 1002 359 1053 culle,
380 1003 529 1043 consul
559 1003 653 1051 fuit,
679 1003 853 1044 doctum
886 1016 985 1043 sanc
1014 1002 1245 1050 hominem,
1278 1010 1324 1041 ut
1352 1000 1511 1042 indicat
1541 1001 1672 1055 ipsius

234 1058 422 1109 historia,
444 1060 599 1115 scripta
619 1061 784 1109 Graece,
799 1059 1017 1115 jocantem
1039 1058 1191 1099 dixisse
1212 1057 1445 1099 Carneadi:
1477 1071 1560 1112 ego
1582 1057 1674 1109 tibi,

236 1114 467 1167 Carneade,
499 1125 657 1171 praetor
688 1131 778 1157 esse
809 1131 894 1157 non
925 1115 1083 1164 videor,
1112 1115 1212 1171 quia
1239 1115 1401 1168 sapiens
1435 1128 1519 1154 non
1548 1128 1673 1155 sum:

236 1186 312 1212 nec
334 1172 425 1213 haec
448 1173 564 1223 urbs,
587 1187 663 1213 nec
686 1174 725 1213 in
747 1187 796 1213 ea
816 1173 973 1213 civitas.
1032 1173 1143 1212 Tum
1174 1171 1258 1221 ille,
1280 1170 1378 1211 huic
1410 1170 1557 1211 Stoico
1588 1185 1674 1211 non

234 1228 397 1269 videris.
460 1229 726 1280 Aristoteles,
748 1239 821 1270 aut
852 1230 1126 1278 Xenocrates,
1149 1242 1256 1283 quos
1286 1226 1527 1268 Antiochus
1556 1227 1675 1282 sequi

235 1285 417 1336 volebat,
441 1300 525 1326 non
551 1285 838 1335 dubitavisset,
859 1285 959 1340 quin
988 1293 1031 1325 et
1060 1293 1217 1339 praetor
1242 1283 1311 1324 ille
1331 1290 1454 1334 esset,
1477 1291 1519 1324 et
1538 1284 1676 1324 Roma

127 1362 156 1391 p,
172 1358 222 1382 23⁵.
236 1342 351 1391 urbs,
372 1352 416 1382 et
435 1356 529 1382 eam
550 1341 694 1383 civitas
716 1342 932 1383 incoleret.
963 1350 1002 1375 94
1020 1340 1095 1381 sed
1127 1340 1198 1381 ille
1223 1348 1364 1381 noster
1385 1348 1450 1380 est
1469 1339 1607 1395 plane,
1626 1349 1676 1381 ut

194 1404 214 1426 ἃ
237 1412 363 1453 supra
386 1398 484 1449 dixi,
507 1398 692 1450 Stoicus,
714 1407 752 1433 9⁵
771 1412 980 1454 perpauca
999 1397 1252 1438 balbutiens.
1294 1397 1384 1437 Vos
1405 1405 1548 1436 autem
1570 1395 1675 1437 mihi

151 1444 448 1505 138veremini,
485 1469 536 1496 ne
563 1455 681 1496 labar
714 1455 764 1496 ad
800 1455 1059 1510 opinionem,
1091 1462 1134 1494 et
1164 1452 1322 1508 aliquid
1351 1452 1598 1503 adsciscam,
1630 1461 1674 1493 et

233 1512 512 1567 comprobem
542 1512 836 1567 incognitum:
869 1511 984 1566 quod
1012 1510 1186 1551 minime
1215 1509 1355 1550 vultis.
1387 1508 1489 1564 quid
1510 1509 1673 1550 consilii

230 1567 371 1609 datis?
404 1576 583 1609 testatur
613 1582 724 1623 saepe
757 1568 1037 1624 ChrysippuS,
1057 1576 1141 1608 tres
1171 1566 1282 1607 solas
1311 1580 1401 1606 esse
1428 1565 1672 1617 sententias,

230 1640 324 1680 quae
359 1625 530 1666 defendi
564 1625 741 1680 possint,
775 1625 826 1666 de
858 1625 1010 1665 finibus
1046 1624 1287 1664 bonorum:
1319 1621 1599 1672 circumcidit,
1629 1631 1673 1663 et

229 1691 423 1737 amputat
444 1681 774 1723 multitudinem.
804 1692 877 1722 aut
897 1681 1009 1721 euim
1032 1681 1297 1721 honestatem
1328 1692 1419 1719 esse
1440 1678 1579 1728 finem,
1600 1687 1674 1719 aut

229 1738 506 1794 voluptatem,
526 1746 599 1779 aut
617 1747 858 1794 utrumque.
892 1753 987 1778 nam
1009 1737 1080 1792 qui
1101 1750 1316 1778 summum
1348 1736 1509 1776 bonum
1531 1734 1674 1776 dicant

228 1794 271 1835 id
293 1808 397 1845 esse,
417 1795 451 1835 si
471 1809 665 1835 vacemus
686 1796 803 1835 omni
822 1794 1031 1843 molestia,
1052 1808 1125 1834 eos
1147 1792 1400 1834 invidiosum
1423 1805 1577 1832 nornen
1597 1806 1672 1832 vo—

228 1850 401 1906 luptatis
438 1852 613 1907 fugere:
646 1851 718 1892 sed
750 1852 792 1892 in
825 1851 1036 1892 vicinitate
1074 1850 1241 1891 versari.
1279 1848 1397 1904 quod
1429 1848 1566 1888 facere
1597 1862 1671 1889 eos

227 1909 372 1958 etiam,
412 1909 484 1964 qui
518 1908 626 1949 illud
661 1908 774 1949 idem
813 1922 908 1948 cum
951 1908 1174 1947 honestate
1210 1908 1548 1962 conjungerent:
1593 1918 1671 1945 nec

229 1965 366 2006 multo
388 1980 508 2006 secus
527 1980 615 2015 eos,
638 1965 707 2020 qui
731 1964 783 2005 ad
805 1964 1070 2005 honestatem
1097 1963 1232 2018 prima
1262 1971 1421 2003 naturae
1442 1960 1672 2002 commoda

229 2020 523 2076 adjungerent.
555 2028 594 2055 9⁶
608 2022 667 2062 ita
694 2030 777 2062 tres
807 2021 1003 2077 relinquit
1024 2019 1266 2070 sententias,
1289 2032 1391 2074 quas
1419 2025 1542 2072 putet
1570 2031 1671 2071 pro-

144 2081 218 2124 139
230 2077 425 2118 babiliter
453 2092 577 2133 posse
604 2077 785 2119 defendi.
845 2078 909 2118 Sit
936 2091 1035 2118 sane
1063 2078 1133 2117 ita.
1165 2091 1189 2116 a
1221 2074 1474 2123 Polemonis,
1494 2073 1672 2114 etPeri-

226 2135 524 2189 pateticorum,
543 2143 586 2175 et
613 2135 818 2176 Antiochi
849 2135 998 2175 finibus
1029 2148 1114 2174 non
1148 2132 1269 2173 facile
1297 2130 1500 2171 divellor:
1533 2143 1669 2186 neque

227 2191 457 2247 quidquam
478 2192 616 2233 habeo
635 2192 772 2233 adhuc
791 2190 1066 2247 probabilius.
1086 2197 1372 2230 verumtamen
1388 2186 1524 2236 video,
1540 2201 1668 2242 quam

970 2362 1032 2390 tur,
1050 2355 1102 2384 sed
1119 2361 1149 2384 et
1165 2354 1274 2383 Cicero
1290 2354 1317 2382 ei
1335 2353 1478 2384 multum
1500 2350 1669 2390 tribuebat,

971 2405 1004 2428 ut
1026 2397 1133 2436 paullo
1160 2404 1229 2436 post
1250 2398 1314 2435 ipse
1337 2397 1423 2426 dicit.
1468 2397 1578 2436 ltaque
1600 2397 1670 2428 sine

969 2441 1054 2471 libris
1072 2442 1124 2470 hic
1141 2440 1185 2469 nil
1200 2447 1336 2469 mutem.

271 2366 308 2391 93
326 2370 363 2386 ιιη
378 2370 411 2387 ne
425 2358 651 2400 quinquevirum
668 2357 799 2398 quidem]
822 2358 925 2387 Quin-

225 2402 344 2440 queviri
364 2402 449 2431 fuere
470 2402 671 2441 magistratus
694 2401 844 2436 minores,
861 2401 924 2430 sive

226 2445 361 2474 ministri
403 2446 662 2483 magistratuum,
700 2443 810 2483 quales
849 2449 924 2472 sunt

224 2488 424 2525 quinqueviri
448 2488 492 2517 cis
516 2495 547 2517 et
570 2487 618 2517 uls
633 2487 775 2516 Tiberim
791 2496 840 2524 ap,
860 2486 923 2514 Liv.

224 2530 347 2566 XXXI,
368 2537 416 2559 14.
441 2531 495 2560 ubi
523 2541 552 2560 v.
577 2531 652 2559 Intt.
679 2528 857 2570 quinquevir
879 2535 925 2557 est

225 2582 275 2611 ap.
302 2573 410 2602 Horat.
425 2573 456 2603 S.
475 2574 517 2610 II,
533 2582 563 2610 5,
583 2580 633 2603 55.
649 2572 741 2601 scriba
755 2584 768 2601 e
784 2571 923 2612 quinque-

226 2626 292 2645 vtro
309 2622 441 2644 rsa-octus.

270 2665 309 2691 94
326 2658 376 2687 sed
389 2658 439 2687 ille
453 2664 556 2693 noster,
574 2664 615 2687 est
624 2656 714 2696 plane
728 2655 854 2693 Stoicus]
875 2667 923 2684 no-

227 2708 284 2730 ster
294 2696 345 2731 'est
358 2701 551 2736 Antiochus,
573 2702 611 2731 de
635 2710 700 2738 quo
723 2709 816 2739 supra
838 2700 926 2729 dixe-

228 2751 379 2781 rat3‘esse
408 2752 598 2784 germanum
626 2743 784 2779 Stoicum,
816 2752 844 2772 c.
872 2749 922 2772 423.

227 2788 374 2817 Davisius
400 2787 534 2817 correxit
555 2793 664 2823 vester,
687 2793 722 2816 ut
745 2787 783 2815 ad
808 2785 924 2815 Lucul-

228 2830 297 2862 lum
311 2831 472 2868 referatur,
487 2829 541 2869 qui
557 2829 756 2860 Antiochum
772 2828 925 2867 sequeba-

1012 2492 1049 2517 95
1072 2490 1217 2522 perpauca
1244 2480 1418 2521 balbutiens]
1448 2482 1468 2512 i.
1489 2492 1516 2511 e.
1545 2482 1579 2511 in
1601 2490 1670 2520 per—

968 2528 1075 2565 paucis
1100 2536 1163 2556 non
1187 2526 1270 2555 clare
1292 2533 1323 2554 et
1345 2532 1448 2564 aperte
1464 2525 1620 2564 professus
1635 2534 1669 2554 se

969 2580 1045 2599 cum
1065 2570 1175 2599 Stoicis
1200 2570 1324 2599 sentire.
1350 2578 1378 2597 v,
1396 2568 1483 2597 Clav.
1509 2569 1539 2597 in
1567 2566 1669 2596 balbu-

969 2614 1036 2643 lire.

1013 2660 1051 2688 96
1067 2655 1110 2683 ita
1134 2661 1189 2683 tres
1213 2652 1351 2694 relinqui!
1374 2651 1542 2690 sententias]
1562 2651 1668 2690 Vulgo

968 2706 1015 2729 est
1042 2697 1182 2739 reliquit:
1206 2698 1259 2726 sed
1286 2696 1422 2725 latinitas
1447 2695 1499 2724 hic
1521 2701 1552 2724 et
1573 2695 1667 2725 series

966 2742 1114 2771 orationis
1146 2739 1283 2779 postulat
1313 2737 1474 2778 relinquit:
1514 2738 1608 2777 idque
1637 2744 1668 2768 et

968 2785 1114 2814 Davisius
1140 2785 1172 2813 in
1197 2783 1282 2812 libris
1306 2790 1364 2811 scr.
1389 2781 1511 2820 reperit,
1539 2787 1569 2810 et
1593 2780 1666 2811 Ale-

970 2837 1107 2858 mannus
1125 2828 1157 2857 in
1174 2826 1238 2857 Ms.
1256 2825 1339 2864 regio
1356 2824 1423 2854 Par.
