1778 3095
585 109 774 146 LIBER
802 109 1100 147 QUINTUS.
1487 116 1568 158 217

137 220 224 263 sine
254 220 395 262 animo
425 219 520 260 sint.
554 232 653 258 cum
685 226 825 257 autem
859 216 1050 271 paullum
1084 217 1291 259 firmitatis
1318 224 1569 268 accesserit:

137 286 179 318 et
199 279 340 319 animo
359 284 546 325 utuntur,
567 283 612 315 et
642 274 832 314 sensibus
847 288 858 323 3
890 273 1265 330 connitunturque,
1294 284 1342 316 ut
1371 292 1460 318 sese
1489 282 1570 323 eri-

136 345 255 389 gant,
276 343 319 375 et
337 332 529 374 manibus
550 338 722 371 utantur
736 346 748 380 3
780 339 823 370 et
852 344 925 370 eos
955 340 1208 385 agnoscunt,
1238 346 1264 372 a
1287 333 1440 387 quibus
1465 337 1571 378 edu-

137 400 312 432 cantur:
351 387 501 429 deinde
531 387 764 442 aequalibus
796 386 1070 438 delectantur,
1100 387 1364 444 libenterque
1398 405 1441 432 se
1472 406 1571 435 cum

138 447 202 488 his
235 452 509 500 congregant,
545 444 729 498 dantque
768 458 811 484 se
843 443 896 484 ad
930 443 1195 486 ludendum:
1238 445 1575 504 fabellarumque

138 503 349 544 auditione
371 501 583 541 ducuntur
602 517 611 540 :
643 500 780 556 deque
801 515 867 551 eo,
889 500 1006 555 quod
1027 501 1127 556 ipsis
1158 510 1343 557 superat,
1363 504 1454 546 aliis
1474 519 1574 561 gra-

140 559 285 605 tificari
305 558 476 598 volunt:
508 556 935 613 animadvertuntque
956 572 1019 608 ea,
1041 573 1135 613 quae
1157 558 1274 599 domi
1295 559 1413 613 fiunt,
1435 563 1576 604 curio-

139 617 238 666 sius,
258 614 548 670 incipiuntque
568 615 844 655 commentari
875 614 1051 670 aliquid,
1071 624 1114 655 et
1131 615 1290 656 discere
1307 633 1316 658 :
1347 626 1391 658 et
1409 633 1571 672 eorum,
1584 629 1613 659 Ρ·
1630 628 1700 657 135.

139 686 244 728 quos
284 671 439 721 vident,
479 671 626 712 volunt
665 685 750 711 non
791 671 986 726 ignorare
1027 672 1227 713 nomina:
1280 680 1320 710 70
1334 673 1612 732 quibusquea·

136 729 261 770 rebus
283 742 381 769 cum
412 727 644 783 aequalibus
674 728 904 778 decertant,
931 728 970 769 'si
998 729 1184 779 vincunt,
1214 730 1393 772 efferunt
1423 747 1468 774 se
1498 735 1574 774 lae-

137 785 258 826 titia:
289 785 387 826 victi
417 784 706 836 debilitantur,
737 784 984 841 animosque
1015 785 1258 827 demittunt.
1281 803 1463 844 quorum
1486 791 1575 832 sine

138 856 265 883 causa
296 842 382 882 fieri
412 841 516 882 nihil
546 841 781 897 putandum
813 850 889 882 est.
947 842 1024 882 Est
1054 843 1166 883 enim
1197 853 1346 886 natura
1374 846 1482 888 71sic
1499 862 1637 904 ge-43

139 906 284 939 nei-ata
321 898 380 939 vis
417 897 617 949 hominis,
658 907 706 939 ut
737 898 789 939 ad
825 912 995 939 omnem
1029 899 1226 941 virtutem
1262 903 1576 958 percipiendam

138 955 252 996 facta
272 955 462 996 videatur
481 972 489 996 ε
521 955 578 996 ob
597 969 775 1011 eamque
789 970 960 996 causam
976 955 1089 1011 parvi
1103 956 1305 998 virtutum
1329 960 1578 1014 simulacris,

140 1027 319 1068 quarum
349 1013 392 1053 in
421 1027 466 1052 se
499 1012 659 1053 habent
691 1013 863 1063 semina,
894 1012 982 1053 sine
1013 1013 1204 1054 doctrina
1224 1026 1458 1058 moventur.
1480 1028 1579 1060 sunt

139 1069 251 1109 enim
274 1068 409 1124 prima
428 1069 636 1110 elementa
655 1078 815 1110 naturae
828 1085 840 1120 3
872 1069 1026 1125 quibus
1057 1070 1206 1121 auctis,
1228 1079 1266 1108 72
1278 1072 1439 1115 virtutis
1458 1076 1578 1130 quasi

140 1140 310 1166 carmen
342 1125 533 1166 efficitur.
570 1141 665 1166 nam
704 1141 801 1166 cum
834 1126 893 1167 ita
922 1127 1022 1177 nati,
1053 1127 1238 1182 factique
1273 1128 1419 1181 simus,
1455 1141 1504 1172 ut
1536 1140 1579 1174 et

141 1182 295 1237 agendi
316 1182 492 1238 aliquid,
522 1191 565 1222 et
597 1183 802 1238 diligendi
840 1183 1018 1238 aliquos,
1055 1194 1098 1224 et
1132 1184 1409 1238 liberalitatis,
1439 1198 1482 1229 et
1512 1203 1578 1230 re-

143 1238 326 1279 ferendae
356 1240 504 1294 gratiae
539 1239 742 1294 principia
772 1240 814 1280 in
854 1240 975 1280 nobis
1004 1241 1333 1293 contineremus,
1368 1254 1495 1301 atque
1525 1246 1580 1288 ad

143 1295 375 1346 scientiam,
412 1296 694 1350 prudentiam,
729 1296 1105 1351 fortitudinemque
1144 1307 1265 1353 aptos
1305 1300 1468 1342 animos
1505 1302 1582 1344 ha·

143 1351 354 1402 heremus,
375 1367 400 1392 a
420 1353 721 1408 contrariisque
741 1353 864 1394 rebus
893 1352 1077 1394 alienos:
1109 1369 1193 1395 non
1224 1355 1312 1396 sine
1340 1371 1466 1398 causa
1493 1373 1579 1411 eas,

143 1422 247 1462 quas
278 1408 376 1459 dixi,
406 1408 448 1449 in
484 1409 623 1464 pueris
660 1410 862 1450 virtutum
895 1410 1014 1465 quasi
1046 1410 1292 1453 scintillulas
1322 1413 1526 1466 videmus,
1556 1431 1581 1457 e

144 1464 296 1518 quibus
336 1465 510 1505 accendi
552 1474 588 1501 7³
602 1466 846 1520 philosophi
885 1467 991 1506 ratio
1030 1466 1172 1518 debet,
1220 1478 1268 1509 ut
1314 1484 1424 1521 eam,
1461 1473 1583 1527 quasi

141 1520 301 1571 Deum,
331 1521 483 1562 ducem
515 1523 788 1577 subsequens,
818 1523 872 1563 ad
902 1531 1061 1563 naturae
1091 1525 1305 1578 perveniat
1328 1535 1580 1570 extremum.

141 1591 255 1627 nam,
277 1585 324 1618 ut
345 1592 457 1633 saepe
471 1577 561 1634 jam
583 1579 684 1628 dixi,
704 1579 745 1618 in
766 1579 931 1620 infirma
952 1588 1088 1630 aetate,
1119 1581 1417 1639 imbecillaque
1439 1595 1580 1627 mente

142 1633 201 1673 vis
227 1643 384 1674 naturae
416 1649 490 1690 per
519 1635 745 1691 caliginem
776 1637 973 1677 cernitur.
1004 1651 1102 1677 cum
1133 1646 1273 1679 autem
1304 1641 1580 1696 progrediens

143 1690 418 1732 confirmatur
447 1692 626 1743 animus,
657 1693 851 1748 agnoscit
881 1693 951 1733 ille
982 1693 1153 1749 quidem
1185 1705 1344 1737 naturae
1376 1698 1473 1748 vim,
1507 1699 1581 1740 sed

143 1747 215 1797 ita,
236 1756 284 1787 ut
305 1748 502 1803 progredi
539 1750 673 1804 possit
706 1750 892 1805 longius,
926 1764 1000 1805 per
1035 1765 1079 1791 se
1109 1751 1163 1792 sit
1193 1761 1335 1793 tamen
1366 1753 1579 1797 inchoata.
1626 1763 1630 1766 '

144 1804 393 1851 Intrandum
414 1814 478 1846 est
498 1806 629 1860 igitur
658 1807 700 1848 in
729 1823 867 1848 rerum
900 1816 1108 1859 naturam,
1138 1816 1180 1849 et
1208 1810 1391 1864 penitus,
1411 1812 1513 1868 quid
1530 1809 1666 1864 ea16

144 1860 345 1915 postulet,
376 1862 689 1916 pervidendum.
718 1864 838 1905 aliter
871 1865 983 1905 enim
1018 1865 1300 1921 nosmetipsos
1333 1883 1456 1910 nosse
1495 1884 1644 1922 non44

144 1931 384 1971 possumus.
407 1918 523 1973 quod
552 1930 813 1976 praeceptum
844 1922 943 1977 quia
968 1921 1105 1978 majus
1133 1932 1236 1974 erat,
1257 1931 1296 1960 74
1311 1939 1437 1980 quam
1459 1935 1507 1967 ut
1527 1927 1580 1968 ab

146 1973 317 2014 homine
337 1974 560 2025 videretur,
580 1976 738 2018 idcirco
758 1979 1019 2034 assignatum
1041 1988 1105 2020 est
1124 1979 1235 2020 Deo.
1258 1987 1273 2016 7
1281 1982 1431 2038 5jubet
1450 1983 1582 2038 igitur
1593 1996 1623 2027 b.

109 2030 111 2033 ’
145 2044 221 2071 nos
238 2030 413 2086 Pythius
430 2032 590 2087 Apollo
611 2048 783 2076 noscere
804 2035 1102 2090 nosmetipsos.
1117 2037 1308 2092 cognitio
1326 2048 1469 2080 autem
1489 2040 1580 2082 haec

145 2096 211 2127 est
221 2102 317 2137 una,
328 2095 375 2128 ut
385 2089 467 2129 vim
482 2090 614 2130 nostri
626 2092 814 2146 corporis
828 2092 1041 2147 animique
1055 2093 1257 2145 norimus,
1272 2109 1582 2152 sequamurque

145 2157 239 2184 eam
259 2144 401 2195 vitam,
426 2151 465 2181 76
478 2161 574 2201 quae
602 2148 725 2188 rebus
751 2149 850 2203 ipsis
878 2150 1129 2204 perfruatur.
1189 2150 1405 2192 Quoniam
1438 2162 1582 2194 autem

146 2200 178 2240 is
199 2201 327 2241 animi
346 2203 558 2257 appetitus
579 2217 604 2243 a
622 2205 829 2260 principio
850 2206 943 2256 fuit,
974 2215 1021 2247 ut
1043 2220 1105 2256 ea,
1137 2221 1232 2263 quae
1262 2208 1363 2260 dixi,
1396 2217 1433 2246 77
1453 2224 1583 2266 quam

166 2348 168 2351 '
190 2347 230 2376 70
252 2339 409 2382 quibusque
421 2337 513 2378 rebus]
534 2339 709 2370 Lambinus
726 2347 756 2370 et
776 2340 843 2370 Da-

148 2385 242 2414 visius
257 2384 327 2413 addi
348 2383 475 2412 voluere
495 2383 549 2420 d23
572 2383 730 2424 quibusque
749 2383 783 2412 de
799 2394 842 2412 re-

148 2427 210 2464 bus,
235 2427 327 2456 bene.
346 2425 416 2464 jam
440 2426 520 2455 infra
543 2436 571 2456 c.
597 2433 647 2456 22.
674 2427 704 2456 in
729 2427 841 2457 eadem

146 2464 301 2500 sententia
323 2475 380 2505 est,
405 2476 438 2498 ut
460 2469 618 2508 ffrunmr
641 2468 762 2506 laetitia,
778 2481 841 2498 cum

149 2513 295 2542 vicerint.-
320 2513 405 2542 unde
426 2519 457 2541 et
477 2513 530 2541 hic
551 2511 724 2551 legendum
740 2513 842 2542 videa-

149 2561 200 2586 tur
215 2555 239 2585 si
254 2555 393 2590 vicerint,
411 2556 534 2595 cff‘erunt
547 2566 574 2583 se
589 2554 707 2584 laetilia.

192 2605 227 2633 71
254 2599 295 2628 sic
307 2605 447 2637 generata
466 2598 515 2628 vis
538 2597 670 2636 hominis]
694 2599 842 2628 Davisius

149 2641 242 2671 deleri
258 2641 327 2671 vult
342 2641 402 2677 vis,
419 2640 469 2670 vel
484 2641 553 2678 ejus
569 2640 640 2671 loco
655 2642 724 2671 addi
742 2642 840 2671 omnis.

150 2684 229 2714 illud
252 2685 378 2714 melius.
401 2685 446 2714 sic
469 2691 499 2714 et
521 2694 548 2714 c.
573 2691 623 2714 23.
647 2695 709 2713 cum
732 2685 773 2713 sic
792 2684 841 2713 bo-

151 2727 235 2756 minis
250 2735 356 2756 natura
370 2734 509 2765 generata
525 2727 574 2757 sit.

195 2776 233 2805 ¹72
257 2770 379 2799 virtutis
400 2770 483 2811 quasi
503 2780 616 2798 carmen
632 2768 765 2809 effi'citur]
785 2770 844 2800 Pro

152 2823 263 2840 carmen
287 2814 317 2842 J.
349 2814 397 2842 Fr.
422 2807 582 2843 Gr‘onovio
610 2813 754 2851 placebat
783 2812 843 2851 legi

149 2865 277 2894 germen,
316 2855 445 2886 Davisio
479 2866 622 2885 cacumen.
667 2854 845 2895 Vulgatum

886 2340 966 2370 bene
983 2341 1088 2371 habet.
1103 2351 1134 2371 v.
1151 2341 1238 2372 Clav.
1256 2343 1288 2373 in
1305 2355 1431 2375 carmen.

929 2389 967 2418 73
986 2383 1147 2423 philosophi
1163 2385 1254 2426 ratio]
1276 2387 1407 2418 Durmn
1423 2389 1485 2418 hoc
1501 2390 1583 2421 mihi

884 2428 1020 2463 videtur,
1037 2437 1096 2457 nec
1111 2437 1240 2459 sanum.

929 2475 968 2504 74
992 2481 1080 2511 quam
1092 2478 1124 2500 ut
1139 2471 1176 2500 ab
1198 2470 1309 2500 homine
1328 2472 1496 2513 videretur]
1518 2476 1584 2506 Th.

887 2512 1047 2543 Bentleius
1078 2513 1217 2544 malebat
1249 2515 1388 2545 ederetur.
1434 2518 1583 2549 Davisius

885 2556 1059 2586 traderetur.
1083 2564 1236 2588 neutrum
1259 2558 1331 2589 satis
1359 2559 1473 2598 placet.
1505 2561 1584 2592 forte

884 2599 1000 2629 excidit
1016 2606 1115 2629 natum
1130 2600 1179 2630 vel
1192 2607 1296 2630 ortum.

928 2648 966 2676 75
983 2642 1070 2680 jubet
1092 2643 1184 2683 igitur
1203 2654 1250 2673 nos
1266 2644 1303 2674 P.
1319 2642 1378 2685 A.]
1402 2645 1520 2677 Malim
1535 2656 1584 2676 nos

884 2684 1004 2715 abesse.

931 2733 969 2762 76
994 2739 1059 2769 quae
1087 2728 1167 2758 rebus
1193 2728 1262 2768 ipsis
1286 2729 1475 2770 perfruatur]
1503 2731 1584 2761 MSS.

885 2772 969 2810 apud
986 2772 1154 2801 Davisium
1172 2773 1482 2812 habentpetficiatur.

931 2820 968 2848 77
994 2826 1082 2855 quam
1106 2815 1319 2853 persbclissima
1349 2827 1368 2843 a
1396 2823 1503 2844 natura
1532 2815 1587 2843 ha-

887 2856 1031 2898 beremus]
1052 2869 1071 2886 a
1087 2864 1192 2888 natura
1215 2859 1247 2888 h.
1275 2858 1295 2889 l.
1320 2868 1385 2888 non
1408 2859 1520 2898 placet.
1543 2868 1584 2888 an
