1778 3095
244 146 323 185 600
675 144 755 182 DE
793 144 1223 184 DIVINATIONE

247 264 290 296 et
312 253 561 295 Ptolemaeus
581 260 750 294 sanatus
780 253 947 304 dicitur,
967 262 1008 295 et
1035 254 1158 295 multi
1183 254 1351 304 milites,
1371 253 1443 310 qui
1464 260 1582 295 erant
1600 267 1674 295 eo-

164 310 236 348 136
249 312 345 352 dem
367 325 522 367 genere
544 309 617 350 teli
638 310 854 351 vulnerati.
913 312 1055 352 Multa
1074 311 1198 352 etiam
1227 321 1324 352 sunt
1353 324 1378 350 a
1404 319 1445 351 te
1463 324 1513 351 ex
1543 310 1677 351 histo-

248 368 318 409 riis
339 369 500 423 prolata
521 367 697 416 somnia,
717 367 860 408 matris
884 367 1127 416 Phalaridis,
1156 367 1258 423 Cyri
1278 367 1516 421 superioriS,
1536 366 1680 407 matris

249 425 461 480 Dionysii,
492 423 608 463 Poeni
640 423 907 471 Hamilcaris,
938 425 1174 474 Annibalis,
1207 425 1250 464 P.
1281 423 1429 464 Decii:
1459 423 1681 478 pervulga·

251 491 342 522 tum
368 481 457 536 jam
490 480 593 521 illud
624 480 675 520 de
707 480 911 535 praesule:
944 480 1126 521 Gracchi
1156 481 1308 521 etiam:
1340 489 1381 520 et
1411 493 1552 520 recens
1584 479 1682 519 Cae-

251 538 373 585 ciliae,
414 536 617 576 Balearici
659 537 769 586 filiae,
810 536 1036 576 somnium.
1097 544 1134 568 31
1153 537 1235 576 Sed
1275 536 1365 576 haec
1404 545 1587 585 externa,
1626 534 1683 576 ob

251 607 430 648 eamque
450 607 617 633 causam
641 594 786 647 ignota
815 593 935 632 nobis
958 603 1082 633 sunt:
1115 592 1315 633 nonnulla
1334 592 1460 633 etiam
1483 592 1578 632 ficta
1598 591 1685 631 for-

252 658 376 690 tasse.
414 650 507 705 quis
543 649 654 690 enim
686 658 834 689 auctor
870 648 1076 689 istorum?
1111 650 1164 689 de
1196 649 1347 689 nOStris
1380 648 1550 689 somniis
1583 646 1686 703 quid

252 707 459 747 habemus
481 705 649 745 dicere?
684 716 731 745 tu
762 704 814 745 de
838 719 974 745 merso
1003 720 1086 755 nie,
1115 715 1158 745 et
1186 719 1295 760 equo
1323 705 1377 745 ad
1406 706 1535 760 ripam
1558 705 1570 744 ?
1603 717 1685 758 ego

255 763 308 804 de
329 763 471 803 Mario
493 777 589 802 cum
613 761 794 801 fascibus
815 760 1008 802 laureatis
1031 776 1097 801 me
1125 761 1165 801 in
1188 775 1308 801 :suurn
1333 760 1483 802 deduci
1507 760 1686 816 jubente

172 815 241 876 67
256 819 608 860 monumentum?
644 817 843 857 Omnium
880 817 1155 867 somniorum,
1185 817 1356 873 Quinte,
1377 832 1460 857 una
1481 817 1588 857 ratio
1609 825 1688 857 est.

258 891 366 931 quae,
402 889 474 929 per
510 874 610 914 deos
644 873 927 914 immortales!
961 874 1187 924 videamus,
1222 888 1274 914 ne
1310 882 1453 914 nostra
1487 872 1688 927 supersti-

173 947 244 988 137
257 933 386 980 tione,
423 941 466 971 et
495 930 790 985 depravatione
821 940 1055 985 superetur.
1115 933 1255 987 Quem
1283 930 1392 970 enim
1423 940 1469 970 tu
1501 928 1689 969 Marium

255 988 389 1028 visum
423 1002 447 1028 a
475 1001 543 1027 me
571 988 726 1041 putas?
761 988 968 1041 Speciem,
1000 987 1141 1037 credo,
1172 987 1276 1042 ejuS,
1307 995 1350 1026 et
1378 986 1622 1041 imaginem,
1642 993 1692 1025 ut

255 1045 508 1086 Democrito
542 1043 716 1084 videtur.
779 1043 903 1084 Unde
931 1044 1161 1098 profectam
1191 1043 1450 1098 imaginem?
1484 1057 1509 1083 a
1540 1054 1692 1096 corpo-

256 1101 372 1142 ribus
405 1100 516 1140 enim
551 1098 709 1150 solidis,
741 1110 783 1140 et
814 1115 838 1140 a
870 1100 991 1141 certis
1027 1100 1170 1155 figuris
1197 1100 1284 1141 vult
1314 1099 1441 1139 fluere
1472 1098 1694 1153 imagines.

258 1156 373 1214 quod
405 1157 537 1212 igitur
565 1156 693 1196 Marii
719 1170 870 1211 corpus
898 1158 1018 1198 erat?
1051 1159 1115 1197 Ex
1145 1171 1211 1207 eo,
1232 1156 1382 1210 inquit,
1403 1154 1518 1210 quod
1541 1156 1692 1195 fuerat.

258 1214 384 1270 plena
412 1222 509 1254 sunt
536 1213 769 1267 imaginum
801 1213 956 1253 omnia.
978 1214 1057 1253 ista
1077 1213 1207 1268 igitur
1238 1226 1305 1252 me
1337 1212 1481 1266 imago
1504 1210 1632 1251 Marii
1651 1210 1694 1250 in

260 1284 460 1325 campum
489 1270 704 1310 Atinatem
737 1270 1080 1325 persequebatur.
1112 1269 1226 1310 nulla
1251 1269 1362 1309 enim
1392 1267 1550 1323 species
1575 1266 1695 1322 cogi-

177 1327 340 1374 138tari
375 1335 530 1382 potest,
564 1325 638 1366 nisi
681 1326 806 1380 pulsu
839 1326 1087 1381 imaginum.
1146 1325 1261 1383 Quid
1293 1326 1427 1380 ergo?
1462 1325 1551 1365 istae
1590 1323 1697 1363 ima-

133 1399 163 1430 p.
180 1395 250 1423 137-
263 1385 382 1440 gines
403 1384 460 1424 ita
485 1382 606 1423 nobis
633 1382 748 1423 dicto
772 1382 987 1423 audientes
1016 1393 1127 1434 sunt,
1146 1392 1194 1423 ut
1215 1382 1338 1422 simul
1361 1390 1487 1437 atque
1507 1379 1698 1430 velimus,

226 1440 514 1482 aaccurrant?
547 1439 727 1480 etiamne
762 1453 902 1481 earum
944 1455 1098 1491 rerum,
1138 1455 1232 1495 quae
1274 1438 1399 1479 nullae
1442 1438 1568 1478 sunt?
1602 1451 1698 1492 quae

264 1510 329 1538 est
357 1497 468 1537 enim
500 1504 538 1528 32
556 1496 693 1536 forma
719 1505 802 1537 tam
834 1496 1053 1547 invisitata,
1086 1506 1172 1537 tam
1202 1495 1330 1545 nulla,
1352 1509 1478 1550 quam
1509 1508 1592 1534 non
1620 1492 1700 1533 sibi

263 1555 354 1610 ipse
385 1554 547 1593 animus
578 1554 711 1607 possit
740 1552 966 1608 effingere?
1001 1563 1061 1603 ut,
1102 1568 1196 1609 quae
1235 1565 1465 1607 numquam
1505 1550 1699 1599 vidimus,

264 1626 314 1651 ea
344 1620 484 1651 tamen
516 1609 740 1650 informata
771 1610 1013 1659 habeamus,
1044 1609 1298 1664 oppidorum
1329 1608 1447 1656 situs,
1478 1606 1698 1647 hominum

182 1675 254 1715 139
268 1668 435 1722 figuras.
494 1667 613 1706 Num
645 1666 788 1720 igitur,
819 1681 914 1706 cum
947 1675 1019 1706 aut
1048 1681 1192 1706 muros
1222 1663 1468 1720 Babyloni5‚
1504 1672 1577 1703 aut
1605 1663 1702 1703 Ho-

266 1724 371 1764 meri
391 1720 539 1763 faciem
563 1722 722 1777 cogitO,
744 1724 886 1777 imago
923 1722 1088 1762 illorum
1118 1736 1185 1762 me
1205 1722 1345 1775 aliqua
1365 1719 1511 1775 pellit?
1546 1718 1703 1760 Omnia.

266 1780 412 1835 igitur,
432 1794 525 1835 quae
553 1779 761 1828 volumus,
780 1790 880 1820 nota
908 1779 1026 1819 nobis
1047 1793 1136 1818 esse
1156 1786 1345 1832 possunt.
1369 1775 1471 1817 nihil
1491 1784 1554 1816 est
1575 1774 1702 1825 enirn,

267 1837 321 1877 de
345 1851 429 1891 quo
450 1835 639 1890 cogitare
661 1850 931 1890 nequeamus.
981 1835 1123 1875 Nullae
1145 1849 1247 1889 ergo
1268 1833 1471 1887 imagines
1493 1832 1704 1887 obrepunt

268 1893 311 1935 in
333 1893 494 1933 animos
515 1891 814 1932 dormientium
836 1892 1106 1942 extrinsecus,
1129 1905 1203 1931 nee
1232 1890 1403 1931 omnino
1432 1889 1568 1929 fluunt
1587 1888 1670 1928 illae
1691 1904 1702 1929 ε

270 1964 349 1990 nec
369 1948 547 2003 cognovi
568 1963 839 2003 quemquam,
862 1948 934 2004 qui
954 1950 1111 2003 majore
1141 1946 1389 1988 auctoritate
1409 1944 1513 1986 nihil
1531 1944 1704 1986 diceret.

270 2005 528 2048 Animorum
559 2013 622 2045 est
653 2019 701 2044 ea
731 2005 803 2055 vis,
834 2019 964 2060 eaque
996 2014 1156 2053 natura,
1186 2012 1234 2044 ut
1263 2003 1430 2058 vigeant
1469 2001 1704 2057 vigilantes,

272 2061 390 2104 nullo
406 2060 640 2102 adventicio
659 2060 797 2116 pulsu,
812 2061 884 2102 sed
901 2076 978 2102 suo
995 2071 1131 2109 motu,
1143 2059 1375 2101 incredibili
1390 2057 1572 2114 quadam
1594 2056 1705 2098 cele-

272 2119 409 2160 ritate.
469 2118 530 2158 Hi
560 2132 656 2158 cum
690 2118 946 2159 sustinentur
975 2117 1191 2168 membris,
1220 2126 1264 2158 et
1291 2129 1483 2170 corpore,
1504 2123 1549 2155 et
1577 2113 1707 2154 sensi-

272 2175 369 2226 bus,
400 2174 543 2215 omnia
574 2173 752 2215 certiora
776 2184 966 2225 cernunt,
987 2173 1192 2229 cogitant,
1215 2172 1412 2214 sentiunt.
1433 2185 1532 2212 cum
1562 2180 1706 2212 autem

274 2231 367 2273 haec
398 2230 612 2271 subtracta
642 2239 754 2282 sunt,
778 2231 1049 2286 desertusque
1079 2230 1243 2272 animus
1273 2229 1476 2284 languore
1505 2226 1707 2282 corporiS,

276 2297 369 2329 tum
400 2288 584 2342 agitatur
611 2288 699 2342 ipse
731 2302 805 2342 per
835 2302 937 2328 sese.
960 2288 1100 2343 itaque
1117 2287 1159 2328 in
1180 2301 1231 2327 eo
1251 2295 1295 2327 et
1311 2286 1458 2326 formae
1480 2291 1708 2333 versantur,

193 2358 268 2392 140
278 2351 321 2385 et
341 2344 527 2385 actiones
547 2361 555 2384 :
588 2353 630 2384 et
661 2344 796 2385 multa
815 2344 962 2395 audiri,
984 2359 1024 2384 m
1033 2344 1119 2385 ulta
1137 2343 1219 2384 dici
1239 2342 1441 2383 videntur.
1498 2341 1607 2380 Haec
1628 2338 1708 2379 sci-

277 2401 378 2442 licet
406 2408 444 2432 33
464 2400 506 2440 in
536 2400 765 2451 imbecillo,
785 2401 1041 2457 remissoque
1070 2401 1225 2450 animo,
1245 2398 1379 2440 multa
1399 2395 1594 2437 omnibus
1614 2410 1710 2436 mo-

278 2456 341 2497 dis
363 2457 552 2507 confusa,
572 2465 614 2497 et
646 2458 801 2498 variata
828 2466 1054 2507 versantur,
1075 2457 1340 2511 maximeque
1359 2451 1543 2508 reliquiae
1564 2466 1709 2493 earum

278 2527 416 2554 rerum
438 2523 659 2554 moventur
679 2513 720 2554 in
742 2514 903 2564 animis,
925 2522 968 2554 et
998 2513 1225 2568 agitantur,
1246 2511 1298 2551 de
1318 2509 1469 2565 quibus
1491 2508 1710 2564 vigilantes

279 2578 352 2610 aut
372 2569 663 2624 cogitavimus,
685 2580 759 2611 aut
787 2570 952 2625 egimus
972 2586 981 2610 :
1012 2578 1060 2610 ut
1079 2568 1184 2609 mihi
1213 2566 1475 2622 temporibus
1496 2564 1577 2606 illis
1597 2564 1710 2606 mul-

325 2711 361 2735 31
389 2704 449 2734 Sed
469 2704 530 2733 haec
552 2705 683 2743 externa]
708 2707 750 2735 At
771 2706 919 2744 quaedam
935 2715 975 2736 ex
1062 2712 1101 2736 32
1115 2705 1219 2746 firma
1243 2711 1302 2734 tam
1324 2700 1497 2742 invisitata]
1520 2702 1571 2732 Sic
1591 2701 1622 2732 in
1646 2701 1712 2734 MS.

281 2748 317 2778 iis
333 2755 409 2779 sunt
425 2748 580 2779 Romana.
592 2748 696 2787 itaque
713 2756 767 2779 aut
782 2750 886 2779 addita
900 2756 976 2779 sunt
1019 2749 1083 2780 Pal.
1102 2750 1211 2788 reperit
1229 2748 1393 2783 Gruterus,
1410 2756 1464 2786 pro
1478 2745 1607 2785 vulgato
1623 2744 1714 2774 inusi-

282 2791 322 2820 ab
351 2790 581 2830 interpolatore,
611 2798 665 2821 aut
693 2791 771 2822 illud
797 2792 976 2831 intelligen-
1020 2798 1105 2821 tata:
1131 2791 1208 2821 illud
1225 2791 1258 2821 h.
1276 2791 1297 2820 1.
1315 2790 1427 2829 aptius.

282 2835 361 2863 dum
378 2834 415 2863 de
432 2834 599 2875 plerisque,
624 2841 660 2865 ut
681 2835 705 2864 si
722 2842 813 2873 esset,
831 2837 900 2865 haec
916 2836 978 2866 fere
1063 2841 1102 2865 83
1143 2834 1170 2863 in
1184 2833 1324 2863 imbecillo
1340 2843 1364 2862 r.
1388 2829 1495 2869 animo]
1515 2830 1627 2862 Addidi
1648 2829 1678 2859 in
1693 2838 1710 2866 e

283 2883 422 2909 externa.
1021 2877 1100 2910 Mss.
1117 2877 1200 2918 apud
1216 2877 1323 2908 Davis.
1341 2882 1372 2908 et
1387 2874 1491 2906 Guelf.
