1778 3095
621 77 797 118 LIBER
823 76 1103 115 TERTIUS.
1495 75 1569 111 ³11

143 197 181 226 47
199 190 272 231 sed
292 198 449 232 ceteras
469 188 569 230 alias
589 204 599 229 ε
630 200 742 227 nunc
762 182 1058 241 aegritudinem
1077 181 1112 223 si
1131 195 1373 236 possumUS,
1390 180 1577 236 depella-

144 261 255 288 mus.
286 256 325 279 48
343 247 386 288 id
415 245 526 287 enim
557 243 611 284 sit
639 242 937 298 propositum:
967 237 1312 296 quandoquidem
1335 251 1426 277 eam
1449 246 1497 278 tu
1517 238 1576 288 vi-

145 303 233 344 deri
264 304 342 344 tibi
372 303 414 343 in
445 301 673 356 sapientem
705 298 854 340 cadere
884 296 1039 339 dixisti.
1067 294 1184 351 quod
1203 308 1285 349 ego
1307 293 1423 334 nullo
1444 293 1575 334 modo

144 360 361 401 existimo:
391 367 514 399 taetra
531 357 644 398 enim
663 370 727 397 res
756 363 835 406 est,
854 354 1021 401 misera,
1042 351 1316 400 detestabilis,
1337 349 1453 391 omni
1472 363 1575 389 con-

144 417 348 466 tentione,
382 415 496 465 velis,
534 422 582 454 ut
617 412 677 454 ita
714 412 868 462 dicam,
904 411 1114 465 remisque
1152 406 1368 463 fugienda.
1427 404 1576 462 Qualis
1594 403 1656 449 12

143 473 256 514 enim
274 471 350 513 tibi
369 471 440 512 ille
461 470 623 512 videtur
642 478 682 504 49
697 468 876 510 Tantalo
897 474 1147 523 prognatus,
1167 465 1320 520 Pelope
1346 470 1482 513 natuS,
1504 462 1576 517 qui
1589 471 1640 507 26

144 528 356 584 quondam
385 543 411 569 a
439 541 585 569 socero
606 527 826 568 Oenomao
855 539 956 580 rege
986 521 1322 578 Hippodamiam
1352 527 1475 575 raptu
1500 532 1574 559 na·
1585 533 1615 563 p.
1635 528 1693 557 196

143 594 237 626 ctus
259 584 444 640 nuptiis?
476 584 591 626 Jovis
621 584 700 624 iste
729 582 902 639 quidem
930 593 1154 637 pronepos,
1174 587 1317 620 tamne
1337 591 1440 632 ergo
1460 574 1577 632 abje-
1588 576 1618 596 a·

143 649 251 692 ctus,
272 649 445 697 tamque
465 641 621 683 fractus
640 642 653 681 Ρ

251 732 367 770 Nolite
390 730 549 782 (inquit)
572 730 709 781 hospites
732 736 771 760 ⁵0
783 727 832 765 ad
848 741 897 764 me
914 727 1010 765 adire
1029 726 1116 764 illico
1134 726 1232 771 istic3

252 793 288 816 ⁵1
308 787 362 823 Ne
380 785 532 835 contagio
552 797 623 821 mea
643 783 745 827 bonis,
765 781 931 818 umbrave
948 781 1054 818 obsit:

254 841 369 878 Tanta
388 840 446 876 vis
464 839 591 875 sceleris
609 837 644 874 in
664 847 791 887 corpore
809 834 927 872 haeret.

142 926 211 967 Tu
229 935 287 976 te,
306 925 508 981 Thyesta,
533 921 767 971 damnabis,
790 920 1044 975 orbabisque
1071 918 1166 960 luce
1196 925 1368 974 propter
1387 916 1470 957 vim
1492 929 1583 956 sce-

142 982 239 1023 leris
261 983 408 1023 alieni?
432 980 574 1037 Quid?
601 979 723 1020 ‚illum
745 977 877 1019 filium
897 977 1007 1019 Solis
1028 990 1166 1017 nonne
1189 975 1317 1032 patris
1339 973 1469 1029 ipsius
1491 973 1584 1014 luce

137 1039 367 1096 ¹indignum
388 1039 540 1094 putas?

254 1126 423 1176 Rqfizgfre
439 1126 525 1163 oculi
539 1142 550 1162 .·
580 1136 694 1176 corpus
713 1123 817 1161 macic
832 1122 987 1160 extabuit
1002 1139 1014 1159 .-

254 1181 435 1229 Lacrymae
446 1179 598 1230 peredere
616 1180 747 1216 humore
766 1177 950 1226 exsanguis
964 1189 1072 1227 genas
1091 1192 1103 1212 .-

253 1240 292 1264 52
311 1234 388 1271 Sztu
409 1233 532 1270 nidoris
548 1232 657 1270 barba
672 1231 804 1283 paedore
823 1230 972 1274 horrida,

252 1289 367 1338 Atque
384 1287 515 1324 intonsa
534 1287 683 1335 irgfuscat
697 1294 813 1336 pectus
832 1284 953 1321 illuvie
970 1282 1140 1320 scabrum.

148 1371 257 1412 Haec
288 1369 414 1419 mala,
434 1383 460 1409 o
491 1367 739 1409 stultissime
759 1366 901 1416 AEeta,
923 1365 1013 1420 ipse
1044 1364 1124 1405 tibi
1154 1362 1369 1405 addidisti.
1392 1377 1477 1403 non
1498 1362 1585 1404 ine-

146 1437 241 1468 rant
262 1427 304 1467 in
325 1426 404 1476 his,
427 1440 521 1480 quae
552 1424 625 1465 tibi
657 1438 778 1464 casus
810 1423 1052 1472 invexerat3
1084 1429 1126 1461 et
1156 1420 1326 1476 quidem
1357 1420 1588 1461 inveterato

146 1483 275 1533 malo,
297 1497 394 1523 cum
426 1490 570 1522 tumor
601 1480 730 1521 animi
760 1479 997 1520 resedisset.
1031 1485 1068 1509 ⁵²³
1089 1479 1171 1532 [est
1196 1486 1337 1517 autem
1362 1477 1588 1532 aegritudo,

145 1549 195 1580 ut
230 1539 409 1589 docebo,
445 1539 486 1578 in
522 1537 720 1592 opinione
751 1535 852 1576 mali
882 1534 1076 1589 recentis]
1113 1533 1186 1574 sed
1217 1547 1366 1573 maeres
1396 1533 1589 1575 videlicet

145 1595 268 1651 regni
302 1594 527 1644 desiderio,
558 1609 642 1635 non
678 1592 787 1634 filiae.
817 1591 932 1632 illam
968 1591 1080 1631 enim
1111 1590 1275 1640 oderas,
1306 1599 1349 1630 et
1372 1589 1470 1645 jure
1500 1592 1588 1630 for-

145 1662 270 1694 tasse.
304 1666 436 1707 regno
467 1666 552 1692 non
585 1665 707 1706 aequo
727 1649 869 1690 animo
890 1648 1077 1689 carebas.
1108 1657 1172 1688 est
1192 1657 1336 1688 autem
1364 1647 1588 1702 impudens

145 1709 286 1750 luctus
307 1723 486 1750 maerore
502 1722 544 1748 se
564 1706 836 1756 conficientis,
856 1705 972 1761 quod
1002 1707 1206 1760 imperare
1227 1718 1310 1744 non
1332 1703 1456 1744 liceat
1481 1703 1586 1744 libe-

147 1766 216 1807 ris.
275 1765 511 1821 Dionysius
542 1764 715 1820 quidem
749 1773 966 1818 tyrannus,
1001 1761 1220 1818 Syracusis
1251 1760 1464 1816 expulsus,
1501 1760 1588 1801 Co-
1602 1772 1651 1813 27

147 1822 275 1863 rinthi
298 1836 450 1878 pueros
481 1821 674 1862 docebat.
706 1834 840 1874 usque
860 1834 910 1859 eo
933 1818 1110 1874 imperio
1133 1832 1275 1859 carere
1302 1832 1386 1858 non
1408 1827 1589 1872 poterat.

147 1879 378 1935 Tarquinio
409 1893 505 1919 vero
536 1877 637 1933 quid
669 1875 973 1932 impudentiuS,
1004 1875 1077 1930 qui
1106 1875 1267 1916 bellum
1298 1885 1466 1930 gereret
1490 1889 1589 1916 cum

147 1936 211 1987 iis,
233 1936 306 1992 qui
325 1936 415 1991 ejus
437 1949 520 1975 non
541 1934 725 1975 tulerant
755 1933 991 1988 superbiam
1014 1934 1026 1973 ?
1060 1933 1110 1983 is,
1131 1947 1230 1973 cum
1256 1932 1418 1972 restitui
1449 1932 1490 1972 in
1522 1946 1590 1972 re-

147 2006 282 2048 gnum
304 2006 380 2033 nec
400 1991 660 2041 Veientium,
682 1999 721 2022 54
739 2003 815 2030 nec
836 1990 1086 2030 Latinorum
1107 1989 1233 2030 armis
1255 1989 1477 2044 potuisset,
1498 1988 1589 2029 Cu-

147 2063 237 2089 mas
257 2063 300 2090 se
319 2048 551 2089 contulisse
579 2047 746 2097 dicitur,
765 2047 892 2102 inque
922 2060 972 2086 ea
998 2046 1103 2086 urbe
1123 2047 1253 2096 senio,
1274 2054 1318 2086 et
1337 2045 1589 2100 aegritudine

147 2120 238 2146 esse
259 2106 493 2146 confectus.
540 2105 638 2145 Hoc
661 2114 707 2144 tu
726 2104 858 2159 igitur
877 2117 1022 2143 censes
1042 2103 1220 2158 sapienti
1238 2102 1427 2142 accidere
1448 2117 1586 2158 posse,
1607 2104 1670 2152 13

148 2172 195 2203 ut
224 2161 475 2218 aegritudine
496 2161 774 2216 opprimatur,
796 2159 839 2199 id
869 2169 946 2210 est,
975 2159 1173 2200 miseria?
1207 2173 1304 2199 nam
1325 2174 1424 2199 cum
1450 2160 1588 2200 omnis

145 2218 423 2275 perturbatio,
445 2218 613 2259 miseria
631 2226 709 2268 est,
731 2226 822 2258 tum
843 2215 1082 2257 carnificina
1102 2224 1180 2266 est,
1203 2215 1437 2271 aegritud03
1462 2216 1591 2257 habet

890 2352 930 2372 ne
953 2343 1112 2375 damnum
1136 2348 1293 2380 caperent.
1318 2351 1376 2379 ego
1394 2349 1527 2380 putem:
1552 2341 1594 2371 ad

890 2396 934 2415 me
949 2385 1040 2415 adire.
1057 2384 1135 2413 illico
1152 2384 1248 2420 istinc,
1264 2394 1308 2414 sc.
1326 2385 1419 2414 abite.

191 2350 229 2379 47
262 2345 312 2374 sed
338 2342 462 2384 ceteras]
490 2345 552 2374 Int.
583 2343 845 2383 perturbationes.

148 2387 200 2417 Sic
216 2388 285 2420 edd.
301 2394 376 2418 vett.
394 2394 462 2427 post
478 2388 599 2417 editum
614 2394 661 2417 est
677 2392 780 2415 cetera.

190 2437 229 2460 48
259 2430 291 2460 id
314 2431 389 2460 enim
416 2430 455 2459 sir
479 2428 669 2470 propositum]
699 2429 847 2459 Davisius

145 2473 281 2503 correxit
296 2474 376 2513 fuit.
420 2474 480 2503 Sed
511 2480 542 2503 et
566 2473 736 2512 vulgatum
765 2472 848 2502 bene

147 2515 254 2545 habet.

189 2566 229 2591 49
242 2557 362 2587 Tantalo
367 2557 693 2598 prognatus—nuptiis]
708 2558 788 2588 Haec
799 2558 846 2587 vi-

146 2601 288 2631 denture
305 2603 398 2640 poeta
418 2608 536 2632 sumta.
557 2602 743 2640 intelligitur
755 2601 846 2640 Thy-

145 2650 238 2675 estes.

192 2694 231 2718 50
243 2686 283 2716 ad
296 2698 339 2716 me
355 2686 437 2715 adire
448 2686 526 2716 illico
541 2684 621 2725 istic]
639 2686 845 2717 Guilielmius

147 2730 255 2766 sensit,
270 2731 324 2760 hic
346 2739 412 2759 esse
433 2729 551 2768 aliquid
565 2730 632 2759 vitii
647 2737 679 2759 et
693 2730 846 2769 corrigere

148 2773 279 2801 tentavit
293 2772 370 2802 illico
393 2772 496 2802 sistite.
520 2782 636 2812 nempe
659 2773 783 2803 clarum
800 2780 846 2803 est

148 2814 284 2845 voluisse
306 2816 481 2855 Thyestem
507 2823 560 2846 eos
587 2824 605 2846 a
626 2825 660 2846 se
684 2824 844 2854 amovere,

936 2435 970 2458 51
993 2428 1030 2456 N.
1049 2438 1073 2457 c.
1090 2438 1153 2456 mea
1177 2426 1265 2465 bonis]
1287 2428 1306 2456 i.
1324 2437 1351 2456 e.
1369 2428 1454 2463 viris,
1478 2427 1589 2466 quales

889 2481 945 2502 vos
962 2471 1045 2501 estis.

934 2521 971 2545 52
989 2514 1058 2544 Situ
1073 2512 1193 2551 nidoris]
1214 2513 1374 2543 Bentleius
1399 2514 1524 2551 corrigit
1541 2513 1589 2542 Ti-

890 2557 980 2586 tinnit
995 2556 1086 2591 auris,
1105 2557 1156 2585 alii
1181 2556 1280 2586 ahter.
1305 2567 1370 2586 non
1386 2565 1432 2586 est
1445 2558 1538 2592 tanti,
1556 2558 1588 2586 in

888 2600 1005 2630 talibus
1018 2610 1050 2630 se
1062 2607 1217 2638 torquere.

935 2650 972 2674 53
990 2650 1031 2672 est
1053 2649 1148 2671 autem
1168 2639 1490 2682 <egritudo—recentis]
1510 2641 1590 2671 Haec

889 2687 957 2716 sine
972 2686 1071 2716 dubio
1086 2686 1216 2715 insititia
1231 2692 1318 2720 sunt,
1335 2691 1365 2714 et
1380 2679 1423 2715 ex‘
1435 2685 1496 2714 alio
1518 2684 1590 2714 loco

890 2730 956 2759 huc
971 2736 1089 2758 temere
1106 2736 1137 2758 et
1152 2738 1227 2759 casu
1244 2728 1404 2758 translata.

934 2780 973 2804 54
989 2782 1040 2802 nec
1054 2771 1242 2812 Latinorum]
1260 2771 1311 2801 Sc.
1332 2769 1525 2802 Clusinorum.

905 2867 985 2907 x4
