1732 3105
348 201 425 253 M.
465 201 749 254 TULLII
788 200 1221 254 CICERONIS

187 362 737 425 ACADEMICAE
785 361 1383 425 QUAESTIONES.

442 655 665 698 CICERO
694 655 969 698 VARRONI
1002 657 1045 697 S.
1062 656 1121 698 D.

61 740 218 812 ETSI
237 783 391 811 munus
411 769 615 825 flagitare,
634 768 823 824 quamvis
844 769 938 825 quis
968 768 1212 819 ostenderit,
1233 783 1285 810 ne
1313 769 1497 825 populus

61 827 232 883 quidem
252 826 372 877 solet,
394 826 472 867 nisi
492 826 756 867 concitatus:
789 834 929 867 tamen
950 840 1033 882 ego
1053 826 1366 890 exspectatione
1397 841 1497 882 pro-

62 884 178 925 missi
196 883 258 925 tui
278 897 463 934 moveor,
484 890 533 923 ut
555 882 808 923 admoneam
829 893 885 934 te,
906 898 991 924 non
1011 891 1059 924 ut
1079 883 1280 938 flagitem.
1302 883 1398 924 misi
1419 898 1496 924 au-

60 948 145 981 tem
166 940 220 982 ad
239 949 281 981 te
300 948 482 995 quatuor
500 939 785 980 admonitores
817 954 902 980 non
936 939 1059 980 nimis
1084 938 1353 981 verecundos.
1384 941 1496 982 nosti

59 998 171 1038 enim
199 996 391 1061 profecto
422 1010 470 1036 os
499 995 842 1037 adolescentioris
874 996 1134 1038 Academiae.
1193 997 1258 1036 Ex
1286 1010 1335 1036 ea
1365 996 1496 1052 igitur

58 1053 198 1094 media
215 1053 418 1094 excitatos
442 1053 563 1095 misi.
595 1053 682 1109 qui,
703 1062 865 1104 metuo,
886 1067 937 1093 ne
967 1062 1009 1094 te
1037 1053 1147 1094 forte
1176 1053 1382 1116 flagitent.
1412 1066 1495 1107 ego

58 1118 200 1151 autem
219 1109 426 1159 mandavi,
445 1118 493 1150 ut
512 1117 723 1165 rogarent.
781 1110 1092 1174 Exspectabam
1113 1109 1288 1150 omnino
1311 1108 1494 1164 jamdiu,

57 1180 210 1222 meque
230 1166 502 1230 sustinebam,
524 1180 574 1207 ne
594 1165 647 1207 ad
667 1175 709 1206 te
727 1166 843 1220 prius
873 1167 961 1221 ipse
984 1165 1085 1222 quid
1105 1166 1345 1216 scriberem,
1365 1180 1494 1220 quam

56 1222 216 1278 aliquid
237 1223 505 1277 accepissem,
525 1232 574 1263 ut
592 1236 759 1277 possem
779 1231 821 1263 te
838 1223 1091 1263 remunerari
1120 1236 1246 1278 quam
1277 1222 1494 1264 simillimo

57 1293 245 1320 munere.
305 1278 389 1318 Sed
419 1293 518 1318 cum
548 1286 596 1318 tu
625 1277 784 1319 tardius
814 1278 986 1330 faceres,
1005 1278 1048 1320 id
1075 1288 1152 1330 est,
1177 1287 1225 1319 ut
1256 1292 1337 1333 ego
1364 1278 1494 1320 inter·

57 1343 216 1390 pretor,
250 1333 508 1388 diligentius,
545 1334 676 1374 teneri
717 1348 800 1373 non
838 1335 973 1388 potui,
1010 1335 1112 1390 quin
1149 1334 1493 1390 conjunctionem

55 1390 308 1440 studiorum,
326 1390 566 1452 amorisque
587 1390 733 1440 nostri,
754 1403 839 1444 quo
859 1404 1026 1453 possem
1060 1390 1295 1431 litterarum
1323 1404 1493 1445 genere,

54 1446 324 1487 declararem.
374 1444 471 1485 Feci
488 1445 619 1500 igitur
638 1459 874 1485 sermonem
895 1445 1004 1487 inter
1023 1460 1099 1486 nos
1123 1445 1348 1487 habitum'
1338 1462 1379 1486 m
1402 1447 1494 1488 Cu-

54 1517 198 1552 mano,
229 1516 326 1542 cum
364 1509 473 1541 esset
506 1516 592 1541 una
624 1501 896 1555 Pomponius.
929 1502 1007 1543 tibi
1039 1501 1136 1542 dedi
1166 1510 1304 1556 partes
1337 1502 1493 1544 Antio-

53 1558 212 1610 chinas,
247 1572 355 1613 quas
387 1572 412 1598 a
443 1565 485 1598 te
521 1557 690 1612 probari
723 1558 975 1599 intellexisse
1009 1557 1113 1598 mihi
1150 1558 1347 1598 videbar:
1387 1560 1494 1601 mihi

53 1615 184 1656 sumsi
215 1611 415 1655 Philonis.
477 1615 584 1654 Puto
616 1614 720 1665 fore,
742 1622 803 1664 ut,
832 1629 931 1655 cum
960 1614 1127 1669 legeris,
1159 1614 1312 1655 mirere
1342 1614 1385 1655 id
1415 1630 1492 1657 nos

51 1672 217 1713 locutos
237 1685 326 1712 esse
345 1671 455 1711 inter
475 1685 568 1721 nOS,
588 1670 704 1725 quod
724 1685 954 1726 numquam
974 1671 1107 1712 locuti
1128 1685 1287 1711 sumus.
1318 1670 1392 1711 sed
1413 1686 1491 1713 no-

52 1728 106 1770 sti
135 1732 297 1769 morem
329 1726 614 1782 dialogorum.
677 1727 870 1768 Posthaec
902 1736 1060 1791 autem,
1087 1727 1145 1768 mi
1179 1728 1332 1779 Var1o,
1360 1742 1489 1783 quam

51 1784 245 1840 plurima,
266 1783 299 1824 si
320 1783 543 1834 videbitur,
563 1791 606 1824 et
625 1783 677 1823 de
698 1783 834 1834 nobis,
855 1792 897 1824 et
916 1785 1024 1825 inter
1044 1798 1142 1824 nos:
1175 1797 1268 1824 sero
1289 1783 1488 1826 fortasse:

51 1841 126 1882 sed
144 1840 408 1895 superiorum
429 1850 685 1895 temporum,
706 1840 875 1880 fortuna
893 1840 1150 1896 reipublicae,
1170 1854 1341 1880 causam
1363 1841 1489 1882 susti-

52 1906 172 1938 neatz
204 1897 296 1937 haec
315 1897 393 1951 ipsi
413 1905 610 1951 praestare
630 1896 846 1937 debemus.
877 1906 1003 1952 atque
1022 1896 1185 1936 utinam
1206 1896 1357 1952 quietis
1378 1905 1490 1937 tem-

51 1953 239 2017 poribus,
272 1961 400 2008 atque
433 1952 589 2007 aliquo,
622 1953 656 1992 si
691 1967 775 1993 non
814 1954 943 2003 bono,
974 1963 1018 1993 at
1047 1953 1195 1993 saltem
1229 1961 1345 1993 certo
1376 1961 1489 1995 statu

50 2009 243 2060 civitatis,
262 2009 354 2051 haec
375 2009 481 2050 inter
501 2023 576 2049 nos
596 2009 734 2050 studia
754 2023 944 2050 exercere
963 2009 1205 2064 possemus!
1229 2023 1486 2064 quamquam

51 2075 143 2108 tum
175 2066 346 2130 quidem
379 2065 442 2105 vel
470 2065 561 2105 aliae
597 2066 804 2121 quaepiam
838 2066 1033 2128 rationes,
1064 2065 1262 2106 honestas
1292 2066 1414 2106 nobis
1445 2076 1488 2108 et

51 2137 185 2173 curas,
205 2130 248 2163 et
266 2122 452 2163 actiones
472 2121 633 2162 darent
665 2136 775 2162 nunc
803 2132 946 2163 autem
967 2122 1076 2186 quid
1103 2131 1180 2171 est,
1202 2122 1290 2162 sine
1316 2121 1381 2162 his
1411 2137 1487 2163 cur

51 2180 181 2221 vivere
200 2178 402 2219 velimus?
436 2178 540 2218 mihi
560 2192 656 2219 vero
676 2192 773 2218 cum
805 2178 868 2219 his
900 2178 999 2234 ipsis
1029 2179 1121 2219 vix:
1154 2178 1218 2218 his
1248 2186 1388 2218 autem
1410 2179 1486 2220 de-

50 2235 209 2285 tractis,
233 2249 284 2275 ne
302 2235 369 2276 vix
397 2234 581 2290 quidem.
613 2234 685 2275 sed
715 2234 807 2274 haec
834 2249 992 2286 coram,
1018 2244 1062 2276 et
1090 2235 1257 2289 saepius.
1316 2235 1526 2290 Migra-b,

50 2291 223 2343 tionem,
243 2300 287 2333 et
305 2291 534 2333 emtionem
556 2291 732 2332 feliciter
751 2291 913 2333 evenire
933 2291 1043 2342 volo,
1064 2300 1270 2346 tuumque
1295 2290 1337 2332 in
1362 2305 1412 2332 ea
1441 2306 1484 2332 re

51 2348 271 2391 consilium
294 2348 442 2404 probo.
504 2347 618 2389 Cura
638 2357 686 2390 ut
702 2347 850 2389 valeas.
