1778 3095
526 209 709 247 LIBER
739 206 1076 245 SECUNDUS.
1434 203 1513 251 469

82 324 152 358 tur
168 318 396 374 aequaliter.
426 317 606 358 maxime
626 325 767 356 autem
791 329 968 370 corpora
988 313 1157 354 inter'se
1177 309 1327 366 juncta
1346 311 1513 365 perma-

83 383 196 424 nent,
231 390 328 416 cum
363 374 545 430 quodam
581 373 700 428 quasi
732 372 899 412 vinculo
932 369 1193 411 circumdato
1227 366 1510 421 colligantur:

84 431 200 486 quod
238 432 338 473 facit
377 447 426 471 ca
461 440 622 479 natura,
662 444 756 484 quae
803 443 876 483 per
915 440 1086 468 omnem
1125 422 1330 465 mundum
1373 424 1513 463 omnia

84 497 239 538 mente,
261 498 304 530 et
321 488 482 529 ratione
502 486 728 527 conficiens
758 485 961 534 funditur,
982 493 1025 523 et
1045 481 1099 522 ad
1118 480 1305 521 medium
1328 479 1450 534 rapit,
1471 490 1512 520 et

81 545 287 586 convertit
317 554 515 585 extrema.
576 542 790 585 Quocirca
824 542 858 582 si
893 539 1076 581 mundus
1107 538 1313 593 globosus
1344 546 1423 585 est,
1456 536 1601 579 0b116

81 614 259 656 eamque
279 615 445 641 causam
469 614 616 641 omnes
647 598 738 655 ejus
765 608 902 654 partes
933 596 1121 651 undique
1148 593 1390 649 aequabiles,
1410 592 1512 647 ipsae

80 671 156 712 per
186 672 244 708 se,
277 665 403 712 atque
432 657 540 697 inter
574 671 617 697 se
645 656 939 697 continentur:
970 651 1218 707 contingere
1248 650 1357 690 iden]
1391 658 1513 689 terrae

81 728 249 754 necesse
270 722 346 763 est,
366 710 429 764 ut,
451 713 648 754 omnibus
676 713 768 768 ejus
798 712 986 768 partibus
1017 709 1058 750 in
1089 708 1276 749 medium
1304 705 1513 761 vergenti-

79 769 174 820 bus,
200 770 258 823 (id
277 778 419 810 autem
440 770 641 820 medium,
661 769 853 810 infimum
885 769 926 808 in
956 766 1120 822 sphaera
1148 765 1227 816 est)
1250 762 1354 804 nihil
1383 763 1512 803 inter-

81 835 261 880 rumpat,
284 842 369 882 quo
400 827 644 868 labefactari
677 826 810 881 possit
836 834 952 866 tanta
980 822 1196 864 contentio
1227 819 1440 876 gravitatis
1470 829 1514 860 et

78 883 327 937 ponderum.
388 884 632 939 Eademque
659 884 821 924 ratione
851 896 980 931 mare,
1003 894 1099 921 cum
1123 892 1249 933 supra
1268 886 1420 917 terram
1444 875 1512 927 sit,

78 938 266 979 medium
289 949 431 981 tamen
462 950 582 981 terrae
613 941 756 980 locum
788 948 1002 994 expetens,
1020 935 1303 990 conglobatur
1327 932 1513 988 undique

78 996 354 1050 aequabiliter,
397 1012 533 1052 neque
579 995 787 1037 redundat
833 1008 1053 1050 umquam,
1093 1005 1229 1046 neque
1270 989 1512 1031 effunditur.

78 1052 195 1093 Huic
214 1062 353 1094 autem
377 1054 594 1095 continens
616 1057 701 1103 aer,
723 1060 760 1089 27
779 1052 912 1093 fertur
932 1050 1003 1091 ille
1024 1048 1195 1105 quidem
1226 1047 1391 1087 levitate
1412 1047 1512 1087 sub·
1529 1056 1600 1096 117

78 1108 182 1159 limi,
215 1110 286 1150 sed
319 1120 460 1151 tamen
492 1111 534 1151 in
567 1124 715 1150 omnes
746 1118 885 1164 partes
918 1122 961 1148 se
995 1106 1085 1162 ipse
1113 1103 1266 1145 fundit.
1297 1104 1440 1158 itaque
1470 1113 1514 1145 et

78 1165 182 1205 mari
212 1167 496 1217 continuatus,
514 1178 557 1208 et
580 1166 755 1223 junctus
775 1175 852 1216 est,
874 1175 916 1205 et
937 1172 1085 1204 natura
1105 1162 1237 1202 fertur
1256 1160 1309 1201 ad
1329 1160 1481 1201 eaelum
1502 1177 1511 1201 :

77 1221 197 1276 cujus
217 1224 436 1274 tenuitate,
462 1234 503 1264 et
533 1224 672 1264 calore
705 1230 977 1278 temperatus,
998 1219 1181 1269 vitalem,
1213 1226 1255 1258 et
1286 1216 1512 1257 salutarem

77 1279 272 1332 'spiritum
294 1282 455 1335 praebet
474 1280 770 1321 animantibus.
830 1280 971 1335 Quem
992 1277 1213 1331 complexa
1232 1288 1398 1315 summa
1416 1287 1512 1328 pars

48 1384 50 1386 Ι
74 1334 183 1385 caeli,
203 1344 242 1367 28
258 1352 350 1391 quae
384 1337 516 1378 aethra
545 1337 714 1387 dicitur,
734 1345 776 1377 et
797 1351 918 1376 suum
940 1334 1090 1375 retinet
1112 1332 1302 1373 ardorem
1324 1340 1511 1381 tenuem,

77 1399 119 1431 et
157 1392 272 1433 nulla
307 1394 560 1434 admistione
592 1404 867 1441 concretum3
899 1400 941 1432 et
973 1405 1070 1431 cum
1105 1389 1211 1430 aeris
1247 1387 1512 1428 extremitate

77 1447 365 1504 conjungitur.
428 1453 475 1490 ln
507 1450 662 1491 aethere
692 1460 835 1490 autem
865 1458 976 1489 astra
1007 1447 1253 1494 volvuntur3
1285 1459 1381 1499 quae
1404 1457 1447 1484 56
1468 1439 1594 1494 et46

77 1504 177 1545 nixu
210 1520 287 1546 suo
323 1507 580 1562 conglobata
617 1507 863 1547 continent:
895 1515 936 1545 et
973 1505 1109 1545 forma
1142 1503 1245 1557 ipsa,
1277 1501 1553 1556 figuraque,b.

75 1574 152 1601 sua
172 1572 389 1604 momenta
408 1572 657 1604 sustentant.
689 1572 787 1603 sunt
807 1562 918 1602 enim
939 1560 1142 1602 rotunda:
1176 1559 1328 1614 quibus
1350 1557 1511 1608 formis,

74 1625 123 1657 ut
154 1627 249 1658 ante
279 1619 432 1660 dixisse
462 1620 615 1671 videor,
643 1620 816 1660 minime
848 1619 988 1659 noceri
1020 1624 1172 1672 potest.
1234 1615 1342 1655 Sunt
1370 1623 1601 1660 autemus

74 1673 209 1715 stellae
228 1683 375 1716 natura
391 1677 609 1717 fiammeae.
629 1676 828 1732 quocirca
848 1684 983 1724 terrae,
1000 1674 1140 1723 maris,
1158 1686 1362 1727 aquarum
1382 1685 1511 1726 vapo-

73 1729 188 1771 ribus
218 1731 386 1773 aluntur
416 1733 480 1783 iis,
501 1733 571 1788 qui
602 1748 626 1773 a
657 1733 746 1773 sole
778 1747 826 1772 ex
857 1732 969 1787 agris
999 1729 1232 1785 tepefactis,
1253 1737 1296 1768 et
1322 1742 1372 1767 ex
1393 1728 1512 1782 aquis

73 1787 338 1829 excitantur:
371 1790 523 1844 quibus
561 1789 672 1840 altae,
704 1797 997 1843 renovataeque
1031 1787 1176 1836 stellae,
1212 1795 1338 1840 atque
1374 1783 1513 1825 omnis

75 1843 221 1895 aether,
242 1846 471 1887 refundunt
491 1846 654 1897 eadem,
675 1856 718 1887 et
738 1860 903 1886 rursum
924 1844 1097 1886 trahunt
1118 1842 1317 1891 indidem,
1339 1840 1443 1881 nihil
1467 1850 1514 1880 ut

74 1900 161 1940 fere
181 1901 372 1953 intereat,
393 1912 467 1943 aut
487 1903 717 1943 admodum
748 1902 999 1957 paullulum,
1020 1900 1135 1956 quod
1157 1908 1365 1940 astrorum
1387 1897 1512 1952 ignis,

77 1965 120 1997 et
143 1957 308 1998 aetheris
329 1959 497 1998 flamma
518 1969 754 2000 consumat.
814 1960 875 1999 Ex
895 1973 980 2014 quo
1000 1967 1247 1998 eventurum
1275 1954 1407 1995 nostri
1432 1969 1511 2009 pu-

75 2021 165 2053 tant
191 2013 247 2064 id,
277 2013 329 2055 de
360 2030 445 2070 quo
480 2016 710 2056 Panaetium
734 2015 982 2056 addubitare
1002 2014 1212 2063 dicebant,
1233 2022 1281 2053 ut
1301 2011 1354 2052 ad
1375 2020 1512 2051 extre·

75 2084 194 2110 mum
231 2071 367 2112 omnis
401 2072 584 2112 mundus
618 2072 868 2127 ignesceret,
905 2086 1017 2121 cum,
1055 2070 1233 2110 humore
1271 2077 1512 2117 consumto,

75 2140 212 2181 neque
249 2137 359 2168 terra
392 2127 446 2168 ali
482 2138 639 2184 posset,
676 2143 812 2184 neque
848 2137 1051 2169 remearet
1084 2133 1180 2176 aei-3
1224 2125 1344 2182 cujus
1379 2133 1511 2174 ortUS,

73 2197 184 2237 aqua
204 2185 320 2224 omni
341 2184 556 2234 exhausta,
577 2199 666 2226 esse
695 2200 778 2226 non
800 2195 967 2240 posset:
999 2185 1057 2224 ita
1077 2182 1255 2237 relinqui
1279 2181 1381 2222 nihil
1402 2195 1513 2236 prae-

74 2247 139 2280 ter
159 2239 302 2295 ignem
321 2257 333 2291 3
364 2255 389 2281 a
408 2256 493 2296 quo
514 2257 676 2282 rursum
699 2242 924 2292 animante,
947 2256 993 2282 ac
1017 2241 1096 2281 deo
1128 2239 1340 2280 renovatio
1363 2236 1511 2278 mundi

75 2295 204 2347 fieret,
226 2305 353 2352 atque
379 2297 488 2338 idem
521 2309 692 2339 ornatus
724 2299 916 2339 oriretur.
976 2297 1093 2338 Nolo
1125 2296 1166 2336 in
1195 2295 1412 2336 stellarum
1444 2300 1599 2340 rai-119

74 2352 190 2393 tione
209 2355 368 2395 multus
399 2355 515 2395 vobis
536 2354 678 2406 videri,
698 2356 964 2409 maximeque
994 2368 1153 2402 earum,
1176 2367 1270 2407 quae
1292 2365 1426 2391 errare
1446 2349 1511 2389 di-

73 2418 240 2450 cuntur.
274 2426 451 2466 quarum
473 2421 614 2453 tantus
634 2420 697 2452 est
727 2421 957 2452 concentus
987 2425 1038 2451 ex
1068 2408 1357 2450 dissimillimis
1385 2406 1513 2447 moti-

75 2464 170 2516 bUS,
202 2476 263 2517 ut,
298 2482 396 2508 cum
430 2483 596 2509 summa
627 2469 794 2510 Saturni
825 2468 1072 2523 refrigeret3
1104 2465 1241 2507 media
1262 2464 1415 2505 Martis
1447 2463 1513 2503 in-

117 2610 154 2639 27
170 2604 274 2644 fertur
297 2604 346 2634 ille
368 2618 396 2647 q.
421 2605 544 2636 [evitata
570 2603 699 2642 sublim]
720 2604 771 2634 Sic

74 2657 187 2678 omnes
204 2648 273 2678 edd.
289 2658 366 2686 quas
388 2649 448 2679 vidi
466 2661 470 2676 e
497 2649 556 2678 nisi
573 2648 659 2687 quod
674 2648 771 2677 Davi-

76 2692 140 2722 sius
167 2700 183 2720 e
206 2700 270 2720 var.
299 2690 370 2720 lect.
396 2692 609 2729 quorumdam
634 2692 712 2720 Mss.
738 2691 770 2720 in

76 2734 218 2772 margine
235 2734 329 2763 edidit
351 2734 490 2765 sublimis.
513 2741 542 2764 et
564 2734 666 2773 potuit
686 2733 773 2763 litera

76 2776 191 2806 ultima
213 2777 370 2806 absorberi
392 2777 493 2815 prima
514 2778 672 2816 sequentis
686 2776 773 2806 verbi

77 2819 143 2848 sed:
175 2819 286 2858 putem
315 2826 422 2849 tamen
453 2819 622 2857 vulgatum
648 2820 772 2849 defendi

76 2871 178 2901 posse,
195 2863 220 2891 si
236 2873 302 2892 non
318 2863 471 2902 accipitur
492 2872 547 2900 pro
567 2863 705 2902 epitheto
729 2862 773 2891 le-

77 2905 193 2940 vitatis,
215 2906 300 2943 quod
323 2913 402 2935 esset
426 2906 583 2944 ineptum,
606 2907 662 2936 sed
683 2906 773 2935 abso-

77 2947 143 2978 lute
159 2957 215 2987 pro
230 2949 260 2978 in
275 2948 401 2979 sublimi.
425 2958 502 2980 nam
519 2955 551 2978 et
565 2946 638 2978 alibi
657 2947 774 2977 sublime

814 2604 941 2643 ponitur
957 2613 1012 2642 pro
1029 2603 1060 2633 in
1077 2602 1215 2632 sublime
1232 2601 1281 2631 vel
1299 2602 1330 2632 in
1347 2602 1489 2632 sublimi.

858 2653 897 2676 28
919 2657 985 2687 quae
1009 2646 1102 2674 aetlzra
1125 2645 1245 2683 dicitur]
1273 2645 1324 2675 Sic
1345 2645 1423 2675 RISS.
1442 2645 1512 2684 qui-

814 2690 888 2719 dam
907 2696 937 2719 et
959 2690 1028 2719 edd.
1046 2689 1169 2718 Bonon.
1187 2688 1319 2718 Mediol.
1335 2689 1466 2718 Ascens.
1483 2695 1513 2722 et

818 2733 889 2762 inde
906 2742 924 2761 a
938 2732 1077 2762 Victorio
1101 2732 1183 2767 aliae,
1201 2741 1255 2771 pro
1273 2741 1322 2767 eo,
1339 2733 1424 2770 quod
1441 2738 1513 2760 ante

816 2775 978 2812 edebatur,
1004 2775 1125 2811 athera,
1151 2781 1186 2804 ut
1211 2781 1257 2804 est
1282 2775 1312 2804 in
1341 2774 1419 2804 Mss.
1444 2775 1513 2811 qui-

816 2819 954 2848 busdam
983 2818 1032 2847 vel
1062 2817 1196 2846 (etherea.
1242 2817 1389 2846 Davisius
1419 2817 1514 2844 edidit

816 2861 929 2890 aether:
958 2868 988 2891 et
1013 2862 1058 2890 sic
1085 2860 1158 2889 alibi
1184 2860 1217 2889 in
1248 2861 1296 2890 his
1325 2859 1410 2888 libris
1440 2859 1515 2887 dicit

816 2903 926 2933 Cicero
949 2910 979 2933 et
999 2904 1106 2933 statim
1129 2909 1218 2941 post:
1243 2902 1272 2930 in
1287 2902 1392 2930 aethere
1406 2906 1501 2929 autem

816 2946 870 2975 sed
885 2947 927 2975 ita
943 2946 1067 2976 deberet
1088 2955 1165 2982 esse,
1184 2945 1234 2985 qui
1249 2944 1338 2974 aether
1354 2943 1471 2974 dii-stur.

809 2986 934 3041 Hh3
