1768 3095
570 72 751 111 LIBER
780 69 1118 109 SECUNDUS.
1495 72 1566 105 115

136 190 348 233 extenuat,
372 189 421 224 ut
446 181 513 222 Μ’
537 180 716 221 Curium
747 188 871 235 putes
903 177 1046 234 loqui:
1078 175 1290 217 interdum
1321 174 1380 215 ita
1409 174 1569 226 laudat,

137 248 201 290 ut,
236 239 336 296 quid
368 246 568 294 praeterea
598 237 651 277 sit
683 237 862 286 bonum,
895 244 1022 290 neget
1054 248 1098 274 se
1129 247 1252 288 posse
1283 245 1335 271 ne
1367 232 1568 286 suspicari

137 295 322 352 quidem.
354 309 448 350 quae
478 294 570 350 jam
602 293 751 341 oratio,
772 306 857 333 non
893 306 918 332 a
950 289 1209 346 philosopho
1241 287 1400 343 aquuO,
1436 288 1509 328 sed
1543 303 1568 328 a

137 366 308 392 censore
327 349 600 406 opprimenda
618 359 695 391 est.
718 364 800 390 non
823 358 887 389 est
914 348 1025 388 enim
1054 347 1201 387 vitium
1224 345 1266 385 in
1286 343 1475 384 oratione
1495 358 1565 384 so-

137 408 242 460 lum,
262 407 334 448 sed
354 407 480 448 etiam
502 406 542 447 in
564 407 766 447 moribus.
796 404 1006 446 luxuriam
1026 417 1112 444 non
1136 401 1416 458 reprehendit,
1435 399 1566 441 modo

139 465 192 506 sit
213 478 343 505 vacua
363 463 524 504 infinita
542 463 788 519 cupiditate,
811 471 854 503 et
873 461 1040 502 timore.
1100 460 1200 500 Hoc
1220 458 1316 499 loeo
1337 456 1623 512 discipulos31

138 533 320 576 quaerere
351 519 527 571 videtur,
561 529 622 571 ut,
657 519 729 575 qui
762 519 870 559 asoti
901 531 992 558 esse
1022 516 1164 567 velint,
1194 513 1440 571 philosophi
1470 520 1569 555 ante

137 577 248 618 fiant.

191 632 233 672 A
253 633 404 688 primo,
424 641 472 674 ut
492 632 657 687 opinor,
678 632 954 673 animantium
976 640 1072 672 ortu
1091 628 1249 685 petitur
1269 626 1391 682 origo
1413 626 1569 668 summi

136 688 252 730 boni.
311 689 448 730 Simul
480 699 605 744 atque
637 698 784 730 natum
813 687 967 729 animal
997 696 1073 738 est,
1092 685 1252 742 gaudet
1277 683 1506 738 voluptate,
1527 691 1570 724 et

136 759 229 786 eam
251 746 426 801 appetit,
447 755 494 787 ut
513 747 672 787 bonum
692 763 702 787 t
733 753 978 800 aspernatur
1006 743 1214 793 dolorem,
1234 749 1283 783 ut
1311 739 1486 781 malum.
1517 739 1570 781 de

137 801 258 843 malis
287 811 444 854 autem,
467 811 509 844 et
539 803 676 853 bonis,
698 802 751 843 ab
780 802 828 843 iis
857 801 1122 851 animalibus,
1142 814 1238 855 quae
1269 796 1461 839 nondum
1495 795 1569 837 de-

137 867 305 913 pravata
332 860 430 910 sint,
452 860 510 900 ait
539 860 699 915 optime
722 858 918 915 judicari.
977 859 1086 898 Haec
1106 865 1150 896 et
1168 864 1217 896 tu
1236 855 1296 896 ita
1313 854 1507 910 posuisti,
1528 862 1572 895 et

138 915 263 956 verba
293 925 430 957 vestra
462 926 573 958 sunt.
633 916 777 958 Quam
811 914 947 956 multa
979 913 1160 955 vitiosa?
1203 926 1420 953 summum
1456 911 1569 951 enim

136 971 314 1024 bonum,
344 983 388 1014 et
416 973 576 1014 malum
607 973 776 1028 vagiens
806 985 911 1027 puer
941 980 1036 1012 utra
1063 970 1279 1024 voluptate
1306 967 1571 1024 dijudicabit,

136 1037 288 1080 stante,
308 1043 362 1070 an
383 1039 579 1071 movente
596 1030 609 1070 ?
643 1029 859 1085 quoniam,
880 1029 914 1069 si
936 1027 1014 1069 diis
1033 1027 1185 1082 placet,
1205 1025 1259 1066 ab
1289 1025 1474 1080 Epicuro
1504 1023 1569 1065 lo-

138 1085 211 1141 qui
230 1085 444 1128 discimus.
478 1086 512 1127 si
531 1094 681 1137 stante,
704 1086 786 1126 hoc
806 1095 955 1126 natura
972 1084 1163 1125 videlicet
1181 1082 1286 1133 vult,
1304 1081 1460 1122 salvam
1480 1094 1572 1122 esse

138 1155 198 1192 se,
220 1142 333 1197 quod
354 1143 653 1184 concedimus:
687 1142 719 1183 si
741 1151 952 1192 movente,
971 1140 1089 1197 quod
1109 1150 1252 1181 tamen
1280 1138 1434 1190 dicitis,
1455 1137 1571 1178 nulla
1583 1149 1615 1181 b.

139 1199 274 1253 turpis
293 1199 485 1256 voluptas
506 1200 599 1249 erit,
617 1214 713 1254 quae
743 1197 1102 1254 praeterniittenda
1122 1196 1188 1237 sit.
1219 1203 1263 1236 et
1282 1195 1410 1236 simul
1431 1202 1466 1230 ⁵7
1487 1209 1572 1236 non

140 1255 418 1310 proficiscitur
435 1255 587 1296 animal
617 1255 724 1296 illud
754 1255 884 1296 modo
915 1263 1077 1304 natum,
1098 1268 1123 1294 a
1143 1266 1309 1293 summa
1328 1251 1572 1307 voluptate:

142 1325 236 1366 quae
256 1320 320 1353 est
340 1326 364 1352 a
382 1321 424 1353 te
445 1313 582 1367 posita
611 1312 653 1352 in
686 1326 770 1352 non
801 1310 1001 1352 dolendo.
1061 1311 1155 1351 Nec
1185 1318 1327 1350 tamen
1347 1322 1574 1364 argumen-
1586 1316 1635 1348 32

141 1376 233 1409 tum
253 1368 336 1409 hoc
358 1369 564 1424 Epicurus
585 1383 608 1408 a
627 1369 760 1424 parvis
780 1367 940 1423 petivit,
961 1375 1036 1407 aut
1064 1365 1191 1407 etiam
1223 1379 1247 1405 a
1275 1365 1420 1405 bestiis
1438 1381 1447 1405 :
1480 1379 1576 1419 quae

140 1431 262 1478 putat
291 1439 382 1466 esse
411 1425 583 1480 specula
615 1435 774 1465 naturae
794 1442 802 1465 :
835 1432 884 1465 ut
912 1423 1084 1474 diceret,
1104 1423 1158 1462 ab
1179 1421 1260 1472 his,
1281 1421 1390 1462 duce
1412 1430 1577 1472 natura,

139 1479 248 1521 hanc
268 1481 529 1536 voluptatem
551 1481 686 1535 expeti
708 1481 811 1521 nihil
842 1479 1028 1521 dolendi.
1062 1493 1197 1534 neque
1227 1478 1341 1518 enim
1370 1477 1463 1518 haec
1484 1492 1578 1518 mo-

139 1551 234 1578 vere
253 1546 394 1593 potest
412 1538 646 1593 appetitum
667 1537 795 1578 animi
815 1553 824 1577 :
856 1544 893 1569 ⁵8
911 1551 987 1577 nec
1018 1535 1153 1577 ullum
1174 1535 1303 1576 habet
1321 1534 1469 1585 ictum,
1491 1548 1577 1590 quo

139 1593 272 1650 pellat
290 1594 479 1635 animum
501 1604 634 1636 status
655 1593 724 1634 hic
745 1608 829 1634 non
849 1592 1035 1634 dolendi.
1065 1593 1208 1648 itaque
1238 1591 1280 1631 in
1312 1590 1393 1632 hoc
1424 1590 1575 1632 eodem

140 1661 289 1706 peccat
310 1650 616 1708 Hieronymus.
677 1659 716 1684 ⁵9
729 1651 792 1691 At
810 1649 879 1691 ille
898 1649 1031 1705 pellit,
1051 1649 1124 1705 qui
1150 1647 1385 1703 permulcet
1405 1662 1577 1688 sensum

140 1707 370 1763 voluptate.
400 1707 542 1764 itaque
561 1707 768 1763 Epicurus
788 1721 954 1762 semper
975 1706 1057 1747 hoc
1078 1706 1225 1755 utitur,
1247 1713 1295 1745 ut
1316 1704 1482 1760 probet,
1502 1718 1576 1744 vo-

139 1763 346 1819 luptatem
368 1774 517 1805 natura
535 1764 672 1820 expeti
689 1780 701 1815 3
735 1763 851 1820 quod
881 1778 930 1804 ea
958 1763 1165 1818 voluptas,
1189 1777 1283 1817 quae
1302 1761 1343 1801 in
1366 1770 1488 1802 motu
1509 1761 1577 1812 sit,

141 1830 186 1861 et
214 1834 362 1875 parvos
395 1821 450 1862 ad
480 1836 524 1862 se
555 1820 726 1872 alliciat,
746 1829 789 1861 et
817 1821 988 1870 bestias,
1008 1834 1093 1860 non
1124 1819 1196 1860 illa
1226 1818 1400 1868 stabilis,
1422 1818 1464 1858 in
1493 1832 1579 1873 qua

142 1884 308 1918 tantum
329 1877 438 1918 inest
457 1877 561 1918 nihil
582 1877 738 1918 dolere.
789 1883 828 1909 60
842 1877 929 1919 Qui
951 1877 1083 1932 igitur
1104 1875 1311 1925 convenit,
1331 1875 1384 1915 ab
1405 1874 1486 1915 alia
1504 1881 1636 1915 xro-33

141 1933 305 1988 luptate
336 1934 474 1975 dicere
506 1942 698 1975 naturam
732 1933 954 1989 proficisci,
983 1934 1022 1974 in
1055 1933 1136 1973 alia
1167 1946 1384 1973 summum
1412 1932 1575 1972 bonum

140 1991 326 2045 ponere?
373 1991 609 2032 Bestiarum
649 2005 747 2031 vero
784 1990 947 2031 nullum
980 1989 1192 2046 judicium
1229 1996 1348 2044 puto.
1387 1988 1577 2044 quamvis
1593 1988 1655 2033 11

141 2047 254 2088 enim
288 2046 523 2102 depravatae
555 2062 640 2087 non
671 2047 767 2097 sint,
802 2061 936 2102 pravae
969 2057 1123 2087 tamen.-
1140 2060 1232 2087 esse
1261 2053 1454 2100 possunt.
1514 2045 1578 2086 Ut

141 2103 342 2145 bacillum
379 2104 495 2145 aliud
533 2113 597 2144 est
634 2104 848 2153 inflexum,
886 2113 928 2144 et
966 2104 1228 2144 incurvatum
1269 2101 1320 2142 de
1357 2101 1579 2153 industria,

142 2160 257 2201 aliud
278 2161 336 2201 ita
355 2170 500 2202 natum
520 2178 530 2202 ς
562 2161 621 2201 sic
642 2161 822 2200 ferarum
847 2169 1007 2210 natura,
1028 2174 1111 2200 non
1134 2168 1197 2199 est
1217 2157 1290 2199 illa
1310 2158 1482 2214 quidem
1505 2158 1579 2198 de·

142 2226 312 2274 pravata
332 2218 442 2259 mala
463 2217 698 2273 disciplina,
721 2216 794 2257 sed
814 2225 964 2257 natura
984 2230 1070 2256 sua.
1092 2230 1167 2256 nec
1186 2229 1302 2265 vero,
1321 2224 1371 2255 ut
1389 2215 1582 2270 volupta-

188 2333 225 2363 57
246 2339 298 2357 non
315 2327 512 2368 proficiscitur
534 2327 708 2358 animal—a
731 2338 840 2357 summa
884 2326 1028 2366 voluptas
1045 2326 1141 2356 habet
1161 2326 1276 2362 ictum,
1292 2331 1328 2355 ut
1350 2333 1423 2355 ante
1446 2326 1581 2356 dictum.

144 2370 312 2411 voluptate]
334 2373 354 2401 i.
371 2381 437 2401 non
461 2371 498 2401 fit
524 2372 651 2401 initium
675 2371 839 2411 appetendi
886 2371 995 2409 Itaque
1034 2369 1208 2399 Lambinus
1246 2369 1419 2407 corrigebat
1455 2375 1487 2397 at
1516 2368 1584 2406 illa,

144 2420 200 2444 aut
222 2415 375 2444 sentiendi
400 2416 521 2444 summi
537 2415 613 2444 boni
636 2415 675 2444 ab
698 2423 735 2444 ea
751 2414 842 2444 volu·
886 2424 1118 2455 quae-sensum,
1148 2412 1293 2451 voluptas.
1318 2413 1338 2442 i.
1363 2422 1390 2441 e.
1418 2421 1490 2451 quae
1513 2422 1585 2442 sen-

144 2463 239 2496 ptate,
263 2467 360 2496 quam
384 2467 550 2487 summam
572 2458 687 2494 dicitis,
710 2458 729 2487 i.
746 2467 774 2486 e.
790 2466 843 2486 va-
887 2466 961 2486 sum
978 2456 1074 2485 afficit
1097 2457 1243 2485 suaviter.
1266 2455 1352 2494 quod
1374 2465 1449 2485 sane
1471 2454 1587 2494 placet.

144 2500 259 2530 euitate
274 2501 314 2529 ab
329 2502 419 2530 omni
435 2500 552 2531 dolore.
887 2499 938 2528 ille
953 2500 992 2528 ad
1007 2506 1114 2528 statum
1131 2499 1234 2528 referri
1248 2498 1318 2528 vult
1339 2498 1487 2528 Davisius
1502 2510 1508 2527 :
1533 2498 1587 2528 sed

192 2550 229 2574 58
246 2553 295 2572 nec
310 2542 402 2573 ullum
414 2543 498 2572 habet
511 2541 613 2581 ictum]
630 2541 721 2572 ullum
734 2549 845 2583 praeter
887 2552 934 2573 res
949 2543 1062 2572 eodem
1078 2542 1165 2571 redit.

146 2585 224 2616 Mss.
241 2595 259 2616 a
274 2587 355 2616 Dav.
373 2593 564 2617 memoratos
587 2586 706 2616 habent
728 2587 776 2617 ed.
798 2597 843 2626 pr.
932 2589 972 2615 60
1003 2584 1064 2614 Qui
1091 2585 1184 2623 igitur
1214 2581 1362 2623 convenit]
1395 2583 1446 2614 Sic
1476 2583 1586 2613 Cicero

147 2628 227 2659 Ven.
243 2629 332 2659 Med.
346 2630 418 2659 Ald.
435 2630 554 2660 Victor.
579 2630 690 2659 Lamb.
714 2631 774 2659 διε.
798 2639 845 2659 re-
887 2628 1009 2667 scripsit
1023 2629 1091 2657 sine
1107 2627 1216 2663 dubio,
1234 2637 1300 2656 non
1317 2625 1399 2667 quid,
1417 2634 1453 2657 ut
1468 2627 1589 2657 habent

147 2672 300 2701 centiores
325 2671 420 2709 illum,
449 2672 546 2709 male,
573 2673 613 2702 ab
637 2682 750 2710 errore,
778 2673 845 2712 opi·
888 2680 947 2701 scr.
963 2678 992 2700 et
1008 2672 1077 2701 edd.
1096 2680 1155 2700 nec
1177 2671 1265 2699 enim
1287 2669 1426 2700 latinum
1449 2676 1496 2699 est
1519 2668 1592 2710 quid

148 2723 218 2750 nor,
234 2721 340 2744 ortum
358 2725 539 2754 operarum.
889 2713 1020 2742 convenit
1037 2715 1099 2743 hoc
1114 2723 1210 2743 sensu
1227 2720 1257 2742 et
1275 2713 1430 2742 absolute.
1478 2713 1588 2750 Itaque

194 2764 232 2788 59
247 2757 291 2786 At
306 2757 356 2786 ille
366 2757 468 2797 pellit]
488 2759 550 2788 Int.
566 2758 661 2787 ictus.
693 2757 753 2787 Sed
769 2757 847 2786 huic
890 2766 954 2786 non
971 2757 1110 2786 dubitavi
1136 2757 1220 2785 hanc
1244 2756 1473 2786 correctionem
1495 2756 1589 2785 Lam-

149 2807 214 2828 non
235 2801 383 2831 convenit
403 2800 562 2840 permulcet
584 2799 747 2840 voluptate.
771 2809 848 2830 nam
890 2800 959 2829 bini
975 2808 1052 2830 cum
1069 2799 1197 2829 Davisio
1213 2800 1358 2837 recipere.

886 2853 950 2882 12
