1778 3095
233 152 313 192 390
586 149 842 187 TUSCUL.
873 148 1310 189 QUAESTIONUM

105 252 347 297 P·248-absit
375 254 641 298 moderatio?
674 273 723 298 ex
754 273 839 314 quo
868 258 1153 314 Sardanapali,
1184 266 1223 293 39
1237 256 1548 313 opulentissimi
1577 256 1664 298 As·

194 309 360 366 ²·syriae
380 312 506 368 regis,
523 327 637 355 error
654 315 913 370 agnoscitur,
934 316 1006 372 qui
1025 315 1152 357 incidi
1165 315 1295 371 jussit
1311 314 1355 355 in
1374 314 1516 364 busto,

341 404 430 441 Haec
446 404 560 450 habeo,
581 420 658 456 φατε
674 406 741 450 edi,
762 419 902 458 qttaeque
921 414 1121 443 exsaturata
1141 406 1241 443 libido

340 458 470 494 Hausit
485 474 497 495 .·
526 468 565 495 at
582 459 644 496 illa
651 459 770 507 jacent
790 460 908 503 multa,
929 469 960 496 et
976 459 1148 510 praeclara
1166 460 1294 497 relicta.

237 528 349 584 Quid
366 529 493 581 aliud,
511 531 648 586 inquit
667 531 932 584 Aristoteles,
946 532 988 572 in
1003 531 1122 583 bovis,
1146 541 1185 565 40
1200 548 1275 573 ηοη
1297 532 1338 573 in
1358 530 1466 588 regis
1485 529 1664 586 sepulcro

234 585 507 628 inscriberes?
538 589 646 628 Haec
678 588 831 629 habere
870 603 914 629 se
943 598 1156 629 mortuum
1187 589 1302 639 dicit,
1333 604 1426 644 quae
1463 602 1514 628 ne
1551 587 1665 627 vivus

148 650 221 683 102
234 643 404 697 quidem
426 643 582 684 diutius
602 644 800 693 habebat,
819 659 945 699 quam
976 645 1204 686 fruebatur.
1255 645 1343 686 Cur
1360 645 1490 700 igitur
1508 642 1662 684 divitiae

233 698 549 741 desiderentur?
583 711 658 740 aut
691 701 763 741 ubi
797 711 1019 755 paupertas
1056 710 1091 732 41
1111 702 1256 742 beatos
1287 716 1376 742 esse
1407 716 1491 742 non
1521 700 1659 740 sinat?

231 755 387 811 Signis,
408 757 547 805 credo,
569 757 736 807 tabulis,
758 753 937 797 wludis.
997 757 1042 797 Si
1069 758 1162 813 quis
1195 767 1273 807 est,
1303 759 1373 814 qui
1395 758 1458 798 his
1479 756 1664 797 delecte-

227 819 310 862 tur,
339 827 475 852 nonne
505 812 655 852 melius
686 824 833 854 tenues
864 813 1054 854 homines
1086 814 1295 864 fruuntur,
1325 829 1449 868 quam
1482 813 1555 863 illi,
1590 810 1663 868 qui

227 865 292 908 his
331 868 576 909 abundant?
609 878 672 909 est
707 870 816 911 enim
851 884 993 910 earum
1032 870 1223 911 omnium
1263 884 1401 911 rerum
1441 878 1584 910 nostra
1618 869 1662 909 in

226 924 331 964 urbe
350 939 515 964 summa
535 932 573 956 4²3
588 924 629 966 in
650 926 821 982 publico
850 927 984 981 eopia.
1045 936 1084 959 44
1099 929 1207 982 Quae
1228 927 1301 982 qui
1320 926 1467 982 privati
1488 925 1661 976 habent,

226 995 303 1021 nec
325 990 411 1021 tam
433 981 582 1032 multa,
617 992 659 1023 et
690 998 782 1024 raro
818 983 970 1033 vident,
1007 998 1103 1024 cum
1137 984 1178 1024 in
1214 998 1289 1023 sua
1318 997 1415 1023 rura
1443 989 1659 1023 venerunt.

224 1037 348 1078 Quos
377 1046 519 1078 tamen
540 1047 578 1070 45
593 1040 747 1095 pungit
782 1039 953 1095 aliquid,
983 1055 1095 1090 cum,
1126 1040 1198 1081 illa
1227 1039 1338 1080 unde
1368 1038 1564 1088 habeant,
1595 1051 1660 1078 re-

222 1092 463 1134 cordantur.
523 1102 562 1126 46
577 1095 680 1136 Dies
701 1096 880 1146 deficiat,
902 1097 935 1136 si
955 1097 1077 1137 velim
1109 1095 1366 1152 paupertatis
1393 1109 1563 1136 eausam
1586 1094 1659 1134 de-

224 1149 410 1191 fendere.
446 1161 591 1207 aperta
622 1154 733 1194 enim
770 1167 835 1193 res
868 1162 946 1203 cst,
981 1162 1023 1193 et
1060 1153 1250 1208 quotidie
1283 1167 1359 1193 nos
1391 1152 1482 1207 ipsa
1511 1159 1660 1192 natura

223 1205 439 1258 admonet,
480 1223 607 1263 quam
644 1210 803 1265 paucis,
844 1224 970 1264 quam
1016 1210 1150 1265 parvis
1189 1209 1314 1250 rebus
1353 1216 1490 1264 egeat,
1530 1222 1658 1264 quam

220 1262 384 1304 vilibus.

138 1319 211 1373 36
278 1320 397 1360 Num
418 1321 550 1377 igitur
570 1321 830 1377 ignobilitas,
853 1331 925 1363 aut
945 1322 1174 1372 humilitas,
1203 1331 1276 1375 aut
1296 1320 1422 1362 etiam
1443 1319 1656 1375 popularis

136 1399 207 1433 103
221 1375 411 1428 offensio,
445 1379 673 1432 sapientem
705 1379 877 1419 beatum
909 1393 998 1419 esse
1029 1379 1302 1434 prohibebit?
1337 1376 1442 1427 vide,
1475 1390 1525 1416 ne
1561 1375 1657 1431 plus

221 1434 536 1475 commendatio
578 1436 620 1476 in
664 1435 831 1490 vulgus,
881 1444 923 1476 et
970 1436 1077 1487 haec,
1123 1450 1217 1491 quae
1259 1434 1482 1490 expetitur,
1519 1432 1658 1488 gloria

220 1488 426 1531 molestiae
446 1491 616 1542 habeat,
638 1507 762 1547 quani
792 1492 1035 1547 voluptatis.
1093 1491 1316 1532 Leviculus
1339 1505 1437 1532 sane
1459 1497 1495 1526 47
1513 1498 1658 1530 noster

218 1545 545 1599 Demosthenes,
577 1548 646 1604 qui
685 1548 759 1589 illo
794 1564 965 1589 susurro
998 1548 1197 1589 delectari
1227 1563 1270 1588 se
1301 1547 1468 1588 dicebat
1502 1560 1655 1601 aquam

217 1601 390 1645 ferentis
411 1604 686 1654 mulierculae,
710 1614 756 1646 ut
787 1620 878 1645 mos
909 1606 950 1646 in
974 1605 1140 1645 Graecia
1167 1614 1244 1655 est,
1276 1602 1655 1657 insusurrantisque

218 1657 352 1710 alteri,
371 1661 456 1701 Hic
479 1670 543 1701 est
559 1661 630 1701 ille
648 1662 976 1703 Demosthenes.
1008 1662 1126 1703 Quid
1149 1662 1229 1702 hoc
1251 1661 1408 1701 levius?
1440 1659 1502 1700 At
1522 1673 1655 1714 quan-

216 1722 285 1755 tus
323 1719 492 1758 orator?
527 1718 601 1758 sed
638 1718 748 1772 apud
785 1718 888 1758 alios
929 1719 1046 1774 loqui
1082 1718 1274 1758 videlicet
1309 1716 1528 1764 didicerat,
1568 1729 1654 1756 non

132 1784 205 1817 104
218 1772 402 1813 multum
423 1774 513 1828 ipse
533 1789 691 1815 secum.
754 1775 1081 1830 Intelligendum
1115 1785 1178 1815 est
1202 1774 1345 1828 igitur,
1377 1787 1452 1814 nec
1471 1771 1654 1827 gloriam

215 1829 463 1883 popularem
498 1830 631 1885 ipsam
674 1845 748 1885 per
787 1845 875 1871 sese
907 1831 1198 1887 expetendam,
1234 1843 1309 1870 nec
1340 1828 1654 1884 ignobilitatem

216 1885 587 1928 extimescendam.
647 1888 756 1928 Veni
776 1887 983 1937 Athenas,
1014 1887 1150 1943 inquit
1176 1886 1481 1927 Democritus:
1513 1897 1652 1940 neque

169 1955 204 1986 b.
216 1955 284 1982 me
298 1950 337 1973 48
353 1943 574 1998 quisquam
590 1944 646 1984 ibi
660 1944 844 1999 agnovit.
878 1944 1158 1985 Constantem
1173 1943 1389 1984 hominem
1404 1951 1446 1982 et
1458 1939 1650 1998 gravem!

214 1997 286 2053 qui
313 1998 536 2054 glorietur,
566 2015 591 2041 a
618 2001 756 2055 gloria
787 2015 831 2041 se
863 2001 1029 2042 afuisse.
1089 2004 1158 2040 An
1189 1999 1394 2048 tibicines,
1430 1999 1543 2054 iique
1576 1996 1651 2053 qui

213 2054 365 2097 fidibus
396 2064 589 2108 utuntur,
619 2071 709 2108 suo,
744 2072 828 2098 non
858 2056 1140 2098 multitudinis
1176 2056 1363 2107 arbitrio,
1395 2064 1540 2096 cantus
1572 2069 1651 2095 nu-

212 2125 439 2169 merosque
459 2113 732 2155 moderantur
750 2130 760 2155 :
791 2114 850 2155 vir
861 2113 1041 2170 sapiens,
1058 2113 1194 2154 multo
1211 2122 1298 2154 arte
1317 2112 1477 2169 majore
1498 2111 1650 2169 praedi·

255 2265 296 2292 39
319 2259 395 2298 apul.
425 2259 521 2300 Syriae
559 2259 652 2300 regis]
688 2261 843 2290 Corradus
877 2260 909 2290 in

214 2301 336 2332 Ouaest.
354 2313 384 2341 p.
402 2309 475 2334 382.
492 2313 508 2332 e
527 2303 588 2332 Ms.
610 2305 734 2342 corrigit
757 2303 885 2344 Assyria>
899 2314 909 2331 :

213 2346 299 2384 quod
314 2352 441 2376 secutus
458 2356 549 2376 sum:
574 2347 631 2377 etsi
647 2347 733 2388 Syria
752 2347 910 2376 interdum

214 2391 269 2426 pro
298 2389 424 2428 Assyria
456 2390 570 2419 dicitur
606 2391 690 2428 apud
721 2390 847 2419 Graecos
878 2395 909 2418 et

216 2431 353 2467 Latinos,
370 2439 405 2461 ut
421 2433 459 2461 ad
476 2433 507 2462 h.
523 2432 544 2461 l.
561 2434 651 2462 docet
669 2433 835 2461 Buherius.

256 2480 296 2503 40
318 2485 371 2503 non
385 2474 415 2502 in
431 2473 520 2514 regis]
540 2475 611 2505 Hoc
629 2476 707 2505 mihi
724 2480 908 2514 suspectum

212 2523 258 2545 est
273 2518 311 2545 de
326 2517 438 2554 glossa.

255 2565 292 2589 41
319 2559 411 2588 beatos
442 2571 497 2588 esse
526 2571 578 2588 mm
606 2558 690 2599 sinit]
721 2560 905 2599 Legendum

211 2608 257 2630 est
274 2610 360 2632 smar.

256 2650 295 2674 42
320 2642 409 2682 ludis]
438 2645 498 2673 Int.
523 2646 561 2674 de
584 2645 732 2683 publicis,
751 2645 905 2674 Circensi-

211 2686 272 2716 bus
288 2694 318 2716 et
332 2687 501 2716 similibus.

254 2735 293 2759 43
319 2730 348 2758 in
358 2729 491 2770 publico]
517 2731 553 2759 In
575 2729 714 2769 templis,
740 2730 818 2765 foro,
836 2739 905 2769 por-

211 2772 337 2808 ticibus,
354 2782 416 2812 qua
431 2773 520 2812 signa
536 2780 567 2803 et
581 2773 714 2803 tabulas.

254 2822 293 2846 44
320 2815 394 2845 Quae
417 2816 466 2857 qui
485 2815 605 2855 pri-vati
626 2813 742 2856 habent]
770 2815 819 2844 An
841 2814 904 2854 pri»

953 2259 1063 2296 vatim,
1082 2266 1117 2289 ut
1132 2265 1309 2299 opponatur
1325 2259 1364 2296 τῷ
1377 2258 1409 2288 in
1424 2257 1563 2298 publico.

998 2310 1036 2333 45
1056 2302 1164 2341 pungit
1185 2301 1311 2343 aliquid,
1335 2312 1398 2330 curn
1421 2300 1475 2329 illa
1497 2300 1571 2330 unde
1596 2299 1648 2330 ha-

955 2345 1038 2374 beant
1055 2349 1127 2384 rem]
1155 2345 1206 2374 Sc.
1229 2345 1304 2383 quia
1325 2353 1406 2383 saepe
1429 2344 1577 2382 quaedam
1593 2353 1648 2383 per

952 2389 1033 2418 furta
1048 2395 1078 2417 et
1093 2387 1166 2417 alias
1191 2387 1290 2416 malas
1313 2393 1390 2415 artes
1415 2386 1586 2421 habebant,
1612 2392 1646 2416 ut

952 2432 1061 2461 Verres
1078 2431 1160 2469 apud
1176 2430 1373 2459 Ciceronem.

995 2479 1035 2504 46
1060 2474 1132 2502 Dies
1161 2471 1294 2511 deficiat]
1333 2472 1384 2501 Sic
1417 2471 1491 2501 alibi
1521 2471 1643 2507 Cicero,

953 2526 1015 2546 non
1046 2515 1169 2555 dgficiet,
1197 2521 1226 2544 et
1253 2516 1298 2544 sic
1322 2514 1389 2544 libri
1414 2514 1517 2554 plures
1539 2524 1598 2544 scr.
1615 2521 1646 2544 et

951 2560 1016 2589 edd.
1034 2564 1109 2588 vett.

994 2607 1030 2635 47
1058 2606 1149 2629 noster
1165 2598 1378 2637 Demosthmes]
1404 2607 1495 2629 noster
1518 2610 1582 2629 non
1599 2606 1646 2630 est

950 2644 980 2673 in
999 2643 1062 2673 Ms.
1086 2643 1192 2681 aliquo
1221 2643 1303 2673 Leid.
1330 2642 1433 2682 placet
1453 2643 1589 2673 Buherio
1613 2649 1643 2672 et

949 2687 1030 2717 mihi
1046 2686 1152 2716 deleri.
1369 2712 1372 2714 Α

993 2736 1032 2760 48
1058 2729 1209 2770 quisquam
1234 2727 1272 2757 ibi
1294 2726 1433 2768 agnovit]
1459 2727 1499 2757 ibi
1523 2728 1643 2758 addunt

950 2773 1026 2803 Mss.
1045 2773 1161 2811 plures,
1178 2773 1273 2802 etiam
1291 2771 1396 2802 Guelf.
