1778 3095
199 110 280 142 300
554 105 814 143 TUSCUL.
843 103 1289 142 QUAESTIONUM

199 225 403 263 amorem,
422 221 495 254 aut
514 213 641 254 etiam
661 212 793 270 utjus
819 227 958 264 suum,
988 221 1031 254 et
1059 212 1297 254 libertatem
1319 218 1520 264 tenerent,
1541 216 1632 257 vul-

199 282 297 309 nera
326 279 580 324 exceperunt
608 270 786 320 fortiter,
817 278 859 310 et
891 270 1092 319 tulerunt,
1128 270 1253 310 iidem
1285 269 1440 310 omissa
1458 280 1632 312 conten-

199 324 314 366 tione
334 325 524 367 dolorem
545 326 684 367 morbi
715 326 822 367 ferre
852 340 937 366 non
967 335 1156 381 possunt.
1188 339 1324 382 neque
1353 326 1465 366 enim
1495 326 1632 378 illum,

198 395 326 437 quem
365 382 487 422 facile
523 382 720 432 tulerant,
756 383 932 433 ratione,
969 392 1041 423 aut
1082 382 1285 437 sapientia
1322 381 1519 433 tulerant,
1555 384 1633 425 sed

196 436 339 480 studio
360 438 515 492 potius,
536 447 579 479 et
600 439 750 494 gloria.
780 439 919 493 itaque
947 438 1112 479 barbari
1142 439 1328 494 quidam,
1349 447 1391 479 et
1412 439 1633 491 immanes,

199 494 311 535 ferro
352 494 565 535 decertare
602 495 803 536 acerrime
851 504 1042 548 possunt,
1088 504 1293 549 {egrotare
1337 494 1507 536 viriliter
1546 511 1632 538 non

195 558 369 605 queunt.
430 551 570 592 Graeci
591 560 732 591 autem
762 550 969 600 homines,
999 564 1082 590 non
1114 551 1212 592 satis
1233 551 1426 601 animosi,
1447 552 1631 606 pruden-

193 614 273 656 tes,
307 616 354 648 ut
385 615 449 647 est
483 616 630 662 captus
665 606 902 655 hominum,
943 606 1057 656 satis,
1095 595 1261 647 hosfem
1297 608 1512 663 adspicere
1545 624 1632 651 non

193 671 387 716 possunt,
409 662 535 703 iidem
556 663 729 703 morbos
756 662 985 702 toleranter
1013 672 1138 718 atque
1159 663 1341 704 humane
1359 665 1512 705 ferunt.
1569 666 1630 707 At

194 718 361 760 Cimbri
400 728 443 759 et
483 718 687 759 Celtiberi
725 718 768 758 iu
805 718 964 773 proeliis
1003 718 1227 769 exsultant,
1268 719 1550 762 lamentantur
1586 722 1629 763 in

192 776 370 816 morbo:
403 774 506 814 nihil
535 775 647 815 enim
678 785 821 830 potest
849 789 939 815 esse
970 774 1189 830 aequabile,
1220 776 1333 830 quod
1363 791 1446 817 non
1473 791 1497 817 a
1516 788 1632 819 certa

128 835 181 873 66
193 831 353 872 ratione
374 830 674 885 proficiscatur.
714 831 797 872 Sed
826 846 923 872 cum
953 831 1106 882 videas,
1131 839 1166 862 12
1182 846 1269 882 eOS,
1292 832 1363 887 qui
1383 842 1456 873 aut
1474 834 1628 886 studio,

191 895 265 927 aut
285 888 483 942 opinione
505 887 725 937 ducantur,
746 888 786 928 in
809 901 860 929 eo
882 888 1187 944 persequendo,
1209 896 1335 943 atque
1355 888 1626 943 adipiscendo

190 943 338 984 dolore
359 958 443 983 non
463 943 627 999 frangi3
663 953 697 976 13
713 943 864 984 debeas
885 944 1121 985 existimare
1143 953 1216 985 aut
1236 960 1320 985 non
1340 959 1429 985 esse
1448 946 1627 998 malum,

189 999 400 1050 dolorem,
420 1010 506 1050 aut,
529 1001 708 1051 etiamsi,
731 1000 936 1056 quidquid
958 1015 1169 1056 asperum,
1189 1001 1456 1056 alienumque
1478 1011 1626 1044 natura

191 1055 260 1106 sit,
290 1057 333 1097 id
363 1057 563 1111 appellari
592 1056 757 1112 placeat
786 1057 960 1107 malum,
992 1057 1201 1098 tantulum
1232 1066 1372 1098 tamen
1403 1072 1507 1107 esse,
1537 1068 1586 1100 ut
1604 1074 1630 1100 a

188 1112 342 1153 virtute
376 1113 436 1154 ita
471 1114 690 1163 obruatur,
721 1122 769 1154 ut
802 1129 1009 1169 nusquam
1041 1123 1253 1169 appareat.
1281 1129 1376 1169 quae
1407 1115 1627 1167 meditare,

192 1184 352 1224 quaeso,
389 1169 478 1210 dies
511 1178 552 1210 et
589 1178 747 1211 noctes.
780 1170 906 1211 latius
938 1170 1051 1210 enim
1086 1170 1273 1210 manabit
1306 1170 1397 1210 haec
1431 1172 1553 1222 ratio,
1585 1183 1628 1214 et

192 1225 406 1280 aliquanto
427 1226 631 1281 majorem
651 1225 811 1277 locum,
841 1240 968 1281 quam
999 1226 1052 1266 de
1081 1240 1166 1266 uno
1197 1225 1357 1276 dolore,
1388 1228 1626 1282 occupabit.

147 1288 181 1317 b·
194 1296 290 1322 nam
313 1283 347 1322 si
368 1282 509 1322 omnia
525 1282 735 1337 fugiendae
751 1281 1039 1337 turpitudinis,
1052 1281 1412 1337 adipiscendaeque
1426 1282 1628 1326 honesta-

191 1338 246 1378 tis
274 1352 399 1378 causa
432 1338 650 1389 faciemus,
681 1354 766 1380 non
796 1338 927 1379 modo
959 1338 1153 1379 stimulos
1186 1338 1359 1389 doloris,
1392 1339 1465 1380 sed
1497 1340 1626 1382 etiam

190 1394 366 1435 fulmina
387 1395 568 1435 fortunae
596 1404 916 1436 contemnamus
943 1395 1099 1446 licebit,
1129 1395 1362 1451 praesertim
1383 1411 1480 1436 cum
1503 1411 1626 1452 para-

125 1455 174 1500 67
190 1459 280 1491 tum
304 1451 357 1492 sit
376 1451 479 1491 iilud
499 1465 550 1492 ex
578 1451 772 1492 hesterna
801 1452 1084 1507 disputatione
1112 1452 1368 1507 perfugium.
1430 1454 1493 1494 Ut
1511 1454 1624 1495 enim

191 1515 228 1538 14
240 1507 273 1548 si
307 1507 374 1548 cui
410 1507 635 1563 naviganti,
670 1523 796 1564 quem
825 1508 1046 1564 praedones
1076 1509 1363 1563 insequantur,
1393 1508 1496 1550 deus
1528 1510 1622 1565 quis

185 1563 350 1614 dixerit,
372 1564 489 1619 Ejice
509 1574 551 1605 te
573 1565 664 1605 navi
683 1582 692 1606 ι
723 1575 878 1620 praesto
899 1573 976 1616 est,
997 1565 1068 1620 qui
1086 1564 1280 1620 excipiat,
1301 1565 1363 1605 vel
1383 1565 1622 1621 delphinus,

184 1629 234 1661 ut
259 1620 463 1661 Arionem
494 1621 853 1677 Methymnaeum,
887 1621 950 1662 vel
983 1623 1080 1677 equi
1114 1621 1279 1676 Pelopis
1308 1621 1369 1662 illi
1398 1623 1621 1677 Neptunii,

184 1677 257 1732 qui
276 1691 349 1732 per
367 1677 499 1718 undas
523 1686 558 1709 15
574 1692 719 1718 currus
740 1692 962 1733 suspensos
982 1678 1167 1733 rapuisse
1182 1677 1393 1728 dicuntur,
1413 1679 1622 1734 excipient

184 1741 242 1783 te,
276 1742 333 1784 et,
366 1748 451 1789 quo
482 1734 597 1784 velis,
628 1735 864 1789 perferent3
896 1748 1067 1775 omnem
1103 1734 1273 1774 omittat
1301 1734 1528 1775 timorem:
1560 1736 1621 1777 sic

183 1789 431 1845 urgentibus
465 1790 622 1846 asperis
652 1799 695 1831 et
729 1791 887 1832 odiosis
921 1791 1153 1840 doloribus,
1191 1797 1227 1821 16
1240 1790 1273 1830 si
1305 1791 1412 1832 tanti
1441 1791 1538 1842 sint,
1571 1803 1621 1834 ut

182 1846 343 1887 ferendi
365 1861 448 1887 non
470 1847 566 1898 sint,
590 1856 625 1883 17
642 1863 727 1903 quo
749 1848 802 1888 sit
822 1847 1174 1902 confugiendum,
1193 1846 1321 1887 vides.

239 1904 347 1944 Haec
368 1903 454 1944 fere
475 1903 557 1944 hoc
576 1911 768 1959 tempore
790 1904 931 1959 putavi
951 1918 1041 1944 esse
1066 1902 1257 1944 dicenda.
1278 1902 1353 1944 sed
1372 1911 1420 1945 tu
1441 1904 1618 1947 fortasse

180 1958 223 1999 in
262 1959 470 2001 sententia
513 1974 745 2015 permanes.
805 1961 860 2001 A.
903 1960 1083 2001 Minime
1121 1974 1243 2001 vero:
1292 1974 1445 2016 meque
1484 1961 1617 2003 biduo

181 2016 360 2057 duarum
380 2030 534 2066 rerum,
555 2031 658 2072 quas
674 2017 857 2058 maxime
871 2017 1089 2068 timebam,
1103 2030 1226 2072 spero
1239 2016 1463 2058 liberatum
1484 2025 1616 2059 metu.

183 2073 248 2113 M.
273 2072 378 2114 Cras
407 2087 511 2129 ergo
541 2073 595 2115 ad
624 2073 907 2130 clepsydram.
949 2082 986 2106 18
1004 2073 1065 2115 sic
1096 2073 1208 2114 enim
1239 2072 1435 2115 dicimus.
1465 2084 1508 2115 et
1536 2074 1616 2116 tibi

965 2239 1002 2262 14
1019 2230 1101 2261 sicui
1113 2230 1280 2270 naviganti.
1290 2230 1437 2269 pra-dones
1449 2227 1519 2268 ins.]
1535 2230 1612 2260 Edd.
1632 2222 1635 2225 .

179 2231 232 2261 sed
248 2232 317 2261 edd.
334 2242 379 2270 pr.
396 2233 516 2263 addunt
536 2243 671 2269 amorem,
688 2234 771 2272 quod
790 2233 876 2262 resti·

917 2281 995 2304 vett.
1010 2285 1094 2316 quem
1102 2274 1251 2313 praedones
1268 2273 1322 2303 ins.
1338 2282 1393 2313 pro
1409 2284 1491 2314 quem
1507 2272 1614 2312 legen-

178 2276 236 2304 tui.
281 2274 382 2304 Aldus
398 2277 520 2314 primus
542 2277 660 2307 omisit.
681 2277 830 2314 abestque
846 2282 877 2305 et

178 2326 196 2346 a
220 2315 287 2347 lvls.
320 2318 426 2348 Guelf.
454 2318 602 2349 Davisius
633 2320 729 2349 edidit
750 2317 876 2358 gloriam

177 2361 231 2389 sed
246 2360 314 2390 sine
330 2360 425 2390 libris.
443 2361 577 2401 intelligi
594 2363 703 2401 utique
717 2367 817 2402 potest
832 2371 872 2391 ex

177 2404 381 2433 antecedente
397 2404 596 2443 cupiditatem.

222 2453 260 2475 12
283 2457 338 2482 eos,
352 2446 403 2487 qui
418 2453 470 2475 aut
484 2447 575 2476 studio
587 2453 638 2475 aut
654 2453 698 2485 op.
713 2444 868 2484 ducantur]

178 2488 307 2518 Videtur
335 2490 368 2518 in
404 2490 558 2528 principio
591 2490 709 2528 aliquid
745 2491 869 2519 deesse:

176 2538 259 2561 certe
288 2541 354 2560 non
384 2532 457 2561 satis
492 2533 620 2562 definite
651 2533 712 2562 hoc
747 2532 870 2562 dictum

176 2575 329 2609 videatur,
347 2574 397 2614 qui
413 2580 466 2603 aut
487 2575 579 2604 studio
602 2581 653 2603 aut
675 2581 718 2613 op.
736 2574 869 2603 ducatur.

178 2627 242 2647 non
272 2618 376 2646 addita
405 2627 447 2647 re.
506 2618 656 2647 Ms.Vat.
682 2618 776 2646 habet
806 2628 868 2646 cum

176 2660 290 2696 videas,
321 2670 374 2700 quo
404 2661 468 2701 quis
498 2672 526 2690 a.
553 2667 589 2690 st.
619 2671 649 2690 a.
679 2671 704 2689 o.
735 2660 868 2689 ducatur.

179 2703 303 2739 malim,
331 2713 394 2731 cum
417 2702 519 2732 videas
545 2713 599 2739 eos,
627 2703 678 2744 qui
701 2713 755 2743 quo
776 2702 870 2731 studio

178 2745 225 2775 vel
243 2746 292 2785 qui
307 2745 400 2774 studio
415 2757 469 2786 quo
485 2747 544 2775 ἃς.

222 2795 258 2818 13
281 2787 379 2818 debeas
403 2786 583 2829 existimare]
608 2788 755 2819 Davisius
775 2788 871 2818 edidit

177 2830 265 2862 debes.

918 2319 998 2348 dum
1014 2328 1113 2359 quum.

962 2367 998 2391 15
1024 2369 1123 2389 currus
1152 2356 1304 2397 suspensos]
1337 2358 1388 2388 Sc.
1417 2358 1449 2387 in
1480 2368 1611 2388 summa

915 2412 1010 2442 aqua,
1026 2409 1063 2431 ut
1078 2412 1143 2431 non
1159 2407 1374 2439 mergerentur
1389 2401 1524 2440 pondere
1540 2410 1611 2432 suo,

961 2451 998 2476 16
1021 2444 1045 2474 si
1072 2444 1148 2473 tanti
1171 2454 1223 2472 non
1249 2444 1318 2479 sint,
1346 2450 1377 2472 ut
1389 2443 1511 2484 ferendi
1533 2444 1610 2485 sint]

915 2488 989 2519 Hoc
1017 2496 1149 2518 sensum
1173 2487 1382 2516 commodum
1412 2496 1476 2515 non
1501 2487 1610 2518 habet.

914 2542 967 2560 non
980 2530 1205 2569 transpositum
1228 2530 1363 2566 videtur,
1387 2532 1607 2568 reponendum

914 2575 946 2603 in
970 2573 1106 2603 alterum
1137 2571 1336 2609 membrum,
1367 2579 1399 2601 ut
1409 2572 1532 2612 ferendi
1556 2584 1610 2602 non

913 2616 982 2646 sint.

958 2665 992 2693 17
1019 2669 1073 2699 quo
1103 2658 1140 2686 si!
1170 2657 1388 2697 coffugicna'um
1423 2655 1518 2694 vides]
1555 2657 1606 2688 Sc.

912 2702 951 2731 ad
967 2708 1116 2737 mortem,
1134 2701 1282 2730 manibus
1296 2700 1354 2730 sibi
1373 2700 1551 2729 inferendis.

959 2750 996 2774 18
1019 2744 1059 2772 sic
1082 2743 1156 2772 enim
1179 2743 1320 2783 diximus]
1338 2743 1442 2781 Vulgo
1457 2742 1605 2778 duximus,

912 2788 980 2817 sine
995 2796 1101 2817 sensu.
1146 2787 1223 2816 Edd.
1239 2794 1314 2816 vett.
1336 2786 1396 2815 fere
1420 2785 1551 2821 dicimus,
1575 2792 1606 2814 et

915 2830 993 2860 Mss.
1011 2830 1114 2870 plures
1125 2839 1174 2869 ap.
1186 2830 1292 2860 Davis.
1306 2830 1324 2859 i.
1337 2839 1364 2859 e.
1379 2837 1454 2858 nam
1467 2829 1506 2858 ita
1519 2828 1606 2858 soleo
