1778 3095
217 122 294 153 542
569 118 822 156 TUSCUL.
854 118 1292 157 QUAESTIONUM

92 237 121 266 Ρ·
135 231 287 264 ‘216-tur
307 237 438 280 ocyus
450 240 462 275 3
492 225 665 268 hebetes
686 242 768 268 non
790 227 906 268 item.
965 229 1060 269 Nec
1079 242 1174 269 vero
1193 228 1236 270 in
1256 241 1425 269 omnem
1447 227 1643 268 morbum

179 280 268 320 ³·ac
287 282 645 335 perturbationem
663 284 826 325 animus
846 284 1053 340 ingeniosi
1071 284 1196 326 cadit.
1218 292 1257 319 47
1274 299 1356 325 non
1377 283 1488 324 enim
1510 283 1646 324 multa

218 336 403 388 efferata,
437 349 480 380 et
511 340 738 382 immania:
771 341 962 396 quaedam
995 350 1136 382 autem
1172 340 1442 382 humanitatis
1476 354 1645 395 quoque

217 392 375 435 habent
403 395 578 450 primam
612 397 810 452 speciem,
838 408 886 438 ut
914 397 1213 448 misericordia,
1236 396 1460 453 aegritudo,
1490 405 1644 437 metus.

216 450 536 506 AEgrotationes
574 463 716 495 autem
751 454 974 504 morbique
1009 455 1246 495 animorum
1283 453 1490 494 difficilius
1524 451 1643 493 evelli

214 521 339 563 posse
360 518 573 563 putantur,
596 525 722 565 quam
752 506 918 550 summa
948 510 1020 550 illa
1050 511 1160 560 vitia,
1182 526 1276 566 quae
1305 510 1527 551 virtutibus
1547 517 1644 549 sunt

215 565 437 605 contraria.
466 567 623 607 morbis
659 567 770 606 enim
801 566 1080 617 manentibus,
1111 567 1209 608 vitia
1243 566 1407 608 sublata
1441 581 1532 607 esse
1559 579 1644 606 non

215 630 406 674 possunt,
429 630 467 653 48
482 623 579 677 quia
612 637 696 663 non
728 632 814 662 tam
848 622 1038 663 celeriter
1071 632 1282 674 sanantur,
1305 638 1430 679 quam
1461 622 1534 663 illa
1562 620 1646 662 tol-

153 681 200 712 33
214 677 371 718 luntur.
431 680 577 719 Habes
604 693 666 728 ea,
690 693 784 733 quae
818 678 870 719 de
898 679 1285 734 perturbationibus
1313 679 1529 720 enucleate
1558 677 1646 719 dis-

212 741 365 787 putant
397 735 541 785 Stoici,
562 750 655 791 quae
685 734 825 789 logica
854 734 1080 791 appellant,
1105 730 1204 790 quia
1232 735 1489 777 disseruntur
1509 735 1644 776 subti-

212 790 308 831 lius.
340 805 389 831 ex
424 792 577 846 quibus
606 791 807 847 quoniam
840 802 1056 847 tamquam
1090 800 1168 832 49e
1196 792 1450 847 scrupulosis
1476 792 1644 833 cotibus

212 847 446 902 enavigavit
480 849 629 898 oratio,
662 848 833 903 reliquae
869 848 1163 903 disputationis
1193 863 1363 889 cursum
1395 858 1641 889 teneamus:

212 902 342 944 modo
375 903 475 944 satis
507 904 580 945 illa
611 905 794 946 dilucide
824 904 1064 956 dixerimus,
1094 920 1171 960 pro
1202 919 1341 946 rerum
1371 905 1643 946 obscuritate.

210 959 269 1000 A.
293 961 464 1001 Prorsus
494 961 593 1002 satis
613 979 622 1002 z
654 962 727 1003 sed
749 962 783 1002 si
803 976 885 1017 qua
905 961 1148 1017 diligentius
1179 971 1301 1002 erunt
1330 961 1644 1016 cognoscenda,

178 1064 199 1075 υ
213 1031 450 1071 quaeremus
470 1018 593 1059 alias:
623 1033 733 1060 nunc
755 1019 858 1068 vela,
881 1033 975 1073 quae
997 1018 1126 1059 modo
1148 1018 1331 1067 dicebas,
1352 1026 1644 1073 exspectamus

135 1066 200 1113 10
213 1082 256 1114 et
276 1087 460 1115 cursum.
520 1076 585 1116 M.
608 1075 790 1132 Quando
812 1084 854 1115 et
873 1075 963 1115 aliis
991 1075 1094 1116 locis
1125 1074 1177 1116 de
1204 1075 1354 1116 virtute
1384 1074 1580 1124 diximus,
1602 1083 1644 1115 et

148 1138 324 1185 34saepe
362 1129 584 1172 dicendum
623 1132 702 1172 erit
743 1131 968 1187 (pleraeque
1005 1132 1118 1172 enim
1152 1131 1418 1187 quaestiones,
1454 1146 1549 1186 quae
1589 1129 1643 1171 ad

209 1186 334 1227 vitam
357 1202 580 1243 moresque
609 1188 833 1244 pertinent,
853 1202 877 1228 a
897 1188 1058 1228 virtutis
1078 1189 1196 1228 fonte
1222 1187 1448 1239 ducuntur)
1472 1187 1642 1241 quando

206 1242 338 1297 igitur
375 1245 502 1285 virtus
536 1253 600 1285 est
637 1254 675 1276 ⁵0
692 1244 860 1284 affectio
898 1244 1026 1284 animi
1062 1254 1257 1284 constans
1294 1243 1643 1298 conveniensque,

206 1299 438 1341 laudabiles
471 1301 653 1342 efficiens
685 1316 771 1352 eos,
807 1301 848 1341 in
881 1301 1032 1356 quibus
1067 1309 1144 1350 est,
1177 1309 1219 1342 et
1249 1301 1339 1355 ipsa
1371 1313 1444 1355 per
1475 1314 1534 1349 se,
1567 1314 1644 1340 sua

206 1365 370 1411 sponte,
392 1367 583 1412 separata
602 1358 728 1398 etiam
760 1357 954 1407 utilitate,
976 1357 1213 1408 laudabilis,
1233 1371 1283 1397 ex
1301 1371 1351 1397 ea
1371 1356 1643 1410 proficiscun—

206 1421 274 1453 tur
304 1413 491 1455 honestae
524 1414 771 1465 voluntates,
795 1415 1024 1464 sententiae,
1047 1414 1248 1464 actiones,
1277 1412 1499 1468 omnisque
1529 1422 1643 1454 recta

204 1469 312 1510 ratio
331 1487 341 1511 ε
373 1485 631 1527 quamquam
653 1471 743 1526 ipsa
761 1471 891 1512 virtus
920 1471 1161 1511 brevissime
1182 1480 1297 1511 recta
1314 1469 1422 1512 ratio
1442 1469 1524 1510 dici
1543 1479 1642 1524 pot-

204 1535 282 1567 est.
342 1527 484 1583 Hujus
516 1528 649 1583 igitur
677 1528 839 1568 virtutis
871 1528 1080 1568 contraria
1109 1536 1172 1567 est
1201 1527 1417 1568 vitiositas.
1448 1525 1506 1566 sic
1527 1525 1639 1566 enim

203 1584 333 1634 malo,
355 1599 483 1639 quam
504 1584 707 1625 malitiam
732 1583 941 1640 appellare
963 1598 1070 1633 eam,
1092 1598 1218 1638 quam
1240 1582 1379 1623 Graeci
1411 1581 1543 1622 κακίαν
1564 1596 1638 1637 ap·-

203 1639 376 1695 pellant.
407 1655 504 1681 nam
534 1640 707 1692 malitia,
730 1641 833 1682 certi
862 1640 1081 1697 cujusdam
1112 1640 1197 1680 vitii
1223 1654 1376 1680 nomen
1397 1647 1485 1679 est:
1517 1638 1640 1679 vitio-

203 1696 317 1747 sitas,
352 1698 557 1738 omnium.
597 1707 632 1729 ⁵1
650 1713 701 1738 ex
738 1712 821 1753 qua
854 1697 1120 1738 concitantur
1155 1695 1506 1751 perturbationeS‚
1544 1710 1640 1750 quae

202 1762 316 1804 sunt,
336 1763 385 1795 ut
404 1754 547 1809 paullo
569 1764 665 1795 ante
695 1754 890 1804 diximus,
910 1753 1067 1794 turbidi
1097 1754 1334 1793 animorum
1356 1752 1640 1807 concitatique

200 1819 358 1861 motuS,
379 1811 509 1851 aversi
529 1826 554 1851 a
573 1811 747 1859 ratione,
771 1821 813 1851 et
833 1809 1107 1850 inimicissimi
1132 1809 1285 1850 mentis
1316 1808 1494 1863 vitaeque
1524 1816 1639 1849 tran-

200 1866 358 1926 quillae.
394 1867 625 1922 important
659 1868 769 1907 enim
806 1867 1078 1922 aegritudines
1114 1866 1255 1906 anxias
1292 1874 1418 1920 atque
1453 1864 1638 1915 acerbas,

200 1923 447 1979 animosque
479 1923 674 1979 affligunt
707 1934 750 1965 et
787 1923 1007 1964 debilitant
1045 1932 1177 1963 metu.
1214 1921 1340 1963 iidem
1377 1921 1640 1964 inflammant

201 1981 459 2035 appetitione
491 1980 644 2022 nimia:
677 1996 804 2036 quam
837 1990 929 2021 tum
965 1978 1256 2034 cupiditatem,
1291 1988 1383 2020 tum
1419 1977 1637 2020 libidinem

202 2036 395 2089 dicimus,
418 2038 713 2092 impotentiam
735 2037 946 2092 quandam
977 2035 1119 2087 animi,
1138 2050 1162 2076 a
1183 2035 1461 2091 temperantia
1479 2043 1521 2075 et
1541 2049 1637 2076 mo-

140 2098 188 2131 35
204 2093 418 2135 deratione
452 2094 680 2149 plurimum
719 2093 1008 2135 dissidentem.
1067 2093 1177 2149 Quae
1209 2092 1244 2133 si
1279 2091 1448 2148 quando
1485 2090 1638 2146 adepta

201 2159 267 2192 est
284 2151 343 2202 id,
364 2160 402 2183 52
418 2151 533 2207 quod
550 2151 588 2192 ei
608 2152 744 2193 fuerat
773 2151 1064 2206 concupitum,
1087 2158 1124 2182 53
1142 2158 1234 2190 tum
1253 2149 1335 2190 fert
1359 2147 1634 2199 alacritatem,

247 2305 285 2334 47
314 2310 368 2329 non
393 2299 467 2329 enim
490 2298 583 2328 multa
607 2299 728 2338 effvata
744 2305 772 2328 et
796 2298 899 2327 imma·
942 2298 1025 2337 apud
1043 2297 1225 2326 Lucanum.

204 2341 266 2381 nia]
287 2344 349 2373 Int.
366 2343 397 2372 in
413 2353 450 2373 eo
466 2352 531 2372 esse
548 2342 661 2372 solent.
685 2342 735 2371 sed
753 2351 808 2381 pro
825 2341 900 2369 mul-
987 2340 1150 2380 501ffl’ctio
1165 2345 1292 2368 constans
1305 2336 1537 2379 conveniensque]
1554 2338 1638 2368 Con-

205 2391 236 2413 ta
261 2386 390 2425 legerim
417 2386 447 2415 in
473 2385 535 2414 ulla
558 2395 602 2415 sc.
630 2385 708 2413 cadit
722 2396 731 2413 :
755 2391 822 2420 aut,
847 2395 900 2413 non
938 2383 1000 2422 jeci
1015 2382 1258 2422 consentiensque:
1276 2391 1351 2411 nam
1368 2382 1428 2411 hoc
1443 2381 1539 2411 verbo
1554 2391 1639 2412 sem·

203 2426 278 2457 enim
304 2428 367 2458 ulla
392 2430 440 2469 ff
466 2430 499 2458 in
525 2438 562 2457 eo
591 2434 678 2458 sunt.
699 2436 899 2466 quamquam
942 2435 995 2465 per
1011 2425 1120 2455 Cicero
1137 2427 1169 2455 in
1186 2426 1246 2454 hac
1263 2434 1293 2454 re
1310 2425 1420 2453 utitur.

204 2471 364 2502 Bentleius
381 2473 476 2502 etiam
492 2471 567 2510 legit
582 2471 612 2499 in
627 2470 718 2500 ullam
734 2471 855 2511 ffrata
871 2476 899 2498 et
986 2476 1021 2499 51
1040 2479 1076 2497 ex
1098 2480 1155 2509 qua
1178 2466 1353 2507 cogitantur]
1376 2467 1547 2497 Quomodo
1563 2467 1638 2507 cogi-

205 2513 355 2543 immania.
942 2518 1042 2540 tantur
1055 2511 1073 2540 ,9
1108 2512 1210 2540 immo
1247 2510 1425 2539 concitantur
1462 2517 1498 2540 ut
1526 2510 1642 2542 habuit

247 2563 287 2587 48
303 2556 388 2598 quia]
405 2557 485 2586 Puto
500 2556 681 2586 addendum
697 2555 739 2592 hi,
752 2565 799 2585 sc.
815 2564 900 2585 mor-

205 2599 249 2636 bi,
265 2600 347 2629 sicut
359 2599 413 2628 illa
429 2600 466 2629 ad
482 2599 555 2629 vitia
570 2599 736 2638 pertinent.

247 2649 290 2675 49
313 2654 326 2671 e
352 2641 519 2681 scrupulosis
541 2641 660 2679 cotibus]
688 2640 795 2670 Putavi
819 2639 897 2669 olim

205 2686 376 2725 legendum
400 2685 546 2724 scopulosis
566 2694 605 2713 ex
622 2685 676 2713 Or.
698 2684 729 2713 in
747 2683 853 2712 Caecil.
871 2692 898 2713 c.

208 2736 257 2759 11.
290 2729 465 2758 Lambinus
494 2735 524 2757 et
551 2727 711 2757 Bentleius
740 2735 900 2756 correxere

203 2771 351 2810 scruposis,
367 2772 452 2811 quod
474 2780 551 2801 cum
572 2769 745 2808 scrupulosus
761 2770 899 2799 confun-

204 2815 235 2844 di
257 2813 336 2844 solet
362 2815 395 2844 in
421 2814 518 2844 libris.
543 2823 572 2843 v.
598 2813 710 2843 Heins.
734 2813 772 2842 ad
794 2811 899 2842 Valer.

205 2857 251 2888 ΡΙ.
283 2857 327 2893 11,
359 2864 430 2888 518.
462 2863 592 2897 scruposa
621 2868 693 2886 saxa
725 2863 899 2886 occurrunt

943 2554 1007 2584 Ms-
1025 2554 1162 2583 Manutii
1178 2561 1209 2582 et
1223 2553 1323 2583 voluit
1338 2553 1548 2583 Camerarius.
1586 2553 1638 2583 Sic

942 2603 973 2626 et
999 2596 1140 2626 Bentleio
1164 2596 1295 2635 placuit,
1319 2597 1466 2635 deditque
1488 2596 1520 2625 in
1544 2596 1594 2626 ed.
1610 2604 1639 2627 1.

941 2640 1104 2676 Davisius,
1124 2640 1155 2669 in
1172 2639 1268 2669 altera
1284 2646 1391 2668 tamen
1407 2638 1578 2669 cooriuntur.

987 2690 1025 2713 52
1042 2682 1117 2724 quod
1133 2682 1158 2712 ei
1168 2682 1269 2723 fucrit
1289 2680 1479 2721 concupitum]
1498 2682 1550 2711 An
1563 2682 1638 2722 fite-

944 2725 1019 2755 rat}³
1042 2726 1094 2756 Sic
1109 2726 1171 2755 Ms.
1189 2725 1297 2755 Guelf.
1314 2725 1418 2764 itaque
1438 2724 1551 2763 recepi.

986 2775 1023 2799 53
1052 2776 1112 2798 tum
1130 2769 1199 2808 fert
1228 2766 1426 2806 alacritatem]
1460 2767 1635 2798 Lambinus

940 2811 1129 2852 Cornfertur
1143 2810 1309 2841 alacritate.
