<?xml version="1.0" encoding="UTF-8"?>
<!DOCTYPE html PUBLIC "-//W3C//DTD XHTML 1.0 Transitional//EN"
    "http://www.w3.org/TR/xhtml1/DTD/xhtml1-transitional.dtd">
<html xmlns="http://www.w3.org/1999/xhtml" xml:lang="en" lang="en">
 <head>
  <title>
</title>
<meta http-equiv="Content-Type" content="text/html;charset=utf-8" />
  <meta name='ocr-system' content='tesseract 3.04.00' />
  <meta name='ocr-capabilities' content='ocr_page ocr_carea ocr_par ocr_line ocrx_word'/>
</head>
<body>
  <div class='ocr_page' id='page_1' title='image "./p1operaomnia04ciceuoft_0427.png"; bbox 0 0 1778 3095; ppageno 0'>
   <div class='ocr_carea' id='block_1_1' title="bbox 572 171 1515 221">
    <p class='ocr_par' dir='ltr' id='par_1_1' title="bbox 572 171 1515 221">
     <span class='ocr_line' id='line_1_1' title="bbox 572 171 1515 221; baseline -0.004 -7"><span class='ocrx_word' id='word_1_1' title='bbox 572 175 752 217; x_wconf 80' lang='lat' dir='ltr'>LIBER</span> <span class='ocrx_word' id='word_1_2' title='bbox 784 171 1025 213; x_wconf 80' lang='lat' dir='ltr'>PRIMUS.</span> <span class='ocrx_word' id='word_1_3' title='bbox 1433 177 1515 221; x_wconf 86' lang='lat'>419</span> 
     </span>
    </p>
   </div>
   <div class='ocr_carea' id='block_1_2' title="bbox 85 282 1650 2371">
    <p class='ocr_par' dir='ltr' id='par_1_2' title="bbox 85 282 1650 2371">
     <span class='ocr_line' id='line_1_2' title="bbox 85 282 1513 339; baseline -0.006 -10"><span class='ocrx_word' id='word_1_4' title='bbox 85 284 152 339; x_wconf 61' lang='lat' dir='ltr'>xie,</span> <span class='ocrx_word' id='word_1_5' title='bbox 173 286 208 328; x_wconf 90' lang='lat' dir='ltr'>si</span> <span class='ocrx_word' id='word_1_6' title='bbox 228 301 359 328; x_wconf 89' lang='lat' dir='ltr'>unum</span> <span class='ocrx_word' id='word_1_7' title='bbox 381 286 512 328; x_wconf 87' lang='lat' dir='ltr'>visum</span> <span class='ocrx_word' id='word_1_8' title='bbox 531 293 642 325; x_wconf 90' lang='lat' dir='ltr'>esset</span> <span class='ocrx_word' id='word_1_9' title='bbox 660 284 828 333; x_wconf 84' lang='lat' dir='ltr'>falsum,</span> <span class='ocrx_word' id='word_1_10' title='bbox 856 282 1018 323; x_wconf 88' lang='lat' dir='ltr'>nullum</span> <span class='ocrx_word' id='word_1_11' title='bbox 1039 288 1150 323; x_wconf 85' lang='lat' dir='ltr'>esset</span> <span class='ocrx_word' id='word_1_12' title='bbox 1166 291 1336 329; x_wconf 83' lang='lat' dir='ltr'>verum3</span> <span class='ocrx_word' id='word_1_13' title='bbox 1367 294 1513 321; x_wconf 90' lang='lat' dir='ltr'>omnes</span> 
     </span>
     <span class='ocr_line' id='line_1_3' title="bbox 85 336 1511 388; baseline -0.006 -3"><span class='ocrx_word' id='word_1_14' title='bbox 85 357 232 385; x_wconf 88' lang='lat' dir='ltr'>sensus</span> <span class='ocrx_word' id='word_1_15' title='bbox 270 343 354 385; x_wconf 88' lang='lat' dir='ltr'>veri</span> <span class='ocrx_word' id='word_1_16' title='bbox 389 341 557 383; x_wconf 85' lang='lat' dir='ltr'>nuntios</span> <span class='ocrx_word' id='word_1_17' title='bbox 592 340 697 381; x_wconf 83' lang='lat' dir='ltr'><strong>dixit</strong></span> <span class='ocrx_word' id='word_1_18' title='bbox 740 354 843 381; x_wconf 83' lang='lat' dir='ltr'>esse.</span> <span class='ocrx_word' id='word_1_19' title='bbox 868 338 1005 378; x_wconf 64' lang='lat' dir='ltr'>anihil</span> <span class='ocrx_word' id='word_1_20' title='bbox 1039 338 1206 388; x_wconf 90' lang='lat' dir='ltr'>horum,</span> <span class='ocrx_word' id='word_1_21' title='bbox 1241 336 1319 376; x_wconf 89' lang='lat' dir='ltr'>nisi</span> <span class='ocrx_word' id='word_1_22' title='bbox 1348 336 1511 377; x_wconf 90' lang='lat' dir='ltr'>callide.</span> 
     </span>
     <span class='ocr_line' id='line_1_4' title="bbox 85 391 1510 455; baseline -0.007 -14"><span class='ocrx_word' id='word_1_23' title='bbox 85 401 318 455; x_wconf 88' lang='lat' dir='ltr'>graviorem</span> <span class='ocrx_word' id='word_1_24' title='bbox 349 399 460 440; x_wconf 88' lang='lat' dir='ltr'>enim</span> <span class='ocrx_word' id='word_1_25' title='bbox 491 397 662 453; x_wconf 83' lang='lat' dir='ltr'>plagam</span> <span class='ocrx_word' id='word_1_26' title='bbox 691 396 937 452; x_wconf 81' lang='lat' dir='ltr'>accipiebat,</span> <span class='ocrx_word' id='word_1_27' title='bbox 967 403 1016 435; x_wconf 90' lang='lat' dir='ltr'>ut</span> <span class='ocrx_word' id='word_1_28' title='bbox 1044 394 1239 434; x_wconf 90' lang='lat' dir='ltr'>leviorem</span> <span class='ocrx_word' id='word_1_29' title='bbox 1276 391 1510 447; x_wconf 88' lang='lat' dir='ltr'>repelleret.</span> 
     </span>
     <span class='ocr_line' id='line_1_5' title="bbox 91 450 1570 503; baseline -0.007 -6"><span class='ocrx_word' id='word_1_30' title='bbox 91 457 211 497; x_wconf 86' lang='lat' dir='ltr'><strong>Idem</strong></span> <span class='ocrx_word' id='word_1_31' title='bbox 231 457 330 497; x_wconf 87' lang='lat' dir='ltr'>facit</span> <span class='ocrx_word' id='word_1_32' title='bbox 356 455 398 495; x_wconf 90' lang='lat' dir='ltr'>in</span> <span class='ocrx_word' id='word_1_33' title='bbox 427 463 574 494; x_wconf 85' lang='lat' dir='ltr'>natura</span> <span class='ocrx_word' id='word_1_34' title='bbox 603 453 794 494; x_wconf 88' lang='lat' dir='ltr'>deorum.</span> <span class='ocrx_word' id='word_1_35' title='bbox 825 452 927 493; x_wconf 91' lang='lat' dir='ltr'>dum</span> <span class='ocrx_word' id='word_1_36' title='bbox 955 450 1263 491; x_wconf 90' lang='lat' dir='ltr'>individuorum</span> <span class='ocrx_word' id='word_1_37' title='bbox 1285 462 1509 503; x_wconf 89' lang='lat' dir='ltr'>corporum</span> <span class='ocrx_word' id='word_1_38' title='bbox 1521 456 1570 496; x_wconf 85' lang='grc'>71</span> 
     </span>
     <span class='ocr_line' id='line_1_6' title="bbox 86 505 1555 565; baseline -0.007 -11"><span class='ocrx_word' id='word_1_39' title='bbox 86 513 397 554; x_wconf 87' lang='lat' dir='ltr'><strong>concretionem</strong></span> <span class='ocrx_word' id='word_1_40' title='bbox 431 511 556 565; x_wconf 80' lang='lat' dir='ltr'>fugit,</span> <span class='ocrx_word' id='word_1_41' title='bbox 591 524 642 550; x_wconf 92' lang='lat' dir='ltr'>ne</span> <span class='ocrx_word' id='word_1_42' title='bbox 671 509 877 559; x_wconf 89' lang='lat' dir='ltr'>interitus,</span> <span class='ocrx_word' id='word_1_43' title='bbox 910 517 952 548; x_wconf 90' lang='lat' dir='ltr'>et</span> <span class='ocrx_word' id='word_1_44' title='bbox 978 506 1194 562; x_wconf 85' lang='lat' dir='ltr'>dissipatio</span> <span class='ocrx_word' id='word_1_45' title='bbox 1219 505 1555 560; x_wconf 81' lang='lat' dir='ltr'>consequatur,b·</span> 
     </span>
     <span class='ocr_line' id='line_1_7' title="bbox 90 565 1514 624; baseline -0.006 -15"><span class='ocrx_word' id='word_1_46' title='bbox 90 578 219 624; x_wconf 84' lang='lat' dir='ltr'>negat</span> <span class='ocrx_word' id='word_1_47' title='bbox 247 582 336 609; x_wconf 88' lang='lat' dir='ltr'>esse</span> <span class='ocrx_word' id='word_1_48' title='bbox 363 581 515 622; x_wconf 86' lang='lat' dir='ltr'>corpus</span> <span class='ocrx_word' id='word_1_49' title='bbox 543 566 735 616; x_wconf 86' lang='lat' dir='ltr'>deorum,</span> <span class='ocrx_word' id='word_1_50' title='bbox 760 565 833 606; x_wconf 89' lang='lat' dir='ltr'>sed</span> <span class='ocrx_word' id='word_1_51' title='bbox 865 575 1078 619; x_wconf 84' lang='lat' dir='ltr'>tamquam</span> <span class='ocrx_word' id='word_1_52' title='bbox 1110 577 1292 617; x_wconf 80' lang='lat' dir='ltr'>corpus3</span> <span class='ocrx_word' id='word_1_53' title='bbox 1325 576 1400 602; x_wconf 85' lang='lat' dir='ltr'>nec</span> <span class='ocrx_word' id='word_1_54' title='bbox 1419 575 1514 602; x_wconf 91' lang='lat' dir='ltr'>san-</span> 
     </span>
     <span class='ocr_line' id='line_1_8' title="bbox 88 611 1598 681; baseline -0.005 -16"><span class='ocrx_word' id='word_1_55' title='bbox 88 627 277 681; x_wconf 83' lang='lat' dir='ltr'>guinem,</span> <span class='ocrx_word' id='word_1_56' title='bbox 309 623 381 664; x_wconf 88' lang='lat' dir='ltr'>sed</span> <span class='ocrx_word' id='word_1_57' title='bbox 411 633 626 678; x_wconf 89' lang='lat' dir='ltr'>tamquam</span> <span class='ocrx_word' id='word_1_58' title='bbox 660 623 924 678; x_wconf 82' lang='lat' dir='ltr'>sanguinem.</span> <span class='ocrx_word' id='word_1_59' title='bbox 982 619 1180 661; x_wconf 83' lang='lat' dir='ltr'>Mirabile</span> <span class='ocrx_word' id='word_1_60' title='bbox 1205 618 1380 669; x_wconf 88' lang='lat' dir='ltr'>videtur,</span> <span class='ocrx_word' id='word_1_61' title='bbox 1400 617 1516 673; x_wconf 91' lang='lat' dir='ltr'>quod</span> <span class='ocrx_word' id='word_1_62' title='bbox 1528 611 1598 664; x_wconf 74' lang='grc'>26</span> 
     </span>
     <span class='ocr_line' id='line_1_9' title="bbox 92 673 1516 733; baseline -0.005 -12"><span class='ocrx_word' id='word_1_63' title='bbox 92 696 177 722; x_wconf 90' lang='grc'>11011</span> <span class='ocrx_word' id='word_1_64' title='bbox 208 680 340 721; x_wconf 90' lang='lat' dir='ltr'>rideat</span> <span class='ocrx_word' id='word_1_65' title='bbox 369 680 588 733; x_wconf 82' lang='lat' dir='ltr'><strong>haruspex,</strong></span> <span class='ocrx_word' id='word_1_66' title='bbox 620 693 715 720; x_wconf 88' lang='lat' dir='ltr'>cum</span> <span class='ocrx_word' id='word_1_67' title='bbox 751 678 1013 732; x_wconf 80' lang='lat' dir='ltr'>haruspicem</span> <span class='ocrx_word' id='word_1_68' title='bbox 1044 675 1204 716; x_wconf 86' lang='lat' dir='ltr'>viderit.</span> <span class='ocrx_word' id='word_1_69' title='bbox 1236 675 1319 715; x_wconf 90' lang='lat' dir='ltr'>hoc</span> <span class='ocrx_word' id='word_1_70' title='bbox 1344 673 1516 715; x_wconf 89' lang='lat' dir='ltr'>mirabi-</span> 
     </span>
     <span class='ocr_line' id='line_1_10' title="bbox 90 732 1517 792; baseline -0.005 -15"><span class='ocrx_word' id='word_1_71' title='bbox 90 738 187 788; x_wconf 84' lang='lat' dir='ltr'>lius,</span> <span class='ocrx_word' id='word_1_72' title='bbox 207 735 321 792; x_wconf 89' lang='lat' dir='ltr'>quod</span> <span class='ocrx_word' id='word_1_73' title='bbox 352 751 422 776; x_wconf 85' lang='lat' dir='ltr'>vos</span> <span class='ocrx_word' id='word_1_74' title='bbox 451 736 557 777; x_wconf 90' lang='lat' dir='ltr'>inter</span> <span class='ocrx_word' id='word_1_75' title='bbox 584 750 656 776; x_wconf 82' lang='lat' dir='ltr'>vos</span> <span class='ocrx_word' id='word_1_76' title='bbox 690 736 817 776; x_wconf 89' lang='lat' dir='ltr'>risum</span> <span class='ocrx_word' id='word_1_77' title='bbox 851 744 990 775; x_wconf 83' lang='lat' dir='ltr'>&#39;tenere</span> <span class='ocrx_word' id='word_1_78' title='bbox 1018 732 1202 788; x_wconf 88' lang='lat' dir='ltr'>possitis.</span> <span class='ocrx_word' id='word_1_79' title='bbox 1234 746 1315 772; x_wconf 90' lang='lat' dir='ltr'>non</span> <span class='ocrx_word' id='word_1_80' title='bbox 1338 740 1401 772; x_wconf 87' lang='lat' dir='ltr'>est</span> <span class='ocrx_word' id='word_1_81' title='bbox 1421 745 1517 771; x_wconf 91' lang='lat' dir='ltr'>cor-</span> 
     </span>
     <span class='ocr_line' id='line_1_11' title="bbox 93 786 1518 848; baseline -0.004 -15"><span class='ocrx_word' id='word_1_82' title='bbox 93 808 185 848; x_wconf 87' lang='lat' dir='ltr'>pus,</span> <span class='ocrx_word' id='word_1_83' title='bbox 215 792 288 833; x_wconf 85' lang='lat' dir='ltr'>sed</span> <span class='ocrx_word' id='word_1_84' title='bbox 321 792 440 848; x_wconf 83' lang='lat' dir='ltr'>quasi</span> <span class='ocrx_word' id='word_1_85' title='bbox 472 806 638 847; x_wconf 85' lang='lat' dir='ltr'>corpus.</span> <span class='ocrx_word' id='word_1_86' title='bbox 670 792 751 832; x_wconf 90' lang='lat' dir='ltr'>hoc</span> <span class='ocrx_word' id='word_1_87' title='bbox 781 790 1073 845; x_wconf 74' lang='lat' dir='ltr'>intelligerem,</span> <span class='ocrx_word' id='word_1_88' title='bbox 1106 788 1227 845; x_wconf 92' lang='lat' dir='ltr'>quale</span> <span class='ocrx_word' id='word_1_89' title='bbox 1259 797 1382 838; x_wconf 82' lang='lat' dir='ltr'>esset,</span> <span class='ocrx_word' id='word_1_90' title='bbox 1413 788 1447 828; x_wconf 90' lang='lat' dir='ltr'>si</span> <span class='ocrx_word' id='word_1_91' title='bbox 1474 786 1518 828; x_wconf 89' lang='lat' dir='ltr'>id</span> 
     </span>
     <span class='ocr_line' id='line_1_12' title="bbox 92 844 1579 904; baseline -0.004 -14"><span class='ocrx_word' id='word_1_92' title='bbox 92 850 176 890; x_wconf 81' lang='grc'>4111</span> <span class='ocrx_word' id='word_1_93' title='bbox 209 849 313 890; x_wconf 90' lang='lat' dir='ltr'>ceris</span> <span class='ocrx_word' id='word_1_94' title='bbox 346 849 586 904; x_wconf 83' lang='lat' dir='ltr'>fingeretur,</span> <span class='ocrx_word' id='word_1_95' title='bbox 619 858 692 889; x_wconf 91' lang='lat' dir='ltr'>aut</span> <span class='ocrx_word' id='word_1_96' title='bbox 724 847 919 889; x_wconf 88' lang='lat' dir='ltr'>fictilibus</span> <span class='ocrx_word' id='word_1_97' title='bbox 953 846 1110 901; x_wconf 82' lang='lat' dir='ltr'>figuris.</span> <span class='ocrx_word' id='word_1_98' title='bbox 1149 846 1189 886; x_wconf 90' lang='lat' dir='ltr'>in</span> <span class='ocrx_word' id='word_1_99' title='bbox 1219 844 1300 885; x_wconf 90' lang='lat' dir='ltr'>deo</span> <span class='ocrx_word' id='word_1_100' title='bbox 1333 844 1434 900; x_wconf 86' lang='lat' dir='ltr'>quid</span> <span class='ocrx_word' id='word_1_101' title='bbox 1466 844 1579 897; x_wconf 87' lang='lat' dir='ltr'>sit72</span> 
     </span>
     <span class='ocr_line' id='line_1_13' title="bbox 91 903 1520 961; baseline -0.003 -15"><span class='ocrx_word' id='word_1_102' title='bbox 91 905 211 961; x_wconf 87' lang='lat' dir='ltr'>quasi</span> <span class='ocrx_word' id='word_1_103' title='bbox 229 919 396 960; x_wconf 83' lang='lat' dir='ltr'>corpus,</span> <span class='ocrx_word' id='word_1_104' title='bbox 417 915 488 946; x_wconf 89' lang='lat' dir='ltr'>aut</span> <span class='ocrx_word' id='word_1_105' title='bbox 518 905 636 961; x_wconf 86' lang='lat' dir='ltr'>quasi</span> <span class='ocrx_word' id='word_1_106' title='bbox 667 904 853 959; x_wconf 81' lang='lat' dir='ltr'>sanguis,</span> <span class='ocrx_word' id='word_1_107' title='bbox 883 903 1116 958; x_wconf 82' lang='lat' dir='ltr'>intelligere</span> <span class='ocrx_word' id='word_1_108' title='bbox 1146 916 1230 942; x_wconf 88' lang='lat' dir='ltr'>non</span> <span class='ocrx_word' id='word_1_109' title='bbox 1259 916 1447 956; x_wconf 87' lang='lat' dir='ltr'>possum.</span> <span class='ocrx_word' id='word_1_110' title='bbox 1467 915 1520 942; x_wconf 90' lang='lat' dir='ltr'>ne</span> 
     </span>
     <span class='ocr_line' id='line_1_14' title="bbox 94 958 1521 1018; baseline -0.004 -15"><span class='ocrx_word' id='word_1_111' title='bbox 94 972 144 1003; x_wconf 89' lang='lat' dir='ltr'>tu</span> <span class='ocrx_word' id='word_1_112' title='bbox 174 961 358 1018; x_wconf 89' lang='lat' dir='ltr'>quidem,</span> <span class='ocrx_word' id='word_1_113' title='bbox 389 962 558 1004; x_wconf 87' lang='lat' dir='ltr'>Vellei:</span> <span class='ocrx_word' id='word_1_114' title='bbox 590 961 665 1001; x_wconf 89' lang='lat' dir='ltr'>sed</span> <span class='ocrx_word' id='word_1_115' title='bbox 698 975 782 1001; x_wconf 92' lang='lat' dir='ltr'>non</span> <span class='ocrx_word' id='word_1_116' title='bbox 811 960 869 1000; x_wconf 90' lang='lat' dir='ltr'>vis</span> <span class='ocrx_word' id='word_1_117' title='bbox 899 959 1031 1000; x_wconf 89' lang='lat' dir='ltr'>fateri.</span> <span class='ocrx_word' id='word_1_118' title='bbox 1092 960 1178 999; x_wconf 88' lang='lat' dir='ltr'>Ista</span> <span class='ocrx_word' id='word_1_119' title='bbox 1209 959 1319 998; x_wconf 89' lang='lat' dir='ltr'>enim</span> <span class='ocrx_word' id='word_1_120' title='bbox 1349 972 1374 998; x_wconf 89' lang='lat' dir='ltr'>a</span> <span class='ocrx_word' id='word_1_121' title='bbox 1402 958 1521 999; x_wconf 86' lang='lat' dir='ltr'>vobis</span> 
     </span>
     <span class='ocr_line' id='line_1_15' title="bbox 93 1014 1522 1074; baseline -0.003 -15"><span class='ocrx_word' id='word_1_122' title='bbox 93 1019 213 1074; x_wconf 87' lang='lat' dir='ltr'>quasi</span> <span class='ocrx_word' id='word_1_123' title='bbox 237 1018 394 1059; x_wconf 89' lang='lat' dir='ltr'>dictata</span> <span class='ocrx_word' id='word_1_124' title='bbox 423 1017 668 1067; x_wconf 84' lang='lat' dir='ltr'>redduntur,</span> <span class='ocrx_word' id='word_1_125' title='bbox 697 1032 791 1072; x_wconf 85' lang='lat' dir='ltr'>quae</span> <span class='ocrx_word' id='word_1_126' title='bbox 817 1015 1023 1071; x_wconf 86' lang='lat' dir='ltr'>Epicurus</span> <span class='ocrx_word' id='word_1_127' title='bbox 1050 1016 1231 1056; x_wconf 88' lang='lat' dir='ltr'>oscitans</span> <span class='ocrx_word' id='word_1_128' title='bbox 1258 1014 1522 1056; x_wconf 83' lang='lat' dir='ltr'>halucinatus</span> 
     </span>
     <span class='ocr_line' id='line_1_16' title="bbox 95 1071 1522 1130; baseline -0.004 -14"><span class='ocrx_word' id='word_1_129' title='bbox 95 1084 174 1126; x_wconf 85' lang='lat' dir='ltr'>est,</span> <span class='ocrx_word' id='word_1_130' title='bbox 193 1089 290 1116; x_wconf 91' lang='lat' dir='ltr'>cum</span> <span class='ocrx_word' id='word_1_131' title='bbox 309 1073 479 1130; x_wconf 89' lang='lat' dir='ltr'>quidem</span> <span class='ocrx_word' id='word_1_132' title='bbox 497 1072 763 1130; x_wconf 82' lang='lat' dir='ltr'>gloriaretur,</span> <span class='ocrx_word' id='word_1_133' title='bbox 783 1081 830 1113; x_wconf 90' lang='lat' dir='ltr'>ut</span> <span class='ocrx_word' id='word_1_134' title='bbox 849 1072 1038 1113; x_wconf 86' lang='lat' dir='ltr'>videmus</span> <span class='ocrx_word' id='word_1_135' title='bbox 1058 1072 1098 1112; x_wconf 88' lang='lat' dir='ltr'>in</span> <span class='ocrx_word' id='word_1_136' title='bbox 1122 1071 1299 1126; x_wconf 86' lang='lat' dir='ltr'>scriptis,</span> <span class='ocrx_word' id='word_1_137' title='bbox 1321 1085 1363 1110; x_wconf 88' lang='lat' dir='ltr'>se</span> <span class='ocrx_word' id='word_1_138' title='bbox 1383 1071 1522 1126; x_wconf 85' lang='lat' dir='ltr'>magi-</span> 
     </span>
     <span class='ocr_line' id='line_1_17' title="bbox 94 1127 1525 1186; baseline -0.004 -13"><span class='ocrx_word' id='word_1_139' title='bbox 94 1139 227 1173; x_wconf 86' lang='lat' dir='ltr'>strum</span> <span class='ocrx_word' id='word_1_140' title='bbox 250 1130 446 1172; x_wconf 90' lang='lat' dir='ltr'>habuisse</span> <span class='ocrx_word' id='word_1_141' title='bbox 465 1130 642 1172; x_wconf 90' lang='lat' dir='ltr'>nullum.</span> <span class='ocrx_word' id='word_1_142' title='bbox 674 1129 788 1186; x_wconf 92' lang='lat' dir='ltr'>quod</span> <span class='ocrx_word' id='word_1_143' title='bbox 820 1139 863 1170; x_wconf 92' lang='lat' dir='ltr'>et</span> <span class='ocrx_word' id='word_1_144' title='bbox 895 1144 980 1169; x_wconf 91' lang='lat' dir='ltr'>non</span> <span class='ocrx_word' id='word_1_145' title='bbox 1011 1128 1269 1184; x_wconf 70' lang='lat' dir='ltr'>praedicanti,</span> <span class='ocrx_word' id='word_1_146' title='bbox 1298 1136 1440 1168; x_wconf 88' lang='lat' dir='ltr'>tamen</span> <span class='ocrx_word' id='word_1_147' title='bbox 1462 1127 1525 1168; x_wconf 87' lang='lat' dir='ltr'>fa-</span> 
     </span>
     <span class='ocr_line' id='line_1_18' title="bbox 96 1183 1525 1244; baseline -0.003 -16"><span class='ocrx_word' id='word_1_148' title='bbox 96 1188 175 1229; x_wconf 87' lang='lat' dir='ltr'>cile</span> <span class='ocrx_word' id='word_1_149' title='bbox 193 1187 364 1244; x_wconf 91' lang='lat' dir='ltr'>quidem</span> <span class='ocrx_word' id='word_1_150' title='bbox 386 1187 626 1228; x_wconf 87' lang='lat' dir='ltr'>crederem:</span> <span class='ocrx_word' id='word_1_151' title='bbox 658 1187 769 1228; x_wconf 87' lang='lat' dir='ltr'>sicut</span> <span class='ocrx_word' id='word_1_152' title='bbox 788 1186 887 1226; x_wconf 90' lang='lat' dir='ltr'>mali</span> <span class='ocrx_word' id='word_1_153' title='bbox 917 1185 1080 1226; x_wconf 87' lang='lat' dir='ltr'>aedificii</span> <span class='ocrx_word' id='word_1_154' title='bbox 1108 1184 1282 1226; x_wconf 89' lang='lat' dir='ltr'>domino</span> <span class='ocrx_word' id='word_1_155' title='bbox 1309 1183 1525 1239; x_wconf 87' lang='lat' dir='ltr'>glorianti,</span> 
     </span>
     <span class='ocr_line' id='line_1_19' title="bbox 96 1240 1527 1291; baseline -0.004 -5"><span class='ocrx_word' id='word_1_156' title='bbox 96 1259 142 1286; x_wconf 89' lang='lat' dir='ltr'>se</span> <span class='ocrx_word' id='word_1_157' title='bbox 162 1244 439 1286; x_wconf 88' lang='lat' dir='ltr'>architectum</span> <span class='ocrx_word' id='word_1_158' title='bbox 461 1259 543 1285; x_wconf 91' lang='lat' dir='ltr'>non</span> <span class='ocrx_word' id='word_1_159' title='bbox 563 1244 774 1285; x_wconf 86' lang='lat' dir='ltr'>habuisse.</span> <span class='ocrx_word' id='word_1_160' title='bbox 801 1251 816 1274; x_wconf 76' lang='lat'><strong>⁵</strong></span> <span class='ocrx_word' id='word_1_161' title='bbox 832 1242 935 1283; x_wconf 87' lang='lat' dir='ltr'>nihil</span> <span class='ocrx_word' id='word_1_162' title='bbox 961 1243 1073 1282; x_wconf 91' lang='lat' dir='ltr'>enim</span> <span class='ocrx_word' id='word_1_163' title='bbox 1105 1242 1190 1282; x_wconf 90' lang='lat' dir='ltr'>olet</span> <span class='ocrx_word' id='word_1_164' title='bbox 1210 1256 1260 1282; x_wconf 83' lang='lat' dir='ltr'>ex</span> <span class='ocrx_word' id='word_1_165' title='bbox 1281 1240 1527 1291; x_wconf 85' lang='lat' dir='ltr'>Academia,</span> 
     </span>
     <span class='ocr_line' id='line_1_20' title="bbox 98 1296 1527 1356; baseline -0.003 -15"><span class='ocrx_word' id='word_1_166' title='bbox 98 1301 203 1341; x_wconf 91' lang='lat' dir='ltr'>nihil</span> <span class='ocrx_word' id='word_1_167' title='bbox 244 1315 293 1341; x_wconf 82' lang='lat' dir='ltr'>ex</span> <span class='ocrx_word' id='word_1_168' title='bbox 327 1302 485 1356; x_wconf 89' lang='lat' dir='ltr'>Lyceo,</span> <span class='ocrx_word' id='word_1_169' title='bbox 523 1300 624 1340; x_wconf 86' lang='lat' dir='ltr'>nihil</span> <span class='ocrx_word' id='word_1_170' title='bbox 665 1315 716 1340; x_wconf 91' lang='lat' dir='ltr'>ne</span> <span class='ocrx_word' id='word_1_171' title='bbox 750 1314 773 1340; x_wconf 93' lang='lat' dir='ltr'>e</span> <span class='ocrx_word' id='word_1_172' title='bbox 804 1298 1035 1353; x_wconf 86' lang='lat' dir='ltr'>puerilibus</span> <span class='ocrx_word' id='word_1_173' title='bbox 1074 1297 1242 1353; x_wconf 88' lang='lat' dir='ltr'>quidem</span> <span class='ocrx_word' id='word_1_174' title='bbox 1283 1296 1527 1352; x_wconf 86' lang='lat' dir='ltr'>disciplinis.</span> 
     </span>
     <span class='ocr_line' id='line_1_21' title="bbox 99 1353 1527 1412; baseline -0.004 -14"><span class='ocrx_word' id='word_1_175' title='bbox 99 1358 384 1398; x_wconf 85' lang='lat' dir='ltr'>Xenocratem</span> <span class='ocrx_word' id='word_1_176' title='bbox 420 1357 565 1397; x_wconf 90' lang='lat' dir='ltr'>audire</span> <span class='ocrx_word' id='word_1_177' title='bbox 596 1356 764 1412; x_wconf 83' lang='lat' dir='ltr'>potuit:</span> <span class='ocrx_word' id='word_1_178' title='bbox 796 1369 922 1411; x_wconf 88' lang='lat' dir='ltr'>quem</span> <span class='ocrx_word' id='word_1_179' title='bbox 955 1355 1118 1395; x_wconf 88' lang='lat' dir='ltr'>virum?</span> <span class='ocrx_word' id='word_1_180' title='bbox 1152 1353 1209 1394; x_wconf 91' lang='lat' dir='ltr'>dii</span> <span class='ocrx_word' id='word_1_181' title='bbox 1241 1353 1527 1394; x_wconf 83' lang='lat' dir='ltr'>immortales!</span> 
     </span>
     <span class='ocr_line' id='line_1_22' title="bbox 100 1409 1532 1468; baseline -0.003 -14"><span class='ocrx_word' id='word_1_182' title='bbox 100 1422 144 1454; x_wconf 88' lang='lat' dir='ltr'>et</span> <span class='ocrx_word' id='word_1_183' title='bbox 180 1422 292 1464; x_wconf 84' lang='lat' dir='ltr'>sunt,</span> <span class='ocrx_word' id='word_1_184' title='bbox 321 1414 394 1468; x_wconf 90' lang='lat' dir='ltr'>qui</span> <span class='ocrx_word' id='word_1_185' title='bbox 429 1421 577 1468; x_wconf 90' lang='lat' dir='ltr'>putent</span> <span class='ocrx_word' id='word_1_186' title='bbox 610 1412 846 1454; x_wconf 87' lang='lat' dir='ltr'>audivisse:</span> <span class='ocrx_word' id='word_1_187' title='bbox 879 1411 968 1466; x_wconf 91' lang='lat' dir='ltr'>ipse</span> <span class='ocrx_word' id='word_1_188' title='bbox 1004 1425 1089 1451; x_wconf 91' lang='lat' dir='ltr'>non</span> <span class='ocrx_word' id='word_1_189' title='bbox 1126 1410 1228 1451; x_wconf 90' lang='lat' dir='ltr'>vult.</span> <span class='ocrx_word' id='word_1_190' title='bbox 1268 1410 1395 1450; x_wconf 86' lang='lat' dir='ltr'>credo</span> <span class='ocrx_word' id='word_1_191' title='bbox 1434 1409 1532 1464; x_wconf 88' lang='lat' dir='ltr'>plus</span> 
     </span>
     <span class='ocr_line' id='line_1_23' title="bbox 100 1466 1534 1525; baseline -0.003 -15"><span class='ocrx_word' id='word_1_192' title='bbox 100 1469 273 1511; x_wconf 89' lang='lat' dir='ltr'>nemini.</span> <span class='ocrx_word' id='word_1_193' title='bbox 333 1469 598 1525; x_wconf 89' lang='lat' dir='ltr'>Pamphilum</span> <span class='ocrx_word' id='word_1_194' title='bbox 628 1469 854 1525; x_wconf 85' lang='lat' dir='ltr'>quendam,</span> <span class='ocrx_word' id='word_1_195' title='bbox 881 1467 1064 1508; x_wconf 78' lang='lat' dir='ltr'>Platonis</span> <span class='ocrx_word' id='word_1_196' title='bbox 1092 1466 1343 1516; x_wconf 86' lang='lat' dir='ltr'>auditorem,</span> <span class='ocrx_word' id='word_1_197' title='bbox 1367 1466 1427 1506; x_wconf 89' lang='lat' dir='ltr'>ait</span> <span class='ocrx_word' id='word_1_198' title='bbox 1446 1480 1470 1506; x_wconf 88' lang='lat' dir='ltr'>a</span> <span class='ocrx_word' id='word_1_199' title='bbox 1489 1477 1534 1506; x_wconf 88' lang='lat' dir='ltr'>se</span> 
     </span>
     <span class='ocr_line' id='line_1_24' title="bbox 103 1523 1536 1578; baseline -0.003 -11"><span class='ocrx_word' id='word_1_200' title='bbox 103 1526 218 1568; x_wconf 88' lang='lat' dir='ltr'>Sami</span> <span class='ocrx_word' id='word_1_201' title='bbox 246 1526 450 1567; x_wconf 69' lang='lat' dir='ltr'>auditum„</span> <span class='ocrx_word' id='word_1_202' title='bbox 479 1525 535 1566; x_wconf 90' lang='lat' dir='ltr'>ibi</span> <span class='ocrx_word' id='word_1_203' title='bbox 561 1526 679 1566; x_wconf 49' lang='lat' dir='ltr'>*enim</span> <span class='ocrx_word' id='word_1_204' title='bbox 709 1524 952 1566; x_wconf 87' lang='lat' dir='ltr'>adolescens</span> <span class='ocrx_word' id='word_1_205' title='bbox 983 1523 1201 1564; x_wconf 87' lang='lat' dir='ltr'>habitabat</span> <span class='ocrx_word' id='word_1_206' title='bbox 1228 1537 1325 1563; x_wconf 90' lang='lat' dir='ltr'>cum</span> <span class='ocrx_word' id='word_1_207' title='bbox 1353 1530 1472 1578; x_wconf 87' lang='lat' dir='ltr'>patre</span> <span class='ocrx_word' id='word_1_208' title='bbox 1492 1529 1536 1562; x_wconf 82' lang='lat' dir='ltr'>et</span> 
     </span>
     <span class='ocr_line' id='line_1_25' title="bbox 102 1579 1536 1638; baseline -0.003 -15"><span class='ocrx_word' id='word_1_209' title='bbox 102 1582 317 1632; x_wconf 86' lang='lat' dir='ltr'>fratribus,</span> <span class='ocrx_word' id='word_1_210' title='bbox 347 1583 462 1638; x_wconf 90' lang='lat' dir='ltr'>quod</span> <span class='ocrx_word' id='word_1_211' title='bbox 492 1582 533 1622; x_wconf 90' lang='lat' dir='ltr'>in</span> <span class='ocrx_word' id='word_1_212' title='bbox 563 1596 656 1623; x_wconf 87' lang='lat' dir='ltr'>eam</span> <span class='ocrx_word' id='word_1_213' title='bbox 685 1592 804 1637; x_wconf 91' lang='lat' dir='ltr'>pater</span> <span class='ocrx_word' id='word_1_214' title='bbox 835 1580 925 1636; x_wconf 89' lang='lat' dir='ltr'>ejus</span> <span class='ocrx_word' id='word_1_215' title='bbox 954 1580 1141 1621; x_wconf 88' lang='lat' dir='ltr'>Neocles</span> <span class='ocrx_word' id='word_1_216' title='bbox 1165 1579 1388 1634; x_wconf 77' lang='lat' dir='ltr'>6agripeta</span> <span class='ocrx_word' id='word_1_217' title='bbox 1411 1592 1536 1620; x_wconf 91' lang='lat' dir='ltr'>vene-</span> 
     </span>
     <span class='ocr_line' id='line_1_26' title="bbox 103 1635 1594 1693; baseline -0.003 -12"><span class='ocrx_word' id='word_1_218' title='bbox 103 1649 180 1681; x_wconf 91' lang='lat' dir='ltr'>rat.</span> <span class='ocrx_word' id='word_1_219' title='bbox 240 1638 340 1689; x_wconf 88' lang='lat' dir='ltr'>Sed,</span> <span class='ocrx_word' id='word_1_220' title='bbox 361 1653 459 1679; x_wconf 92' lang='lat' dir='ltr'>cum</span> <span class='ocrx_word' id='word_1_221' title='bbox 480 1638 641 1693; x_wconf 83' lang='lat' dir='ltr'>agellus</span> <span class='ocrx_word' id='word_1_222' title='bbox 660 1652 758 1679; x_wconf 88' lang='lat' dir='ltr'>eum</span> <span class='ocrx_word' id='word_1_223' title='bbox 786 1652 871 1678; x_wconf 89' lang='lat' dir='ltr'>non</span> <span class='ocrx_word' id='word_1_224' title='bbox 902 1637 1001 1677; x_wconf 89' lang='lat' dir='ltr'>satis</span> <span class='ocrx_word' id='word_1_225' title='bbox 1031 1636 1175 1687; x_wconf 87' lang='lat' dir='ltr'>aleret,</span> <span class='ocrx_word' id='word_1_226' title='bbox 1206 1646 1254 1676; x_wconf 88' lang='lat' dir='ltr'>ut</span> <span class='ocrx_word' id='word_1_227' title='bbox 1283 1635 1448 1690; x_wconf 89' lang='lat' dir='ltr'>opinor,</span> <span class='ocrx_word' id='word_1_228' title='bbox 1468 1635 1594 1685; x_wconf 86' lang='lat' dir='ltr'>lu-73</span> 
     </span>
     <span class='ocr_line' id='line_1_27' title="bbox 104 1691 1539 1752; baseline -0.003 -15"><span class='ocrx_word' id='word_1_229' title='bbox 104 1696 353 1752; x_wconf 86' lang='lat' dir='ltr'>dimagister</span> <span class='ocrx_word' id='word_1_230' title='bbox 383 1695 477 1736; x_wconf 85' lang='lat' dir='ltr'>fuit.</span> <span class='ocrx_word' id='word_1_231' title='bbox 537 1695 620 1735; x_wconf 84' lang='lat' dir='ltr'>Sed</span> <span class='ocrx_word' id='word_1_232' title='bbox 649 1695 761 1735; x_wconf 91' lang='lat' dir='ltr'>hunc</span> <span class='ocrx_word' id='word_1_233' title='bbox 796 1694 1058 1734; x_wconf 86' lang='lat' dir='ltr'>Platonicum</span> <span class='ocrx_word' id='word_1_234' title='bbox 1091 1691 1265 1733; x_wconf 87' lang='lat' dir='ltr'>mirifice</span> <span class='ocrx_word' id='word_1_235' title='bbox 1305 1691 1539 1734; x_wconf 88' lang='lat' dir='ltr'>contemnit</span> 
     </span>
     <span class='ocr_line' id='line_1_28' title="bbox 103 1748 1540 1808; baseline -0.004 -14"><span class='ocrx_word' id='word_1_236' title='bbox 103 1753 336 1808; x_wconf 84' lang='lat' dir='ltr'>Epicurus:</span> <span class='ocrx_word' id='word_1_237' title='bbox 368 1751 427 1792; x_wconf 89' lang='lat' dir='ltr'>ita</span> <span class='ocrx_word' id='word_1_238' title='bbox 460 1751 624 1802; x_wconf 87' lang='lat' dir='ltr'>metuit,</span> <span class='ocrx_word' id='word_1_239' title='bbox 657 1766 707 1791; x_wconf 92' lang='lat' dir='ltr'>ne</span> <span class='ocrx_word' id='word_1_240' title='bbox 745 1750 846 1806; x_wconf 87' lang='lat' dir='ltr'>quid</span> <span class='ocrx_word' id='word_1_241' title='bbox 877 1764 1081 1805; x_wconf 86' lang='lat' dir='ltr'>umquam</span> <span class='ocrx_word' id='word_1_242' title='bbox 1113 1749 1306 1790; x_wconf 87' lang='lat' dir='ltr'>didicisse</span> <span class='ocrx_word' id='word_1_243' title='bbox 1335 1748 1540 1789; x_wconf 83' lang='lat' dir='ltr'>videatur,</span> 
     </span>
     <span class='ocr_line' id='line_1_29' title="bbox 107 1807 1542 1862; baseline -0.003 -12"><span class='ocrx_word' id='word_1_244' title='bbox 107 1811 157 1850; x_wconf 83' lang='lat' dir='ltr'>In</span> <span class='ocrx_word' id='word_1_245' title='bbox 192 1808 469 1862; x_wconf 85' lang='lat' dir='ltr'>Nausiphane</span> <span class='ocrx_word' id='word_1_246' title='bbox 501 1807 779 1849; x_wconf 85' lang='lat' dir='ltr'>Democriteo</span> <span class='ocrx_word' id='word_1_247' title='bbox 810 1815 1006 1847; x_wconf 89' lang='lat' dir='ltr'>tenetur:</span> <span class='ocrx_word' id='word_1_248' title='bbox 1038 1821 1164 1862; x_wconf 88' lang='lat' dir='ltr'>quern</span> <span class='ocrx_word' id='word_1_249' title='bbox 1198 1820 1295 1846; x_wconf 89' lang='lat' dir='ltr'>cum</span> <span class='ocrx_word' id='word_1_250' title='bbox 1327 1819 1352 1846; x_wconf 90' lang='lat' dir='ltr'>a</span> <span class='ocrx_word' id='word_1_251' title='bbox 1381 1819 1424 1845; x_wconf 92' lang='lat' dir='ltr'>se</span> <span class='ocrx_word' id='word_1_252' title='bbox 1454 1819 1542 1845; x_wconf 89' lang='lat' dir='ltr'>non</span> 
     </span>
     <span class='ocr_line' id='line_1_30' title="bbox 107 1861 1541 1921; baseline -0.003 -15"><span class='ocrx_word' id='word_1_253' title='bbox 107 1875 237 1921; x_wconf 87' lang='lat' dir='ltr'>neget</span> <span class='ocrx_word' id='word_1_254' title='bbox 256 1865 461 1915; x_wconf 86' lang='lat' dir='ltr'>auditum,</span> <span class='ocrx_word' id='word_1_255' title='bbox 483 1872 602 1905; x_wconf 87' lang='lat' dir='ltr'>vexat</span> <span class='ocrx_word' id='word_1_256' title='bbox 622 1874 764 1905; x_wconf 89' lang='lat' dir='ltr'>tamen</span> <span class='ocrx_word' id='word_1_257' title='bbox 785 1863 981 1903; x_wconf 87' lang='lat' dir='ltr'>omnibus</span> <span class='ocrx_word' id='word_1_258' title='bbox 1013 1862 1294 1903; x_wconf 89' lang='lat' dir='ltr'>contumeliis.</span> <span class='ocrx_word' id='word_1_259' title='bbox 1352 1861 1487 1916; x_wconf 88' lang='lat' dir='ltr'>Atqui</span> <span class='ocrx_word' id='word_1_260' title='bbox 1507 1861 1541 1901; x_wconf 89' lang='lat' dir='ltr'>si</span> 
     </span>
     <span class='ocr_line' id='line_1_31' title="bbox 108 1917 1543 1975; baseline -0.003 -12"><span class='ocrx_word' id='word_1_261' title='bbox 108 1923 201 1963; x_wconf 89' lang='lat' dir='ltr'>haec</span> <span class='ocrx_word' id='word_1_262' title='bbox 230 1921 505 1963; x_wconf 85' lang='lat' dir='ltr'>Democritea</span> <span class='ocrx_word' id='word_1_263' title='bbox 533 1935 615 1961; x_wconf 90' lang='lat' dir='ltr'>non</span> <span class='ocrx_word' id='word_1_264' title='bbox 651 1920 850 1970; x_wconf 84' lang='lat' dir='ltr'>audisset,</span> <span class='ocrx_word' id='word_1_265' title='bbox 885 1919 986 1975; x_wconf 91' lang='lat' dir='ltr'>quid</span> <span class='ocrx_word' id='word_1_266' title='bbox 1020 1919 1240 1960; x_wconf 84' lang='lat' dir='ltr'>audierat?</span> <span class='ocrx_word' id='word_1_267' title='bbox 1275 1918 1377 1974; x_wconf 89' lang='lat' dir='ltr'>quid</span> <span class='ocrx_word' id='word_1_268' title='bbox 1407 1927 1472 1958; x_wconf 89' lang='lat' dir='ltr'>est</span> <span class='ocrx_word' id='word_1_269' title='bbox 1500 1917 1543 1958; x_wconf 89' lang='lat' dir='ltr'>in</span> 
     </span>
     <span class='ocr_line' id='line_1_32' title="bbox 109 1975 1544 2034; baseline -0.003 -15"><span class='ocrx_word' id='word_1_270' title='bbox 109 1978 296 2034; x_wconf 90' lang='lat' dir='ltr'>physicis</span> <span class='ocrx_word' id='word_1_271' title='bbox 315 1977 489 2032; x_wconf 86' lang='lat' dir='ltr'>Epicuri</span> <span class='ocrx_word' id='word_1_272' title='bbox 511 1992 594 2017; x_wconf 92' lang='lat' dir='ltr'>non</span> <span class='ocrx_word' id='word_1_273' title='bbox 614 1991 638 2017; x_wconf 90' lang='lat' dir='ltr'>a</span> <span class='ocrx_word' id='word_1_274' title='bbox 658 1976 937 2017; x_wconf 89' lang='lat' dir='ltr'>Democrito?</span> <span class='ocrx_word' id='word_1_275' title='bbox 971 1990 1066 2016; x_wconf 90' lang='lat' dir='ltr'>nam</span> <span class='ocrx_word' id='word_1_276' title='bbox 1096 1975 1175 2016; x_wconf 89' lang='lat' dir='ltr'>etsi</span> <span class='ocrx_word' id='word_1_277' title='bbox 1202 1975 1399 2031; x_wconf 89' lang='lat' dir='ltr'>quaedam</span> <span class='ocrx_word' id='word_1_278' title='bbox 1423 1989 1544 2015; x_wconf 90' lang='lat' dir='ltr'>com—</span> 
     </span>
     <span class='ocr_line' id='line_1_33' title="bbox 110 2032 1543 2089; baseline -0.002 -14"><span class='ocrx_word' id='word_1_279' title='bbox 110 2034 302 2084; x_wconf 90' lang='lat' dir='ltr'>mutavit,</span> <span class='ocrx_word' id='word_1_280' title='bbox 340 2043 402 2083; x_wconf 92' lang='lat' dir='ltr'>ut,</span> <span class='ocrx_word' id='word_1_281' title='bbox 441 2033 556 2089; x_wconf 91' lang='lat' dir='ltr'>quod</span> <span class='ocrx_word' id='word_1_282' title='bbox 594 2033 737 2088; x_wconf 91' lang='lat' dir='ltr'>paullo</span> <span class='ocrx_word' id='word_1_283' title='bbox 775 2043 871 2073; x_wconf 89' lang='lat' dir='ltr'>ante</span> <span class='ocrx_word' id='word_1_284' title='bbox 909 2032 961 2073; x_wconf 88' lang='lat' dir='ltr'>de</span> <span class='ocrx_word' id='word_1_285' title='bbox 995 2033 1264 2073; x_wconf 87' lang='lat' dir='ltr'>inclinatione</span> <span class='ocrx_word' id='word_1_286' title='bbox 1302 2041 1543 2073; x_wconf 89' lang='lat' dir='ltr'>atomorum</span> 
     </span>
     <span class='ocr_line' id='line_1_34' title="bbox 108 2088 1650 2145; baseline -0.005 -13"><span class='ocrx_word' id='word_1_287' title='bbox 108 2091 220 2132; x_wconf 88' lang='lat' dir='ltr'>dixi:</span> <span class='ocrx_word' id='word_1_288' title='bbox 248 2099 388 2131; x_wconf 85' lang='lat' dir='ltr'>tamen</span> <span class='ocrx_word' id='word_1_289' title='bbox 408 2090 606 2145; x_wconf 88' lang='lat' dir='ltr'>pleraque</span> <span class='ocrx_word' id='word_1_290' title='bbox 626 2089 728 2130; x_wconf 82' lang='lat' dir='ltr'>dicit</span> <span class='ocrx_word' id='word_1_291' title='bbox 756 2088 899 2129; x_wconf 86' lang='lat' dir='ltr'>eadem</span> <span class='ocrx_word' id='word_1_292' title='bbox 922 2105 933 2138; x_wconf 82' lang='lat'>3</span> <span class='ocrx_word' id='word_1_293' title='bbox 965 2098 1146 2140; x_wconf 89' lang='lat' dir='ltr'>atomos,</span> <span class='ocrx_word' id='word_1_294' title='bbox 1166 2089 1304 2139; x_wconf 89' lang='lat' dir='ltr'>inane,</span> <span class='ocrx_word' id='word_1_295' title='bbox 1321 2088 1542 2143; x_wconf 83' lang='lat' dir='ltr'>imagines,</span> <span class='ocrx_word' id='word_1_296' title='bbox 1553 2088 1650 2124; x_wconf 83' lang='lat' dir='ltr'><strong>P·¹⁶·</strong></span> 
     </span>
     <span class='ocr_line' id='line_1_35' title="bbox 110 2137 1583 2201; baseline -0.003 -12"><span class='ocrx_word' id='word_1_297' title='bbox 110 2147 357 2189; x_wconf 85' lang='lat' dir='ltr'>infinitatem</span> <span class='ocrx_word' id='word_1_298' title='bbox 372 2147 577 2196; x_wconf 89' lang='lat' dir='ltr'>locorum,</span> <span class='ocrx_word' id='word_1_299' title='bbox 592 2145 1104 2201; x_wconf 87' lang='lat' dir='ltr'>innumerabilitatemque</span> <span class='ocrx_word' id='word_1_300' title='bbox 1113 2145 1384 2195; x_wconf 87' lang='lat' dir='ltr'>mundorum,</span> <span class='ocrx_word' id='word_1_301' title='bbox 1395 2158 1545 2186; x_wconf 90' lang='lat' dir='ltr'>eorum</span> <span class='ocrx_word' id='word_1_302' title='bbox 1552 2137 1583 2160; x_wconf 70' lang='lat'>³¹</span> 
     </span>
     <span class='ocr_line' id='line_1_36' title="bbox 111 2201 1546 2257; baseline -0.002 -12"><span class='ocrx_word' id='word_1_303' title='bbox 111 2212 244 2255; x_wconf 91' lang='lat' dir='ltr'>ortus,</span> <span class='ocrx_word' id='word_1_304' title='bbox 277 2203 482 2253; x_wconf 84' lang='lat' dir='ltr'>interitus,</span> <span class='ocrx_word' id='word_1_305' title='bbox 517 2203 660 2242; x_wconf 91' lang='lat' dir='ltr'>omnia</span> <span class='ocrx_word' id='word_1_306' title='bbox 692 2202 794 2252; x_wconf 84' lang='lat' dir='ltr'>fere,</span> <span class='ocrx_word' id='word_1_307' title='bbox 829 2202 982 2257; x_wconf 90' lang='lat' dir='ltr'>quibus</span> <span class='ocrx_word' id='word_1_308' title='bbox 1019 2212 1176 2243; x_wconf 85' lang='lat' dir='ltr'>naturae</span> <span class='ocrx_word' id='word_1_309' title='bbox 1210 2202 1317 2242; x_wconf 89' lang='lat' dir='ltr'>ratio</span> <span class='ocrx_word' id='word_1_310' title='bbox 1354 2201 1546 2242; x_wconf 90' lang='lat' dir='ltr'>contine-</span> 
     </span>
     <span class='ocr_line' id='line_1_37' title="bbox 111 2255 1547 2314; baseline -0.003 -13"><span class='ocrx_word' id='word_1_311' title='bbox 111 2269 196 2301; x_wconf 77' lang='lat' dir='ltr'>tur.</span> <span class='ocrx_word' id='word_1_312' title='bbox 254 2260 382 2300; x_wconf 90' lang='lat' dir='ltr'>Nunc</span> <span class='ocrx_word' id='word_1_313' title='bbox 416 2259 527 2299; x_wconf 88' lang='lat' dir='ltr'>istud</span> <span class='ocrx_word' id='word_1_314' title='bbox 558 2258 677 2314; x_wconf 85' lang='lat' dir='ltr'>quasi</span> <span class='ocrx_word' id='word_1_315' title='bbox 708 2272 875 2313; x_wconf 85' lang='lat' dir='ltr'>corpus,</span> <span class='ocrx_word' id='word_1_316' title='bbox 909 2267 952 2298; x_wconf 89' lang='lat' dir='ltr'>et</span> <span class='ocrx_word' id='word_1_317' title='bbox 983 2258 1102 2313; x_wconf 89' lang='lat' dir='ltr'>quasi</span> <span class='ocrx_word' id='word_1_318' title='bbox 1141 2258 1407 2313; x_wconf 84' lang='lat' dir='ltr'>sanguinem,</span> <span class='ocrx_word' id='word_1_319' title='bbox 1444 2255 1547 2313; x_wconf 92' lang='lat' dir='ltr'>quid</span> 
     </span>
     <span class='ocr_line' id='line_1_38' title="bbox 112 2314 1607 2371; baseline -0.003 -14"><span class='ocrx_word' id='word_1_320' title='bbox 112 2316 344 2371; x_wconf 84' lang='lat' dir='ltr'>intelligis?</span> <span class='ocrx_word' id='word_1_321' title='bbox 378 2317 474 2371; x_wconf 81' lang='lat' dir='ltr'>Ego</span> <span class='ocrx_word' id='word_1_322' title='bbox 510 2316 621 2355; x_wconf 91' lang='lat' dir='ltr'>enim</span> <span class='ocrx_word' id='word_1_323' title='bbox 653 2314 758 2355; x_wconf 89' lang='lat' dir='ltr'>scire</span> <span class='ocrx_word' id='word_1_324' title='bbox 792 2324 834 2355; x_wconf 90' lang='lat' dir='ltr'>te</span> <span class='ocrx_word' id='word_1_325' title='bbox 874 2315 952 2361; x_wconf 87' lang='lat' dir='ltr'>ista</span> <span class='ocrx_word' id='word_1_326' title='bbox 983 2314 1147 2364; x_wconf 87' lang='lat' dir='ltr'>melius,</span> <span class='ocrx_word' id='word_1_327' title='bbox 1181 2328 1308 2370; x_wconf 90' lang='lat' dir='ltr'>quam</span> <span class='ocrx_word' id='word_1_328' title='bbox 1342 2328 1427 2365; x_wconf 90' lang='lat' dir='ltr'>me,</span> <span class='ocrx_word' id='word_1_329' title='bbox 1460 2316 1607 2360; x_wconf 83' lang='lat' dir='ltr'>n0n74</span> 
     </span>
    </p>
   </div>
   <div class='ocr_carea' id='block_1_3' title="bbox 114 2428 1550 2723">
    <p class='ocr_par' dir='ltr' id='par_1_3' title="bbox 114 2428 1550 2723">
     <span class='ocr_line' id='line_1_39' title="bbox 157 2428 1150 2467; baseline -0.005 -6"><span class='ocrx_word' id='word_1_330' title='bbox 157 2437 176 2461; x_wconf 80' lang='lat'><strong>3</strong></span> <span class='ocrx_word' id='word_1_331' title='bbox 199 2430 276 2460; x_wconf 79' lang='lat' dir='ltr'>m&#39;ln&#39;l</span> <span class='ocrx_word' id='word_1_332' title='bbox 289 2430 398 2466; x_wconf 77' lang='lat' dir='ltr'>borum,</span> <span class='ocrx_word' id='word_1_333' title='bbox 420 2429 475 2458; x_wconf 79' lang='lat' dir='ltr'>nisi</span> <span class='ocrx_word' id='word_1_334' title='bbox 495 2428 613 2467; x_wconf 78' lang='lat' dir='ltr'>callide]</span> <span class='ocrx_word' id='word_1_335' title='bbox 633 2428 688 2458; x_wconf 78' lang='lat' dir='ltr'>nisi</span> <span class='ocrx_word' id='word_1_336' title='bbox 704 2428 808 2457; x_wconf 78' lang='lat' dir='ltr'>callide</span> <span class='ocrx_word' id='word_1_337' title='bbox 852 2429 1045 2458; x_wconf 75' lang='lat' dir='ltr'>mutandum</span> <span class='ocrx_word' id='word_1_338' title='bbox 1062 2433 1150 2466; x_wconf 78' lang='lat' dir='ltr'>puto.</span> 
     </span>
     <span class='ocr_line' id='line_1_40' title="bbox 114 2469 1549 2510; baseline -0.002 -7"><span class='ocrx_word' id='word_1_339' title='bbox 114 2473 267 2503; x_wconf 72' lang='lat' dir='ltr'>vitiosum</span> <span class='ocrx_word' id='word_1_340' title='bbox 296 2483 375 2509; x_wconf 85' lang='lat' dir='ltr'>esse,</span> <span class='ocrx_word' id='word_1_341' title='bbox 403 2483 449 2503; x_wconf 88' lang='lat' dir='ltr'>res</span> <span class='ocrx_word' id='word_1_342' title='bbox 477 2474 579 2503; x_wconf 84' lang='lat' dir='ltr'>docet.</span> <span class='ocrx_word' id='word_1_343' title='bbox 610 2471 690 2501; x_wconf 90' lang='lat' dir='ltr'>nihil</span> <span class='ocrx_word' id='word_1_344' title='bbox 720 2473 808 2502; x_wconf 83' lang='lat' dir='ltr'>enim</span> <span class='ocrx_word' id='word_1_345' title='bbox 897 2479 912 2501; x_wconf 87' lang='grc'><strong><em>5</em></strong></span> <span class='ocrx_word' id='word_1_346' title='bbox 938 2470 1050 2499; x_wconf 73' lang='lat' dir='ltr'>nihile.</span> <span class='ocrx_word' id='word_1_347' title='bbox 1066 2469 1134 2508; x_wconf 87' lang='lat' dir='ltr'>olet]</span> <span class='ocrx_word' id='word_1_348' title='bbox 1161 2470 1240 2501; x_wconf 87' lang='lat' dir='ltr'>Mss.</span> <span class='ocrx_word' id='word_1_349' title='bbox 1262 2472 1393 2510; x_wconf 86' lang='lat' dir='ltr'>quidam</span> <span class='ocrx_word' id='word_1_350' title='bbox 1418 2471 1499 2501; x_wconf 81' lang='lat' dir='ltr'>Dav.</span> <span class='ocrx_word' id='word_1_351' title='bbox 1516 2476 1549 2500; x_wconf 86' lang='lat' dir='ltr'>et</span> 
     </span>
     <span class='ocr_line' id='line_1_41' title="bbox 114 2513 1550 2554; baseline -0.001 -9"><span class='ocrx_word' id='word_1_352' title='bbox 114 2515 219 2545; x_wconf 84' lang='lat' dir='ltr'>callidi</span> <span class='ocrx_word' id='word_1_353' title='bbox 236 2516 327 2545; x_wconf 85' lang='lat' dir='ltr'>estin</span> <span class='ocrx_word' id='word_1_354' title='bbox 344 2525 394 2551; x_wconf 87' lang='lat' dir='ltr'>eo,</span> <span class='ocrx_word' id='word_1_355' title='bbox 417 2525 481 2554; x_wconf 87' lang='lat' dir='ltr'>quo</span> <span class='ocrx_word' id='word_1_356' title='bbox 502 2515 608 2554; x_wconf 84' lang='lat' dir='ltr'>majus</span> <span class='ocrx_word' id='word_1_357' title='bbox 629 2516 809 2544; x_wconf 89' lang='lat' dir='ltr'>incommo-</span> <span class='ocrx_word' id='word_1_358' title='bbox 854 2513 1086 2553; x_wconf 82' lang='lat' dir='ltr'>Guelf.floret.·</span> <span class='ocrx_word' id='word_1_359' title='bbox 1109 2514 1196 2552; x_wconf 86' lang='lat' dir='ltr'>quod</span> <span class='ocrx_word' id='word_1_360' title='bbox 1218 2513 1271 2544; x_wconf 84' lang='lat' dir='ltr'>ille</span> <span class='ocrx_word' id='word_1_361' title='bbox 1294 2521 1325 2543; x_wconf 86' lang='lat' dir='ltr'>et</span> <span class='ocrx_word' id='word_1_362' title='bbox 1346 2514 1472 2553; x_wconf 87' lang='lat' dir='ltr'>recepit.</span> <span class='ocrx_word' id='word_1_363' title='bbox 1496 2513 1550 2543; x_wconf 81' lang='lat' dir='ltr'>fir-</span> 
     </span>
     <span class='ocr_line' id='line_1_42' title="bbox 118 2556 1547 2595; baseline -0.001 -8"><span class='ocrx_word' id='word_1_364' title='bbox 118 2559 198 2587; x_wconf 89' lang='lat' dir='ltr'>dum</span> <span class='ocrx_word' id='word_1_365' title='bbox 213 2558 370 2588; x_wconf 87' lang='lat' dir='ltr'>subimus.</span> <span class='ocrx_word' id='word_1_366' title='bbox 415 2558 498 2588; x_wconf 87' lang='lat' dir='ltr'>Libri</span> <span class='ocrx_word' id='word_1_367' title='bbox 520 2567 580 2588; x_wconf 88' lang='lat' dir='ltr'>scr.</span> <span class='ocrx_word' id='word_1_368' title='bbox 600 2564 631 2587; x_wconf 85' lang='lat' dir='ltr'>et</span> <span class='ocrx_word' id='word_1_369' title='bbox 651 2559 721 2588; x_wconf 87' lang='lat' dir='ltr'>edd.</span> <span class='ocrx_word' id='word_1_370' title='bbox 736 2565 809 2587; x_wconf 77' lang='lat' dir='ltr'>vett.</span> <span class='ocrx_word' id='word_1_371' title='bbox 855 2563 921 2586; x_wconf 81' lang='lat' dir='ltr'>mat</span> <span class='ocrx_word' id='word_1_372' title='bbox 947 2566 964 2585; x_wconf 86' lang='lat' dir='ltr'>e</span> <span class='ocrx_word' id='word_1_373' title='bbox 990 2557 1093 2586; x_wconf 84' lang='lat' dir='ltr'>Partit.</span> <span class='ocrx_word' id='word_1_374' title='bbox 1119 2556 1174 2587; x_wconf 89' lang='lat' dir='ltr'>Or.</span> <span class='ocrx_word' id='word_1_375' title='bbox 1202 2564 1253 2588; x_wconf 82' lang='lat'>40.</span> <span class='ocrx_word' id='word_1_376' title='bbox 1277 2557 1332 2587; x_wconf 88' lang='lat' dir='ltr'>ubi</span> <span class='ocrx_word' id='word_1_377' title='bbox 1354 2564 1413 2592; x_wconf 86' lang='lat' dir='ltr'>est,</span> <span class='ocrx_word' id='word_1_378' title='bbox 1438 2566 1511 2595; x_wconf 88' lang='lat' dir='ltr'>quae</span> <span class='ocrx_word' id='word_1_379' title='bbox 1534 2568 1547 2593; x_wconf 72' lang='grc' dir='ltr'>ς</span> 
     </span>
     <span class='ocr_line' id='line_1_43' title="bbox 118 2599 1548 2639; baseline -0.001 -9"><span class='ocrx_word' id='word_1_380' title='bbox 118 2599 229 2630; x_wconf 76' lang='lat' dir='ltr'>valde.-</span> <span class='ocrx_word' id='word_1_381' title='bbox 252 2601 337 2639; x_wconf 86' lang='lat' dir='ltr'>quod</span> <span class='ocrx_word' id='word_1_382' title='bbox 359 2602 471 2639; x_wconf 80' lang='lat' dir='ltr'>pariter</span> <span class='ocrx_word' id='word_1_383' title='bbox 492 2601 643 2631; x_wconf 83' lang='lat' dir='ltr'>vitiosum</span> <span class='ocrx_word' id='word_1_384' title='bbox 665 2606 721 2630; x_wconf 86' lang='lat' dir='ltr'>est.</span> <span class='ocrx_word' id='word_1_385' title='bbox 752 2609 811 2630; x_wconf 84' lang='lat' dir='ltr'>nec</span> <span class='ocrx_word' id='word_1_386' title='bbox 855 2599 959 2629; x_wconf 84' lang='lat' dir='ltr'>media</span> <span class='ocrx_word' id='word_1_387' title='bbox 982 2600 1154 2629; x_wconf 76' lang='lat' dir='ltr'>AcademIa</span> <span class='ocrx_word' id='word_1_388' title='bbox 1165 2599 1352 2638; x_wconf 80' lang='lat' dir='ltr'>floruerunt:</span> <span class='ocrx_word' id='word_1_389' title='bbox 1375 2600 1429 2629; x_wconf 80' lang='lat' dir='ltr'>sed</span> <span class='ocrx_word' id='word_1_390' title='bbox 1444 2599 1486 2628; x_wconf 88' lang='lat' dir='ltr'>ibi</span> <span class='ocrx_word' id='word_1_391' title='bbox 1503 2605 1548 2629; x_wconf 90' lang='lat' dir='ltr'>est</span> 
     </span>
     <span class='ocr_line' id='line_1_44' title="bbox 120 2638 1549 2683; baseline -0.001 -11"><span class='ocrx_word' id='word_1_392' title='bbox 120 2643 235 2673; x_wconf 83' lang='lat' dir='ltr'>melius</span> <span class='ocrx_word' id='word_1_393' title='bbox 271 2643 481 2674; x_wconf 85' lang='lat' dir='ltr'>Davisianum</span> <span class='ocrx_word' id='word_1_394' title='bbox 517 2642 636 2673; x_wconf 83' lang='lat' dir='ltr'>calide.-</span> <span class='ocrx_word' id='word_1_395' title='bbox 673 2643 809 2674; x_wconf 86' lang='lat' dir='ltr'>malim:</span> <span class='ocrx_word' id='word_1_396' title='bbox 855 2651 910 2683; x_wconf 88' lang='lat' dir='ltr'>pro</span> <span class='ocrx_word' id='word_1_397' title='bbox 940 2642 1039 2679; x_wconf 86' lang='lat' dir='ltr'>nasci,</span> <span class='ocrx_word' id='word_1_398' title='bbox 1065 2638 1330 2673; x_wconf 69' lang='lat' dir='ltr'>et‘effloreseere:</span> <span class='ocrx_word' id='word_1_399' title='bbox 1355 2642 1442 2681; x_wconf 91' lang='lat' dir='ltr'>quod</span> <span class='ocrx_word' id='word_1_400' title='bbox 1472 2641 1549 2671; x_wconf 88' lang='lat' dir='ltr'>huic</span> 
     </span>
     <span class='ocr_line' id='line_1_45' title="bbox 121 2684 1549 2723; baseline -0.001 -8"><span class='ocrx_word' id='word_1_401' title='bbox 121 2685 198 2715; x_wconf 77' lang='lat' dir='ltr'>nihil</span> <span class='ocrx_word' id='word_1_402' title='bbox 210 2685 307 2714; x_wconf 80' lang='lat' dir='ltr'>horum</span> <span class='ocrx_word' id='word_1_403' title='bbox 322 2685 438 2715; x_wconf 80' lang='lat' dir='ltr'>callide.</span> <span class='ocrx_word' id='word_1_404' title='bbox 856 2691 962 2715; x_wconf 78' lang='lat' dir='ltr'>nostro</span> <span class='ocrx_word' id='word_1_405' title='bbox 978 2684 1048 2714; x_wconf 88' lang='lat' dir='ltr'>loco</span> <span class='ocrx_word' id='word_1_406' title='bbox 1063 2695 1129 2714; x_wconf 91' lang='lat' dir='ltr'>non</span> <span class='ocrx_word' id='word_1_407' title='bbox 1145 2687 1306 2722; x_wconf 81' lang='lat' dir='ltr'>convenit,</span> <span class='ocrx_word' id='word_1_408' title='bbox 1317 2685 1371 2715; x_wconf 90' lang='lat' dir='ltr'>ubi</span> <span class='ocrx_word' id='word_1_409' title='bbox 1388 2691 1446 2721; x_wconf 83' lang='lat' dir='ltr'>est,</span> <span class='ocrx_word' id='word_1_410' title='bbox 1463 2684 1549 2723; x_wconf 88' lang='lat' dir='ltr'>quod</span> 
     </span>
    </p>
   </div>
   <div class='ocr_carea' id='block_1_4' title="bbox 122 2726 1551 2809">
    <p class='ocr_par' dir='ltr' id='par_1_4' title="bbox 122 2726 1551 2809">
     <span class='ocr_line' id='line_1_46' title="bbox 165 2726 1551 2768; baseline -0.002 -10"><span class='ocrx_word' id='word_1_411' title='bbox 165 2736 184 2758; x_wconf 86' lang='lat'><strong>4</strong></span> <span class='ocrx_word' id='word_1_412' title='bbox 207 2728 237 2757; x_wconf 90' lang='lat' dir='ltr'>in</span> <span class='ocrx_word' id='word_1_413' title='bbox 252 2728 361 2767; x_wconf 74' lang='lat' dir='ltr'>cerisf.</span> <span class='ocrx_word' id='word_1_414' title='bbox 383 2727 592 2767; x_wconf 82' lang='lat' dir='ltr'>autfictilibus</span> <span class='ocrx_word' id='word_1_415' title='bbox 602 2726 730 2768; x_wconf 81' lang='lat' dir='ltr'>figuris]</span> <span class='ocrx_word' id='word_1_416' title='bbox 750 2728 814 2758; x_wconf 85' lang='lat' dir='ltr'>Da·</span> <span class='ocrx_word' id='word_1_417' title='bbox 856 2728 932 2758; x_wconf 83' lang='lat' dir='ltr'>alias</span> <span class='ocrx_word' id='word_1_418' title='bbox 947 2727 1022 2757; x_wconf 85' lang='lat' dir='ltr'>dicit</span> <span class='ocrx_word' id='word_1_419' title='bbox 1037 2727 1135 2766; x_wconf 78' lang='lat' dir='ltr'>sapie.-</span> <span class='ocrx_word' id='word_1_420' title='bbox 1159 2737 1224 2767; x_wconf 92' lang='lat' dir='ltr'>quo</span> <span class='ocrx_word' id='word_1_421' title='bbox 1246 2738 1341 2758; x_wconf 90' lang='lat' dir='ltr'>sensu</span> <span class='ocrx_word' id='word_1_422' title='bbox 1352 2726 1462 2768; x_wconf 77' lang='lat' dir='ltr'>florere</span> <span class='ocrx_word' id='word_1_423' title='bbox 1485 2736 1551 2756; x_wconf 89' lang='lat' dir='ltr'>non</span> 
     </span>
     <span class='ocr_line' id='line_1_47' title="bbox 122 2770 983 2809; baseline 0 -10"><span class='ocrx_word' id='word_1_424' title='bbox 122 2770 218 2800; x_wconf 85' lang='lat' dir='ltr'>visius</span> <span class='ocrx_word' id='word_1_425' title='bbox 238 2780 279 2800; x_wconf 84' lang='lat' dir='ltr'>ex</span> <span class='ocrx_word' id='word_1_426' title='bbox 301 2771 350 2801; x_wconf 83' lang='lat' dir='ltr'>ed.</span> <span class='ocrx_word' id='word_1_427' title='bbox 373 2770 446 2801; x_wconf 84' lang='lat' dir='ltr'>Ald.</span> <span class='ocrx_word' id='word_1_428' title='bbox 469 2771 563 2800; x_wconf 85' lang='lat' dir='ltr'>edidit</span> <span class='ocrx_word' id='word_1_429' title='bbox 585 2771 670 2800; x_wconf 82' lang='lat' dir='ltr'>cereis</span> <span class='ocrx_word' id='word_1_430' title='bbox 686 2782 696 2799; x_wconf 89' lang='lat'>.·</span> <span class='ocrx_word' id='word_1_431' title='bbox 721 2771 815 2809; x_wconf 86' lang='lat' dir='ltr'>idque</span> <span class='ocrx_word' id='word_1_432' title='bbox 858 2771 983 2800; x_wconf 78' lang='lat' dir='ltr'>dicitur.</span> 
     </span>
    </p>
   </div>
   <div class='ocr_carea' id='block_1_5' title="bbox 124 2809 1554 2938">
    <p class='ocr_par' dir='ltr' id='par_1_5' title="bbox 124 2809 1554 2938">
     <span class='ocr_line' id='line_1_48' title="bbox 124 2809 1553 2852; baseline -0.002 -10"><span class='ocrx_word' id='word_1_433' title='bbox 124 2814 233 2851; x_wconf 85' lang='lat' dir='ltr'>probat</span> <span class='ocrx_word' id='word_1_434' title='bbox 248 2813 415 2844; x_wconf 86' lang='lat' dir='ltr'>Buherius.</span> <span class='ocrx_word' id='word_1_435' title='bbox 437 2822 503 2842; x_wconf 90' lang='lat' dir='ltr'>non</span> <span class='ocrx_word' id='word_1_436' title='bbox 524 2813 618 2843; x_wconf 83' lang='lat' dir='ltr'>male.</span> <span class='ocrx_word' id='word_1_437' title='bbox 663 2814 724 2843; x_wconf 90' lang='lat' dir='ltr'>Sed</span> <span class='ocrx_word' id='word_1_438' title='bbox 743 2823 817 2842; x_wconf 82' lang='lat' dir='ltr'>cerae</span> <span class='ocrx_word' id='word_1_439' title='bbox 903 2818 920 2842; x_wconf 83' lang='lat'><strong>6</strong></span> <span class='ocrx_word' id='word_1_440' title='bbox 944 2812 1078 2852; x_wconf 77' lang='lat' dir='ltr'>agripeta</span> <span class='ocrx_word' id='word_1_441' title='bbox 1106 2812 1242 2852; x_wconf 79' lang='lat' dir='ltr'>venerat]</span> <span class='ocrx_word' id='word_1_442' title='bbox 1273 2813 1322 2842; x_wconf 92' lang='lat' dir='ltr'>Ad</span> <span class='ocrx_word' id='word_1_443' title='bbox 1352 2821 1464 2851; x_wconf 86' lang='lat' dir='ltr'>agrum</span> <span class='ocrx_word' id='word_1_444' title='bbox 1494 2809 1553 2840; x_wconf 84' lang='lat' dir='ltr'>sibi</span> 
     </span>
     <span class='ocr_line' id='line_1_49' title="bbox 125 2854 1554 2896; baseline -0.001 -12"><span class='ocrx_word' id='word_1_445' title='bbox 125 2864 180 2894; x_wconf 83' lang='lat' dir='ltr'>pro</span> <span class='ocrx_word' id='word_1_446' title='bbox 202 2856 394 2894; x_wconf 86' lang='lat' dir='ltr'>imaginibus</span> <span class='ocrx_word' id='word_1_447' title='bbox 416 2856 511 2886; x_wconf 88' lang='lat' dir='ltr'>cereis</span> <span class='ocrx_word' id='word_1_448' title='bbox 532 2856 693 2886; x_wconf 81' lang='lat' dir='ltr'>dicuntur.</span> <span class='ocrx_word' id='word_1_449' title='bbox 738 2856 816 2886; x_wconf 85' lang='lat' dir='ltr'>Mss.</span> <span class='ocrx_word' id='word_1_450' title='bbox 859 2855 1088 2885; x_wconf 85' lang='lat' dir='ltr'>vindicandum</span> <span class='ocrx_word' id='word_1_451' title='bbox 1103 2855 1152 2886; x_wconf 85' lang='lat' dir='ltr'>vel</span> <span class='ocrx_word' id='word_1_452' title='bbox 1168 2856 1430 2896; x_wconf 83' lang='lat' dir='ltr'>comparandum·</span> <span class='ocrx_word' id='word_1_453' title='bbox 1448 2854 1492 2883; x_wconf 79' lang='lat' dir='ltr'>sic</span> <span class='ocrx_word' id='word_1_454' title='bbox 1508 2859 1554 2882; x_wconf 79' lang='lat' dir='ltr'>est</span> 
     </span>
     <span class='ocr_line' id='line_1_50' title="bbox 125 2897 1137 2938; baseline -0.001 -10"><span class='ocrx_word' id='word_1_455' title='bbox 125 2907 236 2928; x_wconf 83' lang='lat' dir='ltr'>omnes</span> <span class='ocrx_word' id='word_1_456' title='bbox 250 2899 282 2928; x_wconf 86' lang='lat' dir='ltr'>in</span> <span class='ocrx_word' id='word_1_457' title='bbox 296 2898 367 2929; x_wconf 75' lang='lat' dir='ltr'>ceris</span> <span class='ocrx_word' id='word_1_458' title='bbox 381 2898 594 2930; x_wconf 79' lang='lat' dir='ltr'>consentiunt.</span> <span class='ocrx_word' id='word_1_459' title='bbox 614 2899 720 2938; x_wconf 84' lang='lat' dir='ltr'>itaque</span> <span class='ocrx_word' id='word_1_460' title='bbox 735 2898 816 2928; x_wconf 85' lang='lat' dir='ltr'>nihil</span> <span class='ocrx_word' id='word_1_461' title='bbox 860 2898 899 2927; x_wconf 83' lang='lat' dir='ltr'>ad</span> <span class='ocrx_word' id='word_1_462' title='bbox 914 2898 979 2927; x_wconf 87' lang='lat' dir='ltr'>Att.</span> <span class='ocrx_word' id='word_1_463' title='bbox 995 2897 1068 2934; x_wconf 86' lang='lat' dir='ltr'>XV,</span> <span class='ocrx_word' id='word_1_464' title='bbox 1085 2904 1137 2930; x_wconf 76' lang='lat'>29.</span> 
     </span>
    </p>
   </div>
   <div class='ocr_carea' id='block_1_6' title="bbox 856 2949 969 2981">
    <p class='ocr_par' dir='ltr' id='par_1_6' title="bbox 856 2949 969 2981">
     <span class='ocr_line' id='line_1_51' title="bbox 856 2949 969 2981; baseline 0.018 -3"><span class='ocrx_word' id='word_1_465' title='bbox 856 2949 969 2981; x_wconf 81' lang='lat' dir='ltr'>Ee2</span> 
     </span>
    </p>
   </div>
  </div>
 </body>
</html>
