1778 3095
236 110 311 143 242
569 104 829 142 TUSCUL.
860 104 1302 144 QUAESTIONUM

235 212 412 253 sumus?
444 226 538 268 quae
567 213 679 254 enim
709 221 849 268 potest
877 212 919 254 in
948 213 1031 254 vita
1060 227 1150 254 esse
1175 212 1437 270 jucunditaS,
1457 225 1556 253 cum
1576 211 1666 254 dies

235 276 278 310 et
299 277 443 310 noctes
462 269 737 325 cogitandum
760 269 827 320 sit,
842 269 1138 326 jam,jamque
1156 284 1246 311 esse
1266 268 1531 311 moriendum
1552 270 1566 311 ?

192 333 224 381 3
294 326 361 367 M.
381 326 516 382 Ecqui
535 341 638 383 ergo
667 326 880 381 intelligis,
911 337 1115 382 quantum
1145 326 1246 368 mali
1274 325 1326 367 de
1355 326 1541 366 humana
1561 339 1664 366 con-

179 409 223 440 15
237 381 396 424 ditione
435 382 666 439 dejeceris?
715 386 764 423 A.
787 383 986 425 Quonam
1027 383 1181 424 modo?
1227 384 1297 424 M.
1319 382 1447 439 Quia,
1485 381 1520 423 si
1558 383 1666 422 mori

236 439 362 480 etiarn
380 439 559 480 mortuis
584 440 782 481 miserum
812 449 934 489 esset,
958 439 1169 481 infinitum
1198 439 1428 495 quoddam,
1450 447 1493 478 et
1511 438 1665 493 sempi-

234 505 400 537 ternum
424 496 581 537 malum
604 497 854 538 haberemus
885 497 925 536 in
954 496 1052 537 vita.
1071 511 1180 537 nunc
1202 496 1322 537 video
1342 496 1498 536 calcem
1518 511 1527 535 τ
1559 502 1600 526 34
1614 494 1667 535 ad

184 583 187 586 -
234 567 360 608 quam
384 568 481 594 cum
504 553 557 594 sit
588 553 826 602 decursum,
857 552 959 592 nihil
991 552 1045 593 sit
1073 562 1274 607 praeterea
1292 550 1666 594 extimescendum.

234 609 308 650 sed
339 619 384 650 tu
415 610 519 650 milri
554 609 700 650 videris
733 608 989 663 Epicharmi,
1025 609 1153 658 acuti,
1190 623 1264 649 nec
1294 609 1439 650 insulsi
1469 607 1667 658 hominis,

234 674 284 706 ut
305 665 449 715 Siculi,
470 667 717 707 sententiam
737 665 869 719 sequi.
929 665 967 704 A
990 665 1161 720 Quam?
1195 679 1279 705 non
1299 665 1409 706 enim
1432 665 1540 707 novi.
1600 664 1667 704 M.

192 722 405 773 b.Dicam,
427 723 459 763 si
481 733 646 777 potero,
669 721 830 761 Latine.
858 720 936 761 scis
970 721 1080 761 enirn
1115 736 1183 761 me
1212 722 1361 762 Graece
1382 721 1499 776 loqui
1521 721 1562 761 in
1583 721 1669 761 La-

234 778 324 820 tino
344 794 536 820 sermone
556 794 640 819 non
670 778 765 832 plus
795 777 944 828 solere,
974 792 1101 833 quam
1132 777 1174 818 in
1206 778 1358 818 Graeco
1389 777 1551 818 Latine.
1609 777 1666 817 A.

234 836 290 876 Et
319 846 431 876 recte
462 835 647 890 quidem.
677 834 749 875 sed
781 849 874 889 quae
911 833 1079 874 tandem
1115 843 1180 875 est
1199 833 1444 890 Epicharmi
1468 834 1548 874 ista
1574 847 1670 874 sen·

233 893 392 933 tentia?
427 893 492 932 M.

343 983 456 1020 Emori
475 982 545 1018 nolo
561 999 570 1018 .·
601 982 661 1019 sed
677 996 726 1019 me
741 995 808 1019 csse
825 992 988 1018 mortuum
1009 981 1094 1018 nihil
1110 984 1250 1019 aestz'mo.

234 1057 290 1098 A.
311 1057 405 1097 Jam
438 1070 625 1111 agnosco
657 1056 870 1096 Graecum.
904 1065 945 1096 et
982 1055 1182 1110 quoniam
1211 1054 1406 1110 coegisti,
1437 1063 1485 1096 ut
1514 1068 1669 1096 conce-

234 1113 392 1163 derem,
414 1113 484 1168 qui
514 1112 670 1153 mortui
703 1121 854 1161 essent,
881 1125 952 1152 eos
984 1111 1159 1152 miseros
1190 1126 1273 1152 non
1305 1126 1412 1161 esse,
1442 1111 1609 1167 perfice,
1636 1111 1670 1152 si

232 1180 367 1226 potes,
388 1180 437 1211 ut
458 1184 508 1209 ne
529 1168 793 1209 moriendum
821 1167 992 1222 quidem
1023 1182 1128 1217 esse,
1159 1168 1360 1209 miserum
1390 1177 1551 1222 putem.
1601 1168 1669 1208 M.

173 1231 221 1268 16
232 1227 328 1268 Jam
349 1226 456 1267 istuc
478 1225 649 1280 quidem
669 1224 772 1264 nihil
790 1223 950 1278 negotii
970 1233 1034 1264 est
1053 1241 1062 1264 ε
1094 1223 1166 1266 sed
1181 1224 1307 1264 etiam
1325 1225 1486 1280 majora
1504 1223 1672 1265 molior.

233 1284 289 1324 A.
310 1284 410 1339 Quo
428 1281 556 1323 modo
578 1280 659 1321 hoc
691 1280 792 1321 nihil
822 1279 984 1335 negotii
1012 1281 1110 1321 est?
1145 1288 1218 1320 aut
1246 1295 1341 1335 quae
1371 1291 1471 1321 sunt
1498 1279 1671 1320 tandem

232 1340 312 1381 ista
331 1339 492 1394 majora
510 1340 522 1377 ?
574 1338 640 1378 M.
662 1337 875 1393 Quoniam
898 1336 932 1377 si
956 1345 1053 1392 post
1072 1344 1252 1377 mortem
1275 1336 1378 1378 nihil
1398 1345 1464 1378 est
1480 1335 1597 1386 mali,
1618 1350 1671 1376 ne

231 1410 346 1436 mors
380 1394 549 1450 quidem
583 1404 645 1434 est
678 1393 864 1434 malume
896 1393 965 1434 cui
996 1394 1235 1448 proximum
1269 1401 1437 1448 tempus
1470 1402 1534 1434 est
1568 1401 1671 1447 post

186 1467 190 1471 “
231 1461 429 1502 mortem,
452 1451 493 1491 in
514 1465 598 1507 quo
621 1450 721 1491 mali
754 1449 858 1490 nihil
889 1464 979 1490 esse
1005 1449 1225 1491 concedis:
1256 1450 1315 1491 ita
1333 1464 1384 1490 ne
1405 1448 1670 1491 moriendum

231 1509 402 1564 quidem
425 1523 530 1558 esse,
551 1507 712 1548 malum
738 1516 815 1547 est.
850 1506 892 1547 id
917 1516 982 1547 est
1007 1507 1134 1556 enim,
1162 1506 1486 1561 perveniendum
1505 1520 1596 1547 esse
1616 1506 1671 1546 ad

231 1565 288 1616 id,
308 1565 424 1621 quod
445 1580 529 1605 non
550 1578 642 1605 esse
655 1563 814 1604 malum
834 1563 1099 1604 confitemur.
1131 1563 1185 1603 A.
1205 1562 1390 1603 Uberius
1411 1563 1496 1603 ista.
1509 1576 1671 1618 quaeso.

229 1622 322 1663 haec
343 1622 454 1663 enim
485 1621 732 1676 spinosiora,
762 1619 891 1674 prius,
921 1630 970 1660 ut
998 1619 1213 1669 confitear,
1243 1634 1312 1660 me
1343 1627 1519 1674 cogunt,
1541 1633 1670 1674 quam

233 1690 279 1721 ut
299 1678 511 1720 assentiar.
534 1678 608 1718 sed
636 1691 730 1732 quae
761 1685 859 1717 sunt
889 1691 953 1726 ca,
983 1691 1077 1731 quae
1108 1675 1212 1717 dicis
1240 1683 1284 1716 te
1315 1676 1476 1731 majora
1496 1675 1673 1716 moliri?

230 1737 300 1778 M.
321 1736 384 1777 Ut
403 1735 595 1784 doceam,
617 1733 650 1774 si
671 1732 845 1788 possim,
879 1747 963 1773 non
994 1732 1124 1773 modo
1155 1732 1314 1773 malum
1346 1747 1431 1773 non
1460 1746 1565 1782 esse,
1597 1730 1671 1772 sed

228 1792 392 1834 bonum
428 1792 558 1833 etiam
595 1805 685 1831 esse
713 1799 910 1831 mortem.
969 1789 1025 1829 A.
1048 1790 1149 1829 Non
1184 1788 1355 1843 postulo
1394 1788 1437 1829 id
1470 1787 1669 1843 quidem3

230 1857 269 1899 3⁵
281 1864 382 1890 aveo
404 1858 546 1890 tamen
567 1847 726 1888 audire.
758 1855 806 1887 ut
834 1846 946 1887 enirn
978 1860 1062 1886 non
1092 1845 1246 1886 efficias
1277 1844 1395 1901 quod
1415 1844 1489 1895 vis,
1511 1852 1671 1896 tamen,

229 1920 345 1947 mors
375 1914 423 1947 ut
458 1904 617 1946 malum
652 1918 736 1944 non
767 1903 836 1953 sit,
871 1902 1037 1943 efficies.
1070 1902 1144 1943 sed
1172 1902 1276 1943 nihil
1306 1910 1347 1942 te
1376 1900 1671 1957 interpellabo.

171 1970 216 2011 17
230 1961 514 2004 continentem
550 1961 783 2002 orationem
813 1959 956 2000 audire
991 1958 1119 1999 malo.
1181 1960 1246 1999 M.
1268 1958 1415 2015 Quid?
1460 1958 1495 1999 si
1526 1965 1570 1999 te
1600 1972 1671 1999 ro·

230 2033 385 2076 gavero
405 2017 577 2074 aliquid,
598 2031 736 2058 nonne
756 2015 1028 2072 respondebis
1047 2017 1060 2056 ?
1093 2016 1149 2056 A.
1173 2015 1412 2071 Superbum
1432 2014 1475 2056 id
1496 2013 1670 2069 quidem

184 2078 309 2133 9est.
328 2076 416 2126 sed,
436 2076 515 2116 nisi
535 2074 637 2131 quid
667 2087 835 2115 necesse
868 2073 961 2123 erit,
993 2072 1106 2113 malo
1141 2086 1192 2112 ne
1224 2086 1363 2127 roges.
1424 2071 1491 2112 Μ.
1509 2070 1668 2112 Geram

229 2133 309 2175 tibi
330 2147 507 2182 morem,
529 2142 571 2172 et
593 2145 655 2181 ea,
678 2145 772 2185 quae
795 2130 867 2179 vis,
900 2140 947 2170 ut
975 2138 1140 2183 potero,
1174 2128 1409 2184 explicabo,
1431 2141 1507 2168 nec
1527 2138 1670 2168 tamen

231 2190 348 2245 quasi
372 2188 547 2246 Pythius
570 2186 743 2242 Apollo,
766 2196 881 2226 certa
901 2195 949 2226 ut
970 2186 1067 2235 sint,
1088 2196 1130 2226 et
1162 2185 1254 2235 fixa,
1277 2200 1371 2240 quae
1393 2183 1564 2225 dixero:
1596 2183 1670 2224 sed

230 2255 279 2288 ut
298 2244 583 2287 homunculus
604 2258 713 2284 unus
732 2258 754 2283 e
774 2242 934 2292 multis,
952 2241 1188 2297 probabilia
1212 2242 1458 2297 conjectura
1475 2254 1669 2296 sequens.

103 2325 132 2355 p.
150 2303 343 2345 152.ultra
363 2303 473 2343 enim
496 2316 581 2358 quo
602 2299 863 2356 progrediar,
885 2313 1014 2354 quam
1033 2308 1082 2339 ut
1104 2299 1185 2339 veri
1215 2298 1375 2339 videam
1396 2296 1562 2348 similia,
1583 2311 1669 2337 non

192 2366 210 2387 a
234 2360 385 2401 habeo.
408 2367 521 2400 certa
541 2358 683 2398 dicent
713 2356 755 2406 ii,
786 2356 858 2410 qui
889 2365 930 2396 et
961 2355 1117 2410 percipi
1149 2369 1197 2396 ea
1227 2369 1350 2410 posse
1380 2353 1541 2403 dicunt,
1561 2362 1606 2394 et
1624 2366 1677 2394 se.

232 2417 439 2472 sapientes
459 2429 549 2456 esse
572 2413 833 2468 profitentur.
893 2413 949 2452 A.
969 2412 1049 2462 Tu,
1066 2421 1113 2453 ut
1127 2411 1301 2453 videtur.
1323 2425 1399 2452 nos
1419 2410 1473 2450 ad
1494 2408 1669 2451 audien-

231 2472 334 2513 dum
355 2472 489 2528 parati
511 2486 670 2512 sumus.

174 2543 218 2576 18
289 2530 354 2570 M.
378 2530 500 2569 Mors
520 2527 649 2582 igitur
669 2527 772 2581 ipsa,
799 2540 893 2580 quae
924 2523 1085 2565 videtur
1118 2524 1336 2565 notissima
1358 2537 1422 2564 res
1442 2536 1548 2573 esse,
1568 2520 1675 2578 quid

230 2586 299 2637 sit,
320 2585 504 2641 primum
524 2592 587 2624 est
606 2582 846 2623 videndum.
870 2590 967 2621 sunt
998 2581 1126 2630 enim,
1148 2581 1221 2636 qui
1241 2580 1474 2621 discessum
1496 2578 1626 2620 animi
1646 2592 1672 2619 a

270 2717 312 2741 34
343 2709 383 2738 ad
417 2706 519 2750 quam]
555 2707 660 2746 Vulgo
694 2716 776 2747 quem
794 2717 803 2734 .-
840 2707 926 2744 quod
970 2715 1035 2734 non
1052 2703 1362 2742 habeo,utquaedam
1376 2703 1574 2734 recentiores.
1590 2711 1672 2734 mox

228 2753 326 2785 miror
354 2761 420 2783 esse
447 2758 514 2782 tam
543 2752 596 2782 diu
630 2749 811 2780 toleratum.
839 2759 926 2790 quam
970 2748 1033 2778 ‘111ae
1063 2754 1093 2777 et
1122 2753 1154 2775 ut
1184 2746 1259 2775 enim
1293 2756 1346 2774 non
1375 2744 1482 2785 efficias
1507 2751 1604 2782 recte,
1634 2752 1671 2775 ut

228 2794 527 2827 habetMs.Gue1f.
543 2795 592 2823 ed.
609 2791 741 2823 Mediol.
969 2791 1065 2821 edidit
1094 2790 1253 2820 Davisius.
1284 2795 1354 2828 post
1382 2799 1436 2818 non
1464 2788 1567 2820 delevi
1596 2795 1672 2820 ante

271 2846 310 2870 35
334 2849 407 2868 aveo
422 2837 529 2876 tamen]
549 2837 601 2867 Sic
623 2837 693 2866 edd.
708 2841 784 2864 vett.
801 2843 925 2864 omnes
970 2833 1085 2874 efficies,
1101 2833 1212 2864 iisdem
1229 2831 1423 2863 auctoribus.
