1778 3095
531 201 709 241 LIBER
737 195 1080 239 SECUNDUS.
1433 200 1511 233 453

88 313 279 371 tudoque
300 313 551 364 communis,
565 321 614 355 ut
639 310 852 354 beneficiis
880 307 1131 349 excellentes
1157 302 1268 345 viros
1289 302 1332 344 in
1360 303 1510 345 eaelum

90 371 202 411 fama
221 386 269 412 ae
288 372 502 412 voluntate
520 369 731 410 tollerent.
789 366 903 408 Hinc
924 362 1149 411 Hercules,
1163 360 1262 402 hinc
1283 359 1451 408 Castor,
1469 369 1513 400 et

91 423 251 477 Pollux,
273 427 370 468 hinc
390 425 674 481 AEsculapius,
691 424 790 465 hine
810 422 939 464 Liber
957 419 1110 482 etiam-z
1131 418 1246 481 hunc
1263 415 1359 456 dico
1382 416 1511 455 Libe-

92 497 185 523 rum
218 483 381 524 Semele
407 490 567 532 natum,
588 496 671 522 non
690 495 804 530 eum,
823 492 949 534 quem
970 483 1101 516 nostri
1121 486 1300 530 majores
1319 480 1513 526 auguste,

91 548 317 595 sancteque
346 539 544 579 Liberum
574 552 672 579 cum
704 537 859 578 Cerere
885 543 928 575 et
957 533 1110 574 Libera
1136 537 1511 571 consecraverunt:

88 595 203 649 quod
235 595 357 650 quale
385 595 452 644 sit,
472 609 522 634 ex
552 593 762 650 mysteriis
792 589 969 645 intelligi
998 596 1154 643 potest,
1211 585 1295 626 Sed
1321 583 1434 640 quod
1460 597 1511 647 es:
1523 590 1555 619 b,

91 651 211 691 nobis
232 659 351 691 natos
371 650 524 691 liberos
545 650 819 705 appellamus,
837 647 993 688 idcirco
1016 645 1169 685 Cerere
1186 643 1286 691 nati,
1308 641 1515 681 nominati

91 716 189 747 sunt
208 707 346 756 Liber,
366 716 408 747 et
428 707 578 747 Libera
596 724 606 747 :
628 705 743 762 quod
763 706 805 746 in
826 705 978 745 Libera
996 707 1171 750 servant,
1191 698 1234 739 in
1254 697 1407 739 Libero
1430 710 1514 737 non

89 764 206 803 item.
239 763 352 803 Hinc
373 763 497 804 etiam
520 763 739 813 Romulus,
757 776 885 818 quem
905 758 1074 817 quidem
1093 756 1272 797 eundem
1292 768 1383 795 esse
1403 753 1516 796 Qui-

91 819 226 859 rinum
247 828 398 873 putant
419 836 429 860 ε
461 835 640 875 quorum
669 834 766 860 cum
796 825 1058 859 remanerent
1078 813 1222 863 animi,
1246 819 1371 866 atque
1392 819 1515 850 aeter-

89 875 219 916 nitate
238 875 489 927 fruerentur,
508 876 567 917 dii
594 876 672 917 rite
698 883 796 916 sunt
822 873 982 924 habiti3
1011 885 1110 912 cum
1129 878 1172 911 et
1191 867 1341 924 optimi
1361 875 1517 917 essent,

89 938 133 972 et
152 932 311 972 aeterni.

143 987 243 1028 Alia
273 1002 443 1044 quoque
470 1002 521 1029 ex
545 988 721 1039 ratione,
741 996 786 1028 et
814 985 985 1043 quidem
1011 983 1201 1040 physica,
1221 995 1377 1036 magna
1397 979 1517 1020 fiuxit
1528 979 1578 1017 63

87 1043 319 1085 multitudo
348 1045 523 1085 deorum
543 1061 553 1085 :
585 1043 658 1099 qui
677 1043 813 1085 induti
833 1042 970 1098 specie
991 1041 1177 1081 humana
1195 1038 1357 1078 fabulas
1379 1037 1518 1092 poetis

89 1100 472 1155 suppeditaverunt,
501 1101 721 1142 hominum
752 1108 895 1141 autem
923 1098 1050 1139 vitam
1078 1094 1373 1151 superstitione
1402 1093 1519 1134 omni

86 1157 351 1198 referserunt.
423 1157 566 1213 Atque
597 1157 667 1198 hic
699 1157 819 1198 locus
858 1170 883 1196 a
917 1156 1088 1195 Zenone
1117 1159 1337 1201 tractatum,
1368 1158 1464 1204 post
1494 1164 1520 1189 a

91 1211 314 1266 Cleanthe,
335 1222 377 1254 et
400 1213 658 1270 Chrysippo,
679 1213 870 1269 pluribus
889 1211 1021 1252 verbis
1043 1208 1274 1264 explicatus
1295 1215 1373 1247 est.
1402 1207 1518 1246 Nam

86 1278 204 1310 vetus
224 1269 316 1310 haec
337 1269 481 1325 opinio
504 1270 713 1311 Graeciam
735 1269 936 1325 opplevit,
961 1275 1177 1308 exsectum
1201 1263 1368 1305 Caeium
1387 1276 1412 1302 a
1431 1261 1518 1303 filio

89 1326 287 1375 Saturno,
308 1326 491 1367 vinctum
513 1336 655 1367 autem
677 1327 905 1367 Saturnum
927 1325 1065 1378 ipsum
1086 1337 1110 1363 a
1129 1321 1217 1362 filio
1237 1321 1356 1362 Jove.
1404 1318 1517 1374 Phy-
1530 1322 1582 1359 64

90 1381 177 1422 sica
197 1383 302 1423 ratio
323 1397 407 1423 non
427 1383 640 1438 inelegans
664 1381 826 1423 inclusa
852 1389 916 1421 est
944 1380 987 1420 in
1014 1378 1165 1434 impias
1185 1377 1364 1418 fabulas.
1393 1375 1519 1415 eaele-

88 1446 196 1478 stem
216 1439 343 1489 enim,
359 1438 604 1480 altissimam
627 1438 937 1493 aethereamque
957 1444 1166 1485 naturam,
1182 1434 1225 1474 id
1240 1441 1318 1483 est,
1334 1432 1518 1486 igneam,

88 1509 185 1549 quae
206 1508 280 1550 per
299 1510 389 1536 sese
409 1495 551 1536 omnia
563 1495 779 1551 gigneret,
797 1508 941 1534 vacare
961 1492 1183 1533 voluerunt
1211 1504 1260 1530 ea
1286 1498 1403 1544 parte
1422 1502 1518 1527 cor-

88 1551 216 1605 poriS‚
251 1566 346 1608 quae
385 1552 685 1608 conjunctione
721 1550 894 1593 alterius
926 1557 1071 1604 egeret
1105 1547 1158 1588 ad
1195 1543 1520 1602 procreandum.

89 1607 315 1648 Saturnum
337 1617 494 1660 autem,
510 1623 607 1649 eum
629 1622 719 1649 esse
735 1607 970 1655 voluerunt,
988 1605 1060 1660 qui
1078 1618 1264 1651 cursum,
1282 1611 1325 1642 et
1344 1614 1518 1641 conver·
1531 1597 1602 1647 25

88 1662 250 1704 sionem
272 1664 518 1719 spatiorum,
537 1679 586 1705 ac
613 1673 854 1718 temporum
879 1661 1125 1710 contineret,
1147 1659 1219 1715 qui
1245 1658 1346 1698 deus
1369 1658 1520 1697 Graece

87 1718 133 1759 id
157 1719 293 1774 ipsum
321 1735 475 1761 nomen
498 1720 641 1762 habet.
697 1720 831 1777 Κρόνος
849 1720 961 1759 enim
993 1717 1173 1765 dicitur-3
1206 1715 1278 1770 qui
1311 1721 1375 1753 est
1407 1712 1521 1753 idem

83 1775 229 1830 χρόνος,
249 1776 291 1817 id
311 1785 389 1828 est,
413 1777 596 1832 spatium
617 1777 833 1832 temporis,
892 1776 1096 1815 Saturnus
1117 1780 1258 1812 autem
1289 1779 1352 1810 est
1378 1769 1524 1824 appel-

89 1831 215 1882 latus,
235 1833 351 1888 quod
371 1842 580 1874 saturetur
599 1834 732 1874 annis.
761 1848 811 1873 ex
834 1847 877 1873 se
897 1832 1008 1872 enim
1035 1839 1157 1871 natos
1186 1840 1375 1868 comesse
1397 1826 1524 1880 fingi-

89 1897 159 1928 tur
188 1889 351 1940 solitus,
380 1890 479 1945 quia
506 1890 718 1931 consumit
747 1899 848 1930 aetas
878 1898 1120 1943 temporum
1152 1884 1300 1940 spatia,
1318 1882 1523 1937 annisque

89 1945 309 1999 praeteritis
330 1946 652 1987 insaturabiliter
673 1946 876 2001 expletur.
910 1944 1091 1985 Vinctus
1110 1951 1174 1982 est
1192 1950 1335 1982 autem
1357 1954 1380 1979 a
1401 1940 1522 1988 Jove,

90 2014 142 2040 ne
162 2000 464 2042 immoderatos
483 2017 628 2043 cursus
656 2002 844 2052 haberet,
864 2009 993 2056 atque
1021 2009 1069 2041 ut
1097 2013 1197 2039 eum
1229 1996 1412 2038 siderum
1431 1995 1523 2035 vin-

88 2056 165 2096 clis
191 2057 397 2112 alligaret.
457 2058 540 2099 Sed
566 2059 656 2113 ipse
677 2058 858 2114 Jupiter,
886 2057 931 2098 id
958 2066 1034 2106 est,
1053 2057 1208 2110 juvans
1236 2060 1372 2109 pater,
1392 2066 1520 2107 quem

89 2120 129 2149 74
147 2114 356 2154 conversis
385 2115 550 2156 casibus
577 2115 836 2170 appellamus
864 2129 888 2155 a
916 2113 1103 2169 juvando
1134 2112 1299 2159 jovem,
1328 2124 1355 2149 a
1382 2108 1522 2163 poetis

88 2178 209 2224 pater
238 2169 465 2226 divumque
495 2171 801 2226 hominumque
832 2170 1012 2211 dicitur:
1049 2184 1074 2209 a
1108 2167 1340 2223 majoribus
1375 2173 1518 2205 autem

88 2226 241 2267 nostris
272 2227 458 2281 optimus
485 2228 693 2268 maximus
710 2243 721 2276 3
752 2236 794 2268 et
825 2226 995 2283 quidem
1026 2234 1123 2266 ante
1153 2224 1354 2279 optimus,
1375 2221 1417 2261 id
1439 2232 1515 2271 est,
1528 2234 1558 2263 p.
1574 2230 1627 2257 9

86 2282 505 2334 beneficentissimus,
526 2299 653 2340 quam
682 2283 903 2333 maximus,
924 2283 1023 2338 quia
1052 2281 1188 2336 majus
1222 2289 1302 2328 est,
1321 2286 1518 2332 certeque
1529 2278 1556 2298 ἃ·

87 2339 262 2392 gratius,
280 2340 479 2394 prodesse
495 2340 706 2390 omnibus,
722 2355 849 2395 quam
867 2354 968 2394 opes
988 2352 1165 2393 magnas
1186 2335 1358 2377 habere.
1388 2334 1519 2375 Hunc
1531 2342 1580 2379 65

88 2394 219 2449 igitur
238 2396 411 2446 Ennius,
433 2405 482 2437 ut
503 2411 627 2453 supra
646 2396 746 2448 dixi,
768 2404 983 2451 nuncupat
1002 2395 1060 2435 ita
1079 2393 1237 2443 dicens,

192 2475 337 2526 Adspice
353 2476 411 2513 hoc
427 2476 566 2513 sublime
583 2475 741 2521 candens,
758 2489 854 2527 quem
875 2476 1035 2512 invocant
1052 2486 1160 2511 onmes
1176 2470 1318 2520 Jovem.

90 2557 338 2615 Planiusque
357 2560 439 2602 alio
459 2561 556 2602 loeo
577 2561 706 2612 idem,

195 2645 210 2674 7
218 2648 233 2671 5
250 2640 329 2685 Cui,
347 2642 437 2691 quod
451 2644 486 2679 in
505 2656 554 2680 me
571 2653 632 2687 est,
651 2642 844 2680 exsecrabor
860 2641 930 2687 hoc,
950 2639 1042 2693 quod
1056 2640 1154 2683 lucet,
1173 2637 1340 2691 quidquid
1350 2646 1412 2676 est.

87 2722 200 2764 hunc
233 2724 361 2765 etiam
392 2739 574 2781 augures
603 2727 750 2778 nostri,
779 2741 878 2769 cum
909 2725 1071 2774 dieunt,
1099 2725 1199 2765 Jove
1211 2722 1428 2779 fulgente,
1457 2726 1520 2760 to-

130 2844 170 2872 74
205 2838 346 2868 conversis
374 2838 499 2877 casibus]
529 2841 584 2876 Iis,
614 2851 693 2880 quos
723 2851 781 2870 nos
867 2846 906 2875 75
935 2839 1006 2877 Cui,
1031 2838 1106 2881 quod
1129 2838 1150 2869 i.
1177 2849 1216 2867 m.
1240 2836 1295 2877 est]
1325 2836 1381 2867 Cui
1404 2843 1518 2875 pamm

88 2880 184 2919 vulgo
207 2882 353 2921 obliquos
377 2882 525 2920 dicimus,
544 2883 652 2915 Genit.
675 2885 781 2915 Dativ.
823 2889 935 2921 aptum
960 2890 1017 2913 est.
1041 2883 1120 2912 Mss.
1142 2881 1276 2919 quidam
1299 2880 1417 2910 habent
1442 2876 1519 2914 cur,

92 2925 151 2953 bac.
824 2926 909 2963 quod
925 2925 1069 2964 placebat
1083 2923 1222 2955 Davisio,

819 2979 943 3021 <³33
