1778 3095
572 125 756 162 LIBER
790 122 1102 161 QUARTUS.
1479 120 1552 164 195

123 236 254 279 modo
274 232 600 292 praeponendam
621 232 663 272 in
683 229 914 286 seligendo,
943 243 1028 269 non
1057 242 1142 283 quo
1174 226 1340 267 beatior
1357 226 1449 267 haec
1471 226 1556 269 vita

125 294 192 344 sit,
220 293 293 334 sed
325 291 439 349 quod
469 289 523 330 ad
553 297 745 329 naturam
777 285 1153 334 accommodatior,
1173 290 1216 323 et
1245 283 1317 337 qui
1347 283 1554 336 sapientes

123 365 208 391 non
231 350 327 400 sint,
347 360 493 389 omnes
514 359 632 400 aeque
651 344 826 384 miseros
847 357 951 383 esse.
1011 340 1144 382 Stoici
1172 339 1265 380 haec
1284 338 1475 379 videlicet
1494 339 1555 379 vi-

126 407 290 448 derunt.
349 403 450 444 Illos
471 411 613 443 autem
633 400 678 442 id
698 400 866 455 fugerat
895 398 1131 453 superiores
1150 413 1159 437 :
1192 396 1266 451 qui
1293 394 1555 436 arbitraban-

125 472 208 513 tur,
229 460 420 503 homines
447 457 686 508 sceleribus,
706 466 748 497 et
769 455 999 511 parricidiis
1029 453 1286 509 inquinatos,
1312 451 1444 491 nihilo
1474 451 1556 491 mi-

125 520 298 560 seriores
329 530 433 565 esse,
455 530 582 571 quam
617 529 705 565 eos,
726 513 797 568 qui
829 527 927 553 cum
958 519 1071 552 caste
1100 519 1143 551 et
1172 509 1336 564 integre
1361 508 1559 559 viverent,

125 574 312 616 nondum
332 572 563 627 perfectam
582 570 698 612 illam
719 569 964 625 sapientiam
985 576 1124 609 essent
1143 565 1372 606 consecuti.

180 631 325 684 Atque
353 628 436 669 hoc
466 628 564 669 loco
600 626 893 668 similitudines
923 639 1008 676 eas,
1037 623 1190 679 quibus
1222 622 1283 662 illi
1314 622 1378 662 uti
1407 619 1558 671 solent,
1571 622 1622 660 64

123 685 420 727 dissimillimas
453 685 710 740 proferebas.
769 683 879 725 Quis
912 683 1024 722 enim
1055 682 1239 736 ignorat,
1272 678 1306 718 si
1335 677 1475 732 plures
1509 691 1561 718 ex

123 743 210 784 alto
231 755 448 797 emergere
477 741 618 791 velint,
639 740 812 796 propius
844 739 933 779 fore
964 753 1038 779 eos
1068 735 1238 793 quidem
1268 735 1323 775 ad
1351 734 1560 789 respiran-

125 799 244 849 dum,
265 799 339 854 qui
358 798 412 838 ad
432 813 641 839 summam
665 797 757 854 jam
788 809 941 851 aquam
961 793 1314 850 appropinquant,
1334 791 1408 833 sed
1428 790 1562 831 nihilo

124 855 261 910 magis
297 854 499 910 respirare
533 869 670 910 posse,
707 867 834 910 quam
870 866 957 901 eos,
993 851 1067 907 qui
1101 859 1200 891 sunt
1234 849 1277 889 in
1309 847 1557 904 profundo?

126 920 165 946 19
182 910 286 953 nihil
313 925 416 967 ergo
450 911 619 967 adjuvat
647 909 889 966 procedere,
909 918 952 950 et
981 907 1182 962 progredi
1209 906 1253 946 in
1278 906 1444 955 virtute,
1473 918 1558 959 quo
1571 921 1601 951 p.
1612 917 1690 953 ‘mn

125 968 263 1009 minus
293 967 551 1009 miserrimus
572 969 642 1019 sis,
661 976 886 1022 antequam
906 964 961 1005 ad
978 979 1072 1005 eam
1093 963 1339 1019 perveneris,
1359 961 1559 1017 quoniam
1571 964 1603 987 a.

125 1025 167 1066 in
187 1039 297 1080 aqua
327 1024 432 1065 nihil
461 1024 656 1081 adjuvat:
688 1033 731 1064 et
763 1022 962 1080 quoniam
983 1030 1023 1054 20
1038 1020 1182 1070 catuli,
1204 1019 1276 1074 qui
1299 1018 1392 1074 jam
1422 1017 1562 1073 dispe-

125 1082 236 1123 cturi
255 1090 367 1132 sunt,
387 1082 490 1122 caeci
509 1095 630 1137 aeque
659 1090 701 1122 et
733 1081 774 1131 ii,
796 1079 868 1135 qui
899 1077 1030 1119 modo
1062 1077 1149 1118 nati
1164 1092 1176 1127 3
1210 1075 1429 1116 Platonem
1455 1088 1563 1130 quo-

126 1153 209 1194 que
229 1152 398 1179 necesse
430 1147 509 1189 est,
538 1138 736 1194 quoniam
767 1135 953 1177 nondum
975 1134 1143 1176 videbat
1161 1132 1423 1188 sapientiam,
1446 1144 1566 1185 aeque

126 1210 290 1236 caecum
323 1195 465 1236 animo
500 1209 549 1236 ac
586 1194 794 1235 Phalarim
828 1193 970 1234 fuisse.
1029 1193 1118 1232 Ista
1151 1189 1304 1231 similia
1334 1202 1418 1228 non
1454 1190 1652 1238 sunt,}24.

131 1251 272 1293 Cato:
303 1251 348 1292 in
380 1251 534 1306 quibus
567 1251 755 1307 quamvis
786 1249 970 1290 multum
1003 1246 1268 1303 processeris,
1289 1254 1432 1286 tamen
1460 1243 1565 1284 illud
1578 1260 1628 1299 55

130 1308 172 1349 in
193 1308 341 1349 eadem
373 1321 500 1349 causa
532 1318 609 1358 est,
630 1322 654 1348 a
677 1322 762 1363 quo
792 1307 937 1346 abesse
965 1305 1081 1355 velis,
1102 1304 1237 1344 donec
1267 1301 1458 1342 evaseris.
1488 1315 1566 1342 nec

130 1364 245 1405 enim
276 1364 348 1405 ille
379 1365 569 1419 respirat,
590 1372 685 1404 ante
719 1378 845 1419 quam
875 1362 1059 1411 emersit,
1087 1369 1130 1401 et
1159 1359 1287 1400 catuli
1319 1372 1436 1413 aeque
1466 1357 1570 1398 caeci

130 1421 376 1476 priusquam
409 1421 693 1476 dispexerunt,
724 1435 772 1461 ac
804 1419 839 1460 si
869 1419 927 1460 ita
956 1417 1087 1459 futuri
1117 1430 1283 1471 semper
1313 1422 1466 1455 essent.
1497 1413 1571 1454 illa

131 1487 232 1518 sunt
261 1477 440 1517 similia:
476 1478 606 1518 hebes
641 1478 750 1517 acies
786 1483 849 1516 est
884 1475 1068 1529 cuipiam
1104 1473 1355 1514 oculorum:
1391 1485 1569 1525 corpore

131 1533 238 1574 alius
258 1533 517 1587 languescit:
548 1535 593 1574 hi
612 1533 827 1574 curatione
844 1531 1034 1572 adhibita
1053 1530 1244 1571 levantur
1262 1528 1304 1568 in
1326 1528 1434 1568 dies:
1466 1526 1572 1567 alter

130 1589 239 1630 valet
266 1590 360 1644 plus
394 1590 611 1644 quotidie:
643 1589 746 1629 alter
776 1587 901 1629 videt.
934 1587 1033 1627 Ω1111
1058 1586 1214 1627 similes
1236 1593 1335 1625 sunt
1354 1583 1569 1633 omnibus,

132 1646 204 1700 qui
225 1645 367 1687 virtuti
388 1645 584 1687 student:
616 1646 805 1687 levantur
824 1644 947 1694 vitiis,
967 1643 1158 1685 levantur
1178 1641 1406 1683 erroribus,
1437 1648 1476 1672 22
1491 1640 1572 1681 nisi

133 1703 242 1743 forte
282 1716 426 1743 censes
463 1703 529 1744 Ti.
568 1701 814 1744 Gracchum
844 1712 1008 1757 patrem
1047 1715 1130 1741 non
1164 1699 1397 1740 beatiorem
1427 1696 1597 1747 fuisse„

133 1774 263 1814 quam
284 1759 431 1810 filium,
451 1774 547 1800 cum
571 1760 676 1801 alter
697 1758 882 1799 stabilire
900 1756 1207 1813 rempublicam
1228 1753 1450 1804 studuerit,
1467 1751 1574 1794 alter

134 1824 331 1856 evertere.
363 1830 439 1856 nec
461 1824 602 1857 tamen
620 1816 690 1857 ille
709 1824 798 1856 erat
817 1815 982 1870 sapiens
1001 1831 1012 1856 ι
1044 1821 1082 1846 23
1097 1813 1191 1869 quis
1221 1813 1333 1852 enim
1353 1810 1434 1851 hoc
1453 1811 1466 1850 ?
1499 1818 1574 1851 aut

135 1872 338 1926 quando?
376 1880 450 1912 aut
484 1873 586 1913 ubi?
625 1880 699 1913 aut
731 1872 872 1913 unde?
907 1871 982 1913 sed
1016 1871 1115 1927 quia
1147 1868 1346 1911 studebat
1380 1866 1496 1908 laudi
1531 1874 1574 1908 et

134 1927 346 1983 dignitati,
367 1929 550 1970 multum
583 1930 625 1970 in
656 1929 808 1970 virtute
836 1936 1111 1984 processerat.
1172 1926 1401 1967 Conferam
1429 1932 1571 1965 autem
1584 1931 1637 1968 66

136 2000 259 2026 avum
277 1993 414 2035 tuum,
434 1986 641 2037 Drusum,
660 2000 759 2026 cum
782 1985 834 2026 C.
855 1985 1052 2026 Graccho
1072 1983 1163 2041 ejus
1184 1984 1270 2024 fere
1291 1981 1458 2037 aequali.
1477 1995 1572 2036 quae

135 2040 204 2081 hic
223 2041 467 2096 reipublicae
496 2042 666 2083 vulnera
686 2043 944 2097 imponebat,
965 2041 1112 2083 eadem
1145 2040 1216 2081 ille
1241 2039 1429 2080 sanabat.
1489 2035 1575 2078 Sed

137 2097 240 2138 nihil
265 2106 343 2148 est,
365 2097 480 2153 quod
511 2108 598 2140 tam
619 2098 796 2140 miseros
816 2099 957 2150 faciat,
978 2113 1106 2154 quam
1126 2097 1336 2152 impietas,
1357 2104 1401 2136 et
1423 2093 1572 2135 scelus.

136 2155 200 2194 Ut
226 2154 318 2210 jam
351 2168 498 2195 omnes
526 2155 769 2211 insipientes
797 2156 879 2196 sint
910 2156 1065 2206 miseri,
1087 2154 1205 2211 quod
1228 2153 1423 2209 profecto
1447 2158 1572 2191 sunt:

137 2225 221 2251 non
255 2220 319 2252 est
349 2220 492 2252 tamen
527 2226 646 2267 aeque
678 2213 819 2262 miser,
849 2212 922 2267 qui
955 2212 1101 2267 patriae
1132 2210 1329 2260 consulit,
1361 2216 1405 2249 et
1431 2208 1480 2259 is,
1500 2206 1574 2262 qui

136 2266 252 2307 illam
273 2268 521 2309 exstinctam
554 2269 685 2324 cupit.
717 2269 869 2310 levatio
890 2268 1023 2324 igitur
1043 2268 1240 2309 vitiorum
1267 2279 1423 2320 magna
1443 2264 1489 2304 fit
1509 2263 1575 2312 iis,

137 2324 210 2381 qui
229 2323 388 2366 habent
407 2324 460 2366 ad
485 2324 682 2367 virtutem
704 2334 744 2357 24
761 2325 1067 2383 progressionis
1097 2324 1375 2381 aliquantum.
1433 2319 1576 2375 Vestri
1590 2334 1639 2378 57

181 2448 220 2474 19
241 2440 319 2470 nihil
339 2439 563 2481 adjuvat—quo
587 2438 679 2468 minus
707 2437 834 2467 mIserri-
879 2447 935 2477 pos
951 2437 1046 2467 edidit
1064 2437 1120 2467 His
1135 2436 1241 2466 similes
1264 2444 1330 2467 stent
1353 2447 1455 2467 omnes.
1478 2436 1581 2476 placet

138 2495 198 2513 mus
221 2483 271 2519 sit,
288 2490 443 2524 antequam
458 2495 487 2512 a.
504 2495 527 2511 e.
541 2481 726 2521 pervenerit]
752 2482 837 2511 Quia
880 2481 1022 2511 Dav-isio.
1047 2488 1140 2511 recte.

137 2526 177 2555 sit
194 2534 225 2556 et
240 2526 411 2565 pervenerit
427 2535 492 2555 non
509 2526 547 2554 ad
562 2525 746 2562 subjectum
763 2530 836 2553 ante
924 2531 962 2553 Ψ.)
981 2523 1127 2565 nisiforte
1143 2521 1249 2563 censes]
1276 2522 1327 2552 Sic
1353 2523 1422 2553 dedi
1439 2532 1494 2562 pro
1509 2522 1581 2553 vul-

139 2575 429 2600 commemoratum
445 2569 633 2604 referuntur,
647 2568 754 2607 putavi
768 2577 837 2597 cor-
881 2573 953 2605 gato
980 2578 1113 2602 censeres,
1137 2567 1222 2606 quod
1245 2566 1389 2596 alienum
1412 2573 1468 2596 est.
1492 2576 1582 2595 censes

143 2613 310 2651 rigendum
327 2622 393 2642 esse
409 2611 446 2640 sis
459 2618 489 2640 et
497 2612 679 2650 perveneris.
883 2610 1003 2639 habent
1017 2611 1087 2640 edd.
1104 2620 1150 2649 pr.
1165 2616 1196 2639 et
1210 2609 1315 2648 plures
1331 2609 1402 2639 aliae
1417 2615 1492 2639 vett.

183 2662 224 2686 20
240 2655 343 2690 catuli,
361 2655 410 2696 qui
424 2654 492 2692 jam
508 2654 665 2692 despecturi
680 2651 760 2693 sunt]
779 2653 839 2682 Re·
926 2659 964 2683 23
982 2654 1047 2694 quis
1061 2653 1135 2683 enim
1155 2652 1204 2681 hoc
1218 2651 1251 2692 ἓ]
1277 2652 1326 2681 hoc
1349 2651 1463 2681 delevit
1485 2650 1582 2681 Davi·

142 2703 190 2726 cte
219 2698 353 2727 correxit
382 2698 529 2727 Davisius
559 2697 724 2736 dispecturi.
754 2697 838 2735 quod
882 2696 960 2726 sius.
983 2697 1075 2726 bene.
1099 2705 1210 2726 sensus
1234 2702 1291 2732 est,
1315 2695 1385 2734 quis
1409 2696 1497 2724 enim
1519 2693 1585 2723 illis

143 2746 189 2768 est
203 2742 364 2779 proprium
381 2741 412 2769 in
437 2750 473 2769 ea
493 2750 525 2769 re
547 2740 681 2769 verbum
703 2750 733 2769 v,
750 2740 838 2769 Clav.
883 2739 1080 2778 temporibus
1103 2740 1239 2778 sapiens,
1260 2748 1355 2768 sensu
1378 2737 1583 2777 philosopho-

145 2782 176 2812 in
192 2782 337 2821 dispicere.
361 2784 405 2812 sic
429 2790 460 2813 et
483 2793 560 2812 mox
575 2783 695 2812 correxi
711 2782 841 2822 dispexe-
885 2792 958 2811 rum
975 2788 1136 2811 erat—aut
1158 2782 1231 2812 unde
1252 2781 1367 2812 habuit
1389 2780 1480 2810 illam
1503 2780 1583 2818 sapi-

146 2831 213 2853 runt
228 2834 283 2863 pro
299 2825 496 2864 despexerunt.
885 2825 1019 2856 entiam.

188 2874 223 2897 ‘32
244 2867 273 2895 sli
288 2867 392 2897 similes
417 2875 482 2897 sunt
502 2867 642 2908 omnibus]
661 2868 761 2898 Aldus
787 2877 842 2897 ne·
930 2875 970 2898 24
997 2866 1201 2908 progressionis
1228 2863 1427 2907 aliquantum]
1456 2863 1581 2903 vulgati

906 2923 935 2948 O
960 2922 984 2951 2
