1778 3095
584 103 764 142 LIBER
791 103 1069 143 TERTmS.
1472 115 1551 159 509

107 231 193 257 non
226 215 395 256 essent?
421 220 596 254 econtra
626 211 753 252 deum
784 211 886 251 licet
915 211 1129 267 disputare
1157 211 1365 255 liberius?
1399 214 1449 257 In
1470 216 1552 260 ho-

106 273 270 314 minum
304 271 430 321 vitiis,
467 269 541 318 ais,
575 281 667 307 esse
701 266 886 321 culpam.
947 269 1052 308 Eam
1088 268 1274 310 dedisses
1307 269 1552 316 hominibus

107 329 329 378 rationem,
353 341 447 382 quae
468 324 566 365 vitia
586 323 840 379 culpamque
860 322 1113 366 excluderet.
1173 324 1262 366 Ubi
1283 325 1412 381 igitur
1433 328 1553 371 locus

109 385 190 426 fuit
221 383 351 425 errori
385 381 589 423 deorum?
624 394 721 420 nam
755 379 1009 434 patrimonia
1038 394 1110 434 spe
1139 381 1248 422 bene
1273 382 1466 424 tradendi
1487 400 1550 426 re-
1564 394 1597 425 b.

108 441 340 496 linquimus
357 454 368 489 3
400 451 482 494 qua
500 450 728 492 possumus
750 436 863 477 falli:
895 435 999 476 deus
1021 436 1109 477 falli
1130 439 1202 492 qui
1226 439 1367 492 potuit
1385 440 1398 479 ?
1431 454 1485 480 an
1505 453 1554 483 ut

111 498 202 547 Sol,
224 496 266 537 in
288 508 461 537 currum
482 508 582 533 cum
607 492 915 533 Phaethontem
948 491 1080 533 filium
1112 494 1308 535 sustulit:
1341 504 1414 537 aut
1434 496 1554 552 Nep-

112 563 257 604 tunus,
277 566 376 592 cum
397 550 586 590 Theseus
610 549 899 605 Hippolytum
926 549 1122 604 perdidit,
1147 558 1164 583 9
1179 564 1277 590 cum
1299 560 1364 591 ter
1383 553 1557 607 optandi

112 625 138 651 a
158 611 367 664 Neptuno
389 616 508 661 patre
529 606 746 647 habuisset
764 614 1020 661 potestatem
1037 607 1049 646 ?
1085 607 1310 647 Poetarum
1331 607 1412 648 ista
1432 618 1554 651 sunt:
1570 621 1619 661 77

113 681 193 708 nos
213 673 355 705 autem
377 663 623 718 philosophi
642 677 732 703 esse
754 662 961 713 volumus,
983 678 1120 703 rerum
1152 672 1360 713 auctores,
1382 678 1466 706 non
1495 667 1558 707 fa-

113 722 328 764 bularum.
388 721 533 775 Atque
555 720 583 760 ii
604 728 744 760 tamen
767 719 846 774 ipsi
869 718 926 759 dii
954 719 1108 774 poetici
1140 719 1173 759 si
1204 719 1398 772 scissent,
1417 724 1559 776 perni-

117 779 233 820 ciosa
252 777 342 818 fore
374 775 445 816 illa
467 776 575 827 filiis,
598 790 795 831 peccasse
816 775 857 816 in
878 776 1082 817 beneficio
1113 785 1375 831 putarentur.
1433 780 1503 829 Et,
1526 780 1561 820 si

115 848 257 877 verum
281 842 360 882 est,
382 832 498 888 quod
519 833 666 873 Aristo
689 832 824 872 Chius
846 831 984 872 dicere
1006 833 1184 883 solebat,
1205 848 1356 874 nocere
1386 835 1562 876 audien-

116 891 230 932 tibus
252 889 532 945 philosophos
554 889 618 940 iis,
640 889 713 944 qui
740 889 847 928 bene
878 887 992 928 dicta
1019 889 1130 929 male
1156 889 1530 945 interpretarentur
1550 909 1560 933 :

116 961 242 1004 posse
278 946 389 986 enim
422 954 565 986 asotos
597 959 647 984 ex
679 943 903 1000 Aristippi,
937 946 1109 986 acerbos
1144 960 1166 986 e
1200 947 1383 988 Zenonis
1417 947 1564 990 schola

117 1005 256 1044 exire:
290 1016 475 1057 prorsus,
514 1001 562 1050 si,
597 1000 670 1056 qui
704 1000 944 1050 audierunt,
982 1002 1118 1042 vitiosi
1154 1011 1293 1043 essent
1327 1004 1564 1056 discessuri,

120 1059 238 1116 quod
270 1072 460 1113 perverse
494 1056 846 1113 philosophorum
882 1056 1210 1112 disputationem
1241 1059 1565 1117 interpretaren-

120 1126 213 1157 tur:
246 1124 384 1155 tacere
405 1122 621 1169 praestaret
642 1112 923 1168 philosophiS‚
944 1129 1071 1169 quam
1093 1115 1158 1165 iis,
1179 1115 1250 1170 qui
1274 1131 1316 1156 se
1336 1117 1564 1169 audissent,

121 1186 291 1214 nocere.
351 1171 436 1220 Sic,
466 1171 499 1211 si
530 1170 723 1211 homines
754 1170 979 1220 rationem,
999 1171 1114 1213 bono
1146 1172 1323 1215 consilio
1344 1189 1369 1215 a
1388 1174 1466 1215 diis
1488 1175 1566 1215 im·
1578 1179 1630 1219 78

121 1228 375 1270 mortalibus
398 1227 555 1277 datam,
576 1228 617 1267 in
640 1226 831 1267 fraudem
852 1227 1144 1283 malitiamque
1174 1240 1422 1272 convertunt
1441 1248 1449 1270 :
1483 1246 1568 1272 non

123 1285 213 1326 dari
233 1284 365 1334 illam,
386 1299 513 1339 quam
541 1283 630 1324 dari
662 1283 850 1324 humano
881 1285 1028 1338 generi
1055 1284 1205 1325 melius
1225 1285 1319 1327 fuit.
1382 1296 1420 1319 10
1435 1288 1512 1339 Ut,
1535 1290 1570 1330 si

125 1341 317 1383 medicus
347 1340 464 1391 sciat,
487 1355 584 1381 eum
616 1349 842 1394 aegrotum,
865 1341 938 1395 qui
960 1340 1104 1396 jussus
1137 1341 1190 1382 sit
1216 1342 1358 1384 vinum
1390 1359 1570 1396 sumere,

125 1398 334 1439 meracius
376 1408 633 1447 sumturum,
668 1396 896 1452 statimque
936 1398 1168 1451 periturum
1187 1413 1198 1448 3
1240 1414 1397 1455 magna
1437 1401 1490 1442 sit
1527 1401 1569 1442 in

125 1455 252 1510 culpa
271 1471 279 1494 :
312 1454 372 1494 sic
391 1464 526 1494 vestra
542 1454 624 1498 ista
643 1453 906 1508 providentia
934 1454 1290 1509 reprehendenda,
1321 1472 1416 1512 quae
1438 1458 1568 1499 ratio-

128 1525 225 1552 nem
247 1509 409 1551 dederit
440 1510 503 1559 iis,
523 1524 631 1566 quos
660 1509 800 1550 scierit
821 1524 870 1550 ea
891 1524 1094 1564 perverse,
1115 1519 1158 1552 et
1187 1511 1378 1567 improbe
1403 1529 1567 1556 usuros.

127 1567 224 1609 Nisi
245 1568 353 1607 forte
373 1566 526 1618 dicitis,
553 1581 647 1607 eam
679 1566 875 1607 nescisse.
936 1567 1112 1608 Utinam
1145 1568 1315 1623 quidem
1337 1570 1345 1610 !
1380 1570 1462 1611 Sed
1484 1586 1568 1612 non

127 1623 352 1665 audebitis.
384 1637 468 1663 non
490 1623 603 1663 enim
626 1623 793 1677 ignom,
817 1631 851 1654 11
869 1625 1014 1677 quanti
1035 1624 1126 1680 ejus
1148 1639 1300 1666 nomen
1322 1628 1493 1681 putetiS.

187 1679 271 1721 Sed
291 1679 360 1720 hic
382 1679 555 1735 quidem
577 1679 696 1720 locus
717 1679 917 1719 concludi
940 1679 1031 1735 jam
1058 1689 1214 1736 potest.
1272 1682 1388 1723 Nam
1411 1684 1444 1724 si
1466 1684 1570 1725 stul·
1583 1682 1652 1731 32

129 1737 237 1786 titia,
268 1750 476 1777 consensu
507 1736 698 1776 omnium
733 1735 1100 1791 philosophorum,
1130 1737 1266 1793 majus
1298 1747 1362 1780 est
1394 1740 1568 1792 malum,
1584 1755 1635 1798 79

131 1808 260 1850 quam
282 1793 316 1833 si
336 1793 479 1833 omnia
510 1792 620 1833 mala
652 1801 696 1833 et
724 1792 904 1833 fortunae
925 1801 968 1833 et
993 1793 1182 1848 corporis
1213 1809 1263 1835 ex
1291 1795 1424 1838 altera
1453 1807 1571 1852 parte

131 1859 371 1906 ponantur:
403 1849 650 1904 sapientiam
685 1857 828 1888 autem
862 1863 986 1890 nemo
1023 1850 1284 1905 assequitur:
1316 1853 1358 1893 in
1394 1855 1572 1895 summis

132 1906 255 1947 malis
272 1919 419 1946 omnes
441 1919 601 1956 sumus,
625 1904 778 1960 quibus
799 1919 871 1945 vos
895 1906 1056 1960 optime
1085 1908 1327 1949 consultum
1348 1924 1373 1950 a
1395 1910 1473 1951 diis
1492 1910 1574 1951 im-

135 1962 385 2005 mortalibus
406 1960 560 2002 dicitis.
618 1961 734 2002 Nam
767 1969 816 2002 ut
847 1962 950 2002 nihil
981 1963 1168 2013 interest,
1191 1974 1334 2006 utrum
1358 1981 1483 2008 nemo
1505 1982 1573 2009 va-

133 2018 232 2068 leat,
253 2033 305 2059 an
328 2032 453 2059 nemo
474 2017 607 2072 possit
636 2017 772 2058 valere
792 2035 800 2056 :
833 2018 891 2059 sic
922 2033 1007 2060 non
1037 2019 1245 2075 intelligo,
1268 2022 1369 2077 quid
1396 2024 1573 2076 intersit,
1586 2038 1618 2068 p.
1633 2034 1683 2063 7⁶2

135 2084 280 2117 utrum
302 2089 427 2115 nemo
457 2075 511 2115 sit
541 2073 720 2129 sapienS,
743 2089 795 2116 an
826 2089 951 2116 nemo
981 2090 1072 2117 esse
1090 2077 1236 2131 possit.
1295 2080 1362 2120 Ac
1384 2094 1460 2121 nos
1481 2081 1573 2137 qui·
1587 2081 1615 2101 ³·

137 2131 235 2173 dem
276 2131 399 2172 nimis
438 2131 574 2172 multa
606 2130 658 2170 de
692 2145 735 2171 re
770 2132 1043 2186 apertissima.
1101 2133 1278 2174 Telamo
1311 2144 1453 2177 autem
1489 2152 1576 2178 uno

139 2203 262 2232 versu
282 2189 426 2229 locum
448 2197 586 2228 totum
607 2187 792 2238 conficit,
813 2202 887 2228 cur
908 2188 965 2229 dii
986 2189 1178 2230 homines
1199 2191 1419 2248 negligant
1436 2210 1446 2234 2

254 2277 347 2314 Nam
365 2277 395 2312 si
412 2282 539 2319 curent,
560 2274 636 2312 bene
655 2274 745 2312 bonis
765 2275 822 2320 sit,
845 2276 931 2313 male
950 2277 1047 2314 malis
1064 2293 1076 2313 .·
1105 2277 1195 2329 quod
1211 2292 1298 2315 nunc
1315 2279 1424 2320 abest.

141 2361 371 2404 Debebant
392 2361 453 2402 illi
476 2361 646 2417 quidem
666 2375 812 2402 omnes
843 2362 978 2404 bonos
1000 2363 1176 2415 efficere,
1198 2366 1231 2406 si
1253 2366 1423 2422 quidem
1444 2369 1583 2410 homi-

143 2433 245 2459 num
262 2419 406 2474 generi
427 2418 719 2460 consulebant.
777 2419 850 2459 Sin
871 2419 913 2460 id
935 2420 1100 2462 minus:
1133 2422 1253 2464 bonis
1277 2424 1448 2479 quidem
1469 2436 1584 2469 certe
1599 2429 1650 2462 80

188 2583 205 2607 8
225 2583 323 2605 contra
339 2574 601 2616 deum—liberius]
629 2575 845 2616 interrogandi
889 2577 1036 2617 deinceps
1053 2578 1239 2618 Neptunus,
1256 2588 1301 2612 ter
1323 2590 1509 2623 potestatem
1531 2595 1588 2625 op-

145 2628 257 2650 notam
283 2619 397 2648 addidi.
429 2628 505 2648 nam
532 2619 718 2649 affirmantis
748 2621 847 2650 oratio
890 2621 976 2650 tandi
990 2621 1074 2652 fecit.
1098 2632 1174 2654 nam
1191 2633 1310 2663 poterat
1323 2628 1429 2657 statim
1446 2629 1588 2667 primum

147 2664 247 2702 impia
264 2663 359 2691 foret:
386 2670 445 2690 nec
461 2664 609 2692 convenit
631 2663 847 2702 sequentibus.
890 2663 1052 2702 amplecti,
1069 2668 1155 2704 quod
1172 2671 1368 2708 propositum
1386 2677 1460 2701 erat.

193 2713 212 2739 9
237 2715 300 2734 cum
330 2711 374 2733 ter
396 2704 699 2741 optandi—habuisset
722 2712 848 2744 potesta·
937 2714 975 2737 10
1004 2707 1055 2745 Ut,
1080 2709 1105 2737 si
1133 2711 1274 2753 medicus]
1303 2712 1421 2743 Melius
1446 2714 1524 2743 foret
1549 2712 1593 2742 U(

151 2747 221 2786 tem]
242 2749 349 2778 Immo
365 2756 382 2776 e
396 2746 496 2776 tribus
511 2749 638 2785 optandi
661 2755 848 2787 potestatem
891 2749 1029 2787 medicus,
1046 2752 1070 2780 si
1085 2751 1170 2782 scial.

151 2791 276 2821 habuit.
292 2800 333 2820 an
358 2790 452 2828 igitur
474 2788 617 2828 legemus
635 2801 697 2820 cum
721 2803 734 2820 e
757 2791 849 2820 tribus
937 2799 972 2822 11
1006 2795 1110 2834 quami
1139 2795 1197 2834 ejus
1227 2805 1324 2825 nomen
1352 2796 1474 2837 putetis]
1507 2797 1591 2828 Bene

151 2833 270 2874 optandi
292 2835 350 2864 ὅτε.
375 2833 490 2870 immo,
513 2832 595 2873 quia,
611 2834 668 2865 tria.
690 2834 852 2876 proposuit
893 2835 1031 2874 conjecit
1045 2837 1193 2876 Davisius
1209 2848 1321 2871 numen.
