1778 3095
569 63 747 102 LIBER
775 60 1070 99 QUINTUS.
1204 87 1206 89 »
1446 60 1523 106 367

105 169 168 213 sio
201 170 295 213 fuit.
333 171 437 214 mihi
474 170 586 212 enim
621 185 707 211 non
742 168 958 211 videbatur
995 166 1218 224 quisquam
1252 180 1343 207 esse
1379 167 1527 209 beatus

105 241 245 283 posse,
277 243 375 269 cum
405 228 447 269 in
478 226 599 268 malis
628 234 762 268 esset:
793 226 834 267 in
865 225 986 266 malis
1015 233 1156 265 autem
1187 223 1416 277 sapientem
1437 237 1528 264 esse

105 298 244 339 posse,
266 285 299 326 si
320 293 457 326 essent
473 284 572 325 ‘ulla
598 282 801 339 corporis,
822 290 895 323 aut
924 282 1113 323 fortunae—
1133 279 1257 320 mala.
1315 279 1529 319 Diceban-

106 350 177 382 tur
196 341 300 392 haec,
322 355 415 396 quae
435 339 598 395 scripsit
617 340 744 381 etiam
765 338 1003 380 Antiochus
1024 337 1127 378 locis
1151 335 1342 391 pluribus
1363 351 1372 375 :
1403 334 1531 375 virtu-

109 405 197 438 tem
217 398 349 453 ipsam
369 411 443 452 per
469 410 512 437 se
539 396 707 438 beatam
736 396 863 437 vitam
892 395 1054 436 efficere
1073 399 1211 448 pos'se,
1234 405 1368 447 neque
1390 400 1531 432 tamen

106 453 416 494 beatissimam:
447 452 595 493 deinde
624 468 673 494 ex
706 454 865 508 majore
897 460 1014 507 parte
1047 451 1266 505 plerasque
1297 462 1363 489 res
1394 446 1533 488 nomi-

108 510 211 559 nari,
231 510 358 551 etiam
390 508 424 550 si
456 524 539 565 qua
567 524 662 565 pars
693 509 870 559 abesset,
897 517 944 549 ut
974 507 1091 557 vires,
1113 515 1162 548 ut
1180 504 1464 555 valitudinem,
1486 511 1535 546 ut

108 565 284 617 divitias,
305 574 353 607 ut
373 565 592 617 honorem,
611 577 660 608 ut
685 565 866 621 gloriam
886 581 895 606 :
928 579 1021 620 quae
1051 576 1221 619 genere,
1242 576 1328 602 non
1357 574 1534 602 numero

105 631 399 664 cernerentur:
430 623 532 663 item
565 623 730 664 beatam
766 622 907 671 vitam,
940 621 1068 662 etiam
1099 620 1132 660 si
1165 633 1216 660 ex
1245 618 1385 674 aliqua
1417 625 1536 672 parte

107 676 336 727 clauderet,
371 686 511 720 tamen
549 694 599 720 ex
638 678 775 720 multo
809 678 969 734 majore
1004 686 1123 733 parte
1157 676 1348 717 obtinere
1381 687 1536 716 nomen

108 748 246 776 suum.
306 735 415 777 Haec
434 751 544 777 nunc
564 735 780 777 enucleare
800 749 884 776 non
903 735 962 775 ita
976 747 1145 775 necesse
1164 741 1248 774 est:
1278 744 1535 788 quamquam
1548 745 1597 780 23

109 804 194 831 non
213 793 550 834 constantissime
578 792 661 833 dici
692 791 796 832 mihi
825 791 1031 832 videntur.
1089 791 1203 831 Nam
1227 797 1269 830 et
1295 787 1368 845 qui
1387 787 1537 829 beatus

107 855 186 898 est,
207 863 291 888 non
320 848 526 906 intelligo,
547 848 649 905 quid
677 848 874 904 requirat,
895 856 943 889 ut
963 847 1017 888 sit
1035 847 1220 887 beatior:
1255 845 1306 899 (si
1333 853 1396 885 est
1424 842 1535 885 enim
1548 871 1580 901 p.
1592 867 1665 894 2³³.

109 904 227 959 quod
257 904 379 956 desit,
401 920 453 946 ne
484 906 631 947 beatus
661 904 832 961 quidem
859 906 937 956 est)
961 912 1018 953 et,
1037 902 1152 959 quod
1172 917 1223 944 ex
1242 900 1402 958 majore
1421 908 1537 956 parte
1548 914 1578 937 a.

108 974 451 1017 unamquamque
477 976 565 1003 rem
596 961 796 1018 appellari
826 960 1088 1016 spectarique
1114 958 1276 1010 dicunt,
1295 966 1372 1009 est,
1394 957 1468 998 ubi
1496 956 1540 998 id

110 1015 193 1058 isto
223 1017 352 1058 modo
381 1019 528 1059 valeat.
558 1033 656 1060 cum
686 1033 784 1059 vero
815 1018 895 1058 tria
924 1031 1081 1073 genera
1113 1015 1324 1056 malorum
1357 1028 1447 1056 esse
1476 1013 1541 1054 di-

110 1082 233 1115 cant:
265 1074 338 1130 qui
359 1074 542 1116 duorum
562 1089 768 1131 generum
789 1074 909 1115 malis
930 1073 1126 1114 omnibus
1148 1080 1362 1127 urgeatur,
1382 1078 1430 1111 ut
1449 1084 1543 1110 om-

111 1130 180 1171 nia
209 1130 378 1172 adversa
410 1133 493 1173 sint
525 1132 568 1173 in
603 1132 785 1182 fortuna,
817 1130 1016 1172 omnibus
1049 1143 1295 1185 oppressum
1327 1141 1481 1181 corpus
1501 1133 1544 1167 et

111 1187 356 1229 confectum
373 1188 604 1239 doloribus,
621 1188 719 1242 huic
738 1188 982 1243 paullumne
1001 1186 1054 1228 ad
1073 1187 1242 1227 beatam
1260 1185 1387 1225 vitam
1401 1182 1544 1224 deesse

113 1242 319 1296 dicemus,
354 1260 437 1286 non
469 1244 599 1286 modo
631 1245 685 1286 ad
716 1244 1030 1285 beatissimam?
1066 1243 1164 1283 Hoc
1194 1241 1299 1283 illud
1324 1249 1403 1290 est,
1427 1238 1543 1295 quod
1555 1248 1607 1282 24

112 1299 430 1356 Theophrastus
462 1302 665 1343 sustinere
700 1316 785 1342 non
818 1301 971 1356 potuit.
1029 1300 1142 1340 Nam
1181 1313 1277 1339 cum
1315 1296 1544 1347 statuisset,

114 1357 299 1409 verbera,
320 1366 545 1409 tormenta,
566 1358 789 1408 eruciatus,
809 1357 953 1413 patriae
982 1356 1230 1406 eversiones,
1251 1354 1410 1404 exsilia,
1429 1352 1545 1393 orbi-

114 1422 223 1455 tates
247 1428 443 1469 magnam
464 1415 547 1455 vim
568 1415 720 1455 habere
740 1414 792 1454 ad
814 1413 924 1454 male
943 1413 1176 1468 misereque
1205 1410 1440 1461 vivendum,
1460 1423 1547 1449 non

112 1479 177 1512 est
208 1485 334 1512 ausus
365 1471 473 1512 elate
504 1478 548 1511 et
578 1471 717 1526 ample
747 1470 879 1525 loqui,
908 1484 1006 1510 cum
1034 1468 1250 1509 humiliter
1279 1466 1545 1521 demisseque

112 1526 300 1569 sentiret.
372 1527 515 1569 Quam
551 1527 672 1577 bene,
708 1541 792 1567 non
827 1526 1055 1582 quaeritur:
1099 1532 1339 1566 constanter
1371 1522 1592 1581 quidem9

113 1593 242 1625 certe.
302 1584 451 1640 Itaque
481 1583 586 1624 mihi
618 1583 779 1639 placere
812 1597 897 1624 non
928 1582 1051 1633 solet,
1077 1579 1377 1637 consequentia
1406 1592 1546 1633 repre-

113 1639 311 1691 hendere,
344 1654 442 1682 cum
471 1640 608 1696 prima
644 1640 914 1681 concesseris.
974 1639 1060 1679 Hic
1094 1646 1252 1689 autem,
1285 1635 1549 1691 elegantissi-

116 1711 212 1739 mus
243 1697 434 1738 omnium
455 1697 806 1753 philosophorum
836 1704 878 1736 et
909 1694 1231 1745 eruditissimus,
1251 1708 1338 1734 non
1366 1705 1548 1747 magno-

116 1767 216 1809 pere
237 1753 567 1808 reprehenditur,
586 1768 684 1794 cum
705 1754 782 1795 tria
802 1767 958 1809 genera
977 1752 1080 1793 dicit
1108 1752 1320 1793 bonorum
1337 1766 1347 1791 :
1377 1755 1550 1789 vexatur

116 1818 260 1851 autem
280 1809 333 1850 ab
353 1811 563 1860 omnibus,
582 1810 768 1865 primum
788 1810 829 1850 in
851 1824 902 1850 eo
922 1809 1045 1859 libro,
1063 1823 1187 1864 quem
1208 1806 1374 1863 scripsit
1394 1805 1447 1846 de
1466 1804 1549 1846 vita

116 1866 254 1918 beata,
273 1866 315 1906 in
336 1881 421 1922 quo
441 1866 575 1907 multa
604 1866 804 1922 disputat,
825 1865 1103 1922 quamobrem
1124 1865 1172 1916 is,
1193 1863 1267 1920 qui
1286 1870 1549 1918 torqueatur,

147 1923 191 1964 ui
220 1923 444 1973 crucietur,
474 1923 621 1963 beatus
653 1937 742 1964 esse
772 1936 856 1963 non
887 1922 1032 1978 possit.
1063 1922 1105 1962 in
1137 1935 1189 1961 eo
1218 1919 1346 1961 etiam
1375 1926 1550 1974 putatur

150 1980 272 2030 icere,
291 1980 333 2021 in
353 1989 504 2029 rotam,
522 1980 687 2020 beatam
711 1979 835 2020 vitam
859 1994 942 2020 non
962 1977 1200 2020 escendere.
1250 1978 1352 2018 Non
1370 1989 1550 2031 usquam
1616 2006 1622 2011 .

118 2035 162 2077 id
183 2036 353 2092 quidem
374 2036 477 2077 dicit
497 2035 670 2077 omnino
691 2053 700 2076 ε
732 2035 820 2086 sed,
842 2051 936 2091 quae
965 2035 1082 2084 dicit,
1102 2034 1216 2075 idem
1236 2033 1387 2075 valent.
1450 2032 1551 2072 Pos-
1562 2044 1610 2075 25

119 2107 214 2135 sum
235 2092 381 2148 igitur,
402 2093 470 2133 cui
499 2092 792 2143 concesserim,
813 2092 856 2133 in
887 2092 1008 2133 malis
1035 2105 1125 2133 esse
1156 2090 1324 2132 dolores
1347 2088 1552 2144 corporis,

118 2149 161 2191 in
196 2149 317 2191 malis
353 2149 572 2203 naufragia
611 2149 806 2199 fortunae,
842 2148 940 2189 huic
977 2161 1223 2189 succensere
1259 2145 1429 2195 dicenti,
1465 2158 1550 2185 non

119 2220 268 2248 omnes
287 2206 422 2247 bonos
452 2220 542 2247 esse
572 2206 733 2256 beatos,
755 2220 850 2246 cum
884 2205 925 2245 in
954 2218 1100 2245 omnes
1129 2204 1264 2245 bonos
1284 2217 1347 2252 ea,
1368 2215 1462 2257 quae
1482 2200 1553 2241 ille

120 2262 162 2303 in
183 2262 305 2304 malis
325 2272 530 2313 numerat,
550 2261 698 2303 cadere
727 2262 889 2317 possint
907 2263 920 2302 ?
952 2262 1141 2302 Vexatur
1170 2259 1284 2300 idem
1302 2257 1552 2312 Theophra-

119 2328 210 2361 stus
243 2327 286 2360 et
312 2318 428 2360 libris
460 2327 503 2360 et
532 2318 687 2359 scholis
715 2318 904 2359 omnium
931 2316 1301 2373 philosophorum,
1320 2314 1436 2371 quod
1456 2314 1554 2354 29in

123 2374 384 2418 Callisthene
405 2390 482 2417 suo
503 2374 685 2416 laudarit
706 2374 819 2416 illam
842 2374 1109 2424 sententiam,

234 2466 345 2504 Vnam
363 2466 448 2516 regit
452 2466 618 2515 fhrtuna,
639 2479 701 2502 non
719 2466 896 2517 sapientia.

122 2551 299 2606 Negant
329 2550 382 2590 ab
412 2549 500 2591 ullo
529 2549 785 2605 philosopho
816 2547 1046 2604 quidquam
1077 2547 1239 2589 dictum
1268 2561 1358 2588 esse
1387 2547 1553 2603 langui-

124 2602 232 2650 dius.
263 2614 375 2648 recte
395 2606 436 2646 id
457 2606 628 2661 quidem
647 2623 657 2647 ε
689 2606 763 2647 sed
793 2605 897 2646 nihil
927 2605 1119 2660 intelligo
1139 2604 1222 2646 dici
1241 2604 1430 2661 potuisse
1449 2617 1596 2650 con-br

123 2664 315 2706 stantius.
376 2662 420 2703 Si
439 2663 550 2703 enim
570 2672 637 2705 tot
656 2672 754 2704 sunt
774 2662 815 2703 in
835 2676 1012 2718 corpore
1033 2663 1159 2713 bona,
1179 2669 1244 2702 tot
1263 2670 1382 2703 extra
1401 2673 1554 2717 corpus

358 2803 399 2830 29
416 2796 445 2827 ἰη
465 2796 641 2830 Callisthme
661 2797 721 2839 sno]
743 2798 837 2830 Libro
852 2799 889 2829 de
905 2798 1006 2831 lustu.
1023 2807 1054 2830 v.
1068 2797 1165 2830 Tusc-
1183 2796 1245 2835 111,
1263 2792 1312 2828 1'0.
