1778 3095
246 132 321 180 195
548 130 620 168 DE
648 131 803 169 FINIB.
831 130 1031 170 BONOR.
1062 131 1128 169 ET
1156 130 1365 169 MALOR.

241 247 383 280 autem
405 240 738 295 progressionem
768 241 823 282 ad
844 240 1038 281 virtutem
1072 240 1158 281 fieri
1177 240 1309 291 aiunt,
1329 239 1580 283 levationem
1610 241 1672 285 νῖ-

241 295 396 337 tiorum
418 296 501 338 fieri
533 307 701 352 negant.
761 298 836 347 At,
857 306 895 328 ‘2⁵
912 311 996 351 quo
1027 297 1211 338 nitantur
1242 297 1434 338 homines
1465 298 1578 339 acuti
1605 311 1671 341 ab

240 362 448 407 gumento
488 353 540 393 ad
581 354 863 408 probandum,
898 367 1037 407 operae
1073 353 1253 408 pretium
1292 362 1356 394 est
1395 353 1671 396 considerare.

241 409 450 460 Quarum,
488 416 526 441 26
545 410 696 465 inquit,
732 410 884 450 artium
919 424 1084 449 summa
1117 424 1301 450 crescere
1336 418 1490 464 potest,
1524 424 1669 452 earum

196 476 228 506 b.
241 466 363 506 etiam
387 467 689 507 contrariarum
710 480 876 507 summa
905 466 1057 519 poterit
1083 466 1240 520 augeri.
1271 466 1324 506 ad
1343 466 1506 507 virtutis
1527 474 1670 508 autem

239 537 450 563 summam
481 522 678 563 accedere
711 521 813 562 nihil
845 528 999 575 potest.
1031 536 1082 561 ne
1111 522 1209 562 vitia
1236 521 1406 577 quidem
1427 522 1556 577 igitur
1576 537 1669 564 cre-

239 593 354 620 scere
373 586 587 634 poterunt,
609 593 703 634 quae
725 585 822 617 sunt
842 577 1042 618 virtutum
1063 579 1284 619 contraria.
1345 579 1503 619 Utrum
1534 579 1669 634 igitur

236 635 405 676 tandem
429 635 658 690 perspicuis
686 633 815 674 dubia
844 634 1100 688 aperiuntur,
1121 649 1176 674 an·
1191 633 1328 676 dubiis
1348 635 1569 690 perspicua
1589 635 1672 677 tol-

235 690 408 733 luntur?
442 691 569 746 Atqui
591 691 671 731 hoc
692 689 960 787 pesssfimum
982 699 1060 740 est,
1081 690 1178 730 vitia
1197 690 1276 731 alia
1297 691 1337 732 in
1357 691 1446 732 aliis
1468 706 1558 732 esse
1577 706 1669 732 ma-

228 747 355 803 jora:
386 747 490 789 illud
522 747 716 797 dubium,
749 761 773 787 a
832 745 889 796 id,
923 746 1039 802 quod
1074 761 1288 788 summum
1319 747 1480 789 bonum
1514 747 1667 799 dicitis,

235 817 480 859 ecquaenam
519 803 605 844 fieri
641 802 775 857 possit
805 803 1003 844 accessio.
1034 818 1105 844 vos
1136 812 1278 844 autem
1310 817 1408 844 cum
1438 804 1668 859 perspicuis

235 860 365 901 dubia
395 860 583 901 debeatis
616 859 838 909 illustrare,
860 858 998 900 dubiis
1027 859 1247 915 perspicua
1276 860 1487 901 conamini
1506 861 1668 901 tollere.

171 918 221 954 68
236 923 272 952 27
289 918 434 972 Itaque
455 916 601 957 eadem
617 917 792 966 ratione,
812 931 895 972 qua
915 931 1009 958 sum
1029 916 1172 972 paullo
1193 926 1289 957 ante
1309 931 1424 967 usus,
1440 916 1668 958 haerebitis.

233 974 267 1014 si
287 974 399 1014 enim
420 983 641 1028 propterea
659 973 758 1013 vitia
778 973 858 1013 alia
877 972 967 1013 aliis
987 972 1150 1028 majora
1169 987 1253 1014 non
1275 982 1386 1023 sunt,
1409 972 1506 1029 quia
1536 988 1586 1014 ne
1613 973 1668 1014 ad

233 1029 357 1071 finem
393 1030 563 1085 quidem
597 1030 806 1070 bonorum
841 1044 955 1080 eum,
987 1044 1115 1085 quem
1147 1044 1218 1071 vos
1250 1029 1401 1080 facitis,
1434 1028 1665 1085 quidquam

230 1095 376 1141 potest
408 1086 636 1128 accedere:
673 1086 873 1141 quoniam
909 1086 1175 1141 perspicuum
1214 1094 1290 1136 est,
1327 1085 1424 1126 vitia
1458 1100 1542 1126 non
1577 1100 1666 1127 esse

231 1143 423 1184 omnium
456 1143 586 1198 paria,
608 1142 700 1183 finis
729 1143 938 1183 bonorum
969 1142 1087 1183 vobis
1119 1142 1344 1183 mutandus
1372 1151 1448 1182 est.
1506 1143 1668 1183 Tenea-

231 1213 326 1240 mus
346 1199 457 1240 enim
478 1199 583 1240 illud
605 1213 773 1239 necesse
805 1206 883 1248 est,
906 1212 1004 1239 cum
1032 1212 1292 1253 consequens
1314 1197 1484 1252 aliquod
1513 1198 1668 1239 falsum

232 1255 299 1308 sit,
321 1255 440 1306 illud,
462 1256 582 1311 cujus
601 1255 643 1295 id
664 1269 925 1309 consequens
947 1254 1014 1303 sit,
1036 1268 1119 1294 non
1142 1268 1265 1308 posse
1286 1267 1376 1294 esse
1397 1268 1555 1294 verum.

149 1304 220 1353 25
289 1314 401 1368 Quae
439 1320 502 1352 est
541 1310 673 1366 igitur
711 1324 838 1351 causa
883 1310 1058 1351 istarum
1108 1310 1429 1365 angustiarum?
1481 1308 1670 1365 gloriosa

232 1368 459 1410 ostentatio
490 1368 532 1408 in
565 1366 863 1408 constituendo
898 1381 1067 1408 summo
1099 1367 1229 1407 bono.
1263 1381 1361 1407 cum
1394 1365 1521 1418 enim,
1551 1367 1668 1423 quod

229 1425 457 1466 honestum
475 1423 541 1475 sit,
562 1424 605 1464 id
627 1423 763 1465 solum
786 1424 946 1464 bonum
968 1438 1058 1464 esse
1079 1423 1364 1474 confirmatur,
1385 1423 1548 1464 tollitur
1567 1438 1669 1465 cura

228 1481 482 1531 valitudinis,
503 1480 720 1536 diligentia
742 1481 800 1521 rei
830 1480 1058 1530 familiaris,
1079 1479 1387 1521 administratio
1408 1479 1666 1534 reipublicae,

227 1538 333 1580 ordo
366 1537 650 1593 gerendorum
684 1536 968 1592 negotiorum,
1001 1537 1137 1577 officia
1165 1536 1274 1577 vitae.
1306 1536 1447 1590 ipsum
1483 1535 1664 1592 denique

228 1595 331 1636 illud
366 1595 609 1644 honestum,
640 1594 681 1634 in
711 1608 796 1649 quo
828 1608 913 1634 uno
945 1592 1068 1633 vultis
1098 1607 1188 1633 esse
1208 1592 1363 1642 omnia,
1386 1591 1664 1634 deserendum

227 1660 304 1692 est.
337 1667 430 1709 quae
453 1649 772 1705 diligentissime
805 1659 954 1690 contra
970 1649 1213 1689 Aristonem
1243 1648 1440 1690 dicuntur
1469 1663 1493 1689 a
1523 1649 1665 1705 Chry-

227 1709 364 1764 sippo.
424 1710 488 1748 Ex
518 1722 567 1747 ea
597 1706 843 1748 difficultate
873 1706 955 1746 illae
987 1705 1370 1761 fallaciloquentiae,
1396 1708 1460 1758 (ut
1489 1705 1548 1746 ait
1574 1706 1662 1746 Ac-

164 1766 216 1812 69
229 1765 333 1818 cius)
359 1764 529 1806 malitiae
561 1773 668 1804 natae
703 1772 813 1804 sunt.
873 1762 1004 1819 Quod
1034 1762 1144 1802 enim
1177 1761 1381 1817 sapientia
1408 1761 1480 1802 ubi
1513 1761 1663 1816 pedem

228 1829 417 1877 poneret,
445 1836 529 1861 non
558 1820 755 1870 habebat,
787 1819 963 1860 sublatis
995 1818 1139 1860 officiis
1166 1818 1391 1859 omnibus:
1424 1817 1562 1858 officia
1587 1832 1663 1859 au-

229 1887 317 1919 tem
350 1877 621 1931 tollebantur,
653 1876 819 1917 delectu
848 1875 978 1925 omni,
1011 1883 1053 1916 et
1082 1874 1320 1915 discrimine
1349 1882 1517 1915 remoto
1552 1876 1663 1930 (quae

100 1935 341 1986 p.122.e11im
364 1949 453 1975 esse
474 1942 668 1989 poterant
688 1933 812 1973 rebus
832 1932 1028 1972 omnibus
1049 1931 1107 1972 sic
1129 1931 1371 1986 exaequatiS,
1389 1939 1438 1972 ut
1464 1930 1573 1971 inter
1592 1945 1663 1973 eas

188 1991 333 2032 a·nihil
365 1991 580 2032 interesset
600 1991 631 2042 ?)
669 2004 719 2030 ex
749 1989 814 2029 his
851 1988 1055 2044 angustiis
1087 1988 1167 2028 ista
1196 1995 1413 2027 evaserunt
1439 1986 1661 2037 deteriora,

227 2063 354 2105 quam
376 2047 601 2089 Aristonis.
633 2046 705 2087 ilia
736 2054 877 2086 tamen
907 2044 1140 2100 simplicia:
1172 2053 1307 2084 vestra
1335 2051 1511 2084 versuta.
1572 2044 1659 2084 Ro-

223 2120 299 2161 ges
330 2105 441 2145 enim
464 2104 721 2152 Aristonem,
744 2102 909 2143 bonane
940 2101 976 2142 ei
1009 2100 1225 2142 videantur
1251 2099 1357 2149 haec,
1377 2099 1562 2140 vacuitas
1584 2099 1660 2140 do-

223 2163 339 2212 loris,
361 2161 529 2210 divitiae,
551 2159 736 2200 valitudo
755 2160 768 2200 ?
803 2166 941 2214 neget.
973 2157 1089 2213 quid,
1112 2171 1205 2212 quae
1235 2155 1444 2196 contraria
1464 2164 1562 2197 sunt
1580 2155 1659 2207 his,

225 2218 419 2259 malane?
454 2216 585 2258 nihilo
606 2216 756 2270 magis.
817 2216 1033 2255 Zenonem
1054 2227 1192 2268 roges.
1215 2211 1462 2267 respondeat
1481 2212 1662 2254 totidem

224 2275 373 2316 verbis.
404 2274 657 2314 admirantes
679 2286 915 2327 quaeramus
945 2271 998 2312 ab
1028 2279 1222 2324 utroque,
1243 2283 1426 2324 quonam
1448 2269 1579 2310 modo
1599 2270 1660 2311 vi-

226 2339 309 2372 tam
331 2346 457 2387 agere
477 2329 703 2386 possimus,
726 2329 759 2369 si
780 2328 883 2370 nihil
905 2328 1104 2369 interesse
1125 2333 1268 2366 nostra
1288 2334 1502 2380 putemus,
1523 2325 1659 2367 valea-

223 2476 448 2518 aliquantulum.
473 2476 552 2506 MSS,
568 2474 673 2514 plures
690 2480 722 2503 et
741 2474 786 2503 ed.
801 2473 919 2504 Victor.
965 2480 1010 2510 pr.
1035 2469 1143 2512 inquit,
1168 2475 1203 2499 ut
1225 2475 1256 2499 et
1279 2470 1311 2499 in
1337 2469 1415 2499 Mss.
1432 2470 1543 2509 reperit
1565 2477 1660 2511 atque

225 2520 428 2560 aliquantum:
453 2520 538 2558 quod
555 2517 670 2547 melius
686 2517 834 2547 convenit
849 2526 920 2545 sen·
963 2514 1059 2543 edidit
1085 2513 1242 2543 Davisius.
1270 2519 1365 2547 recte,
1393 2519 1428 2543 ut
1448 2520 1479 2542 et
1503 2523 1560 2544 nos
1583 2515 1658 2544 scci-

224 2564 331 2593 tentiae
360 2562 530 2592 Ciceronis.
560 2570 636 2590 nam
667 2568 818 2598 magnam
849 2569 920 2598 pro·
964 2566 1048 2587 mus.
1063 2566 1093 2586 v.
1109 2555 1198 2585 clav.
1213 2556 1245 2584 in
1262 2555 1368 2596 inquit.

221 2606 414 2645 gressionem
432 2604 577 2642 intelligit
593 2603 713 2632 Cicero.
1006 2605 1043 2633 27
1063 2599 1167 2638 Itaque
1193 2598 1237 2626 usi
1260 2599 1356 2627 eadem
1380 2595 1504 2637 ratione]
1528 2597 1573 2627 usi
1589 2599 1656 2629 sine

264 2656 302 2679 ‘25
334 2660 387 2689 qun
417 2641 775 2683 miratum—argumento]
807 2644 914 2673 Putavi
959 2642 1057 2672 dublo
1083 2641 1233 2671 vitiosum
1259 2647 1315 2671 est.
1361 2641 1507 2672 Davisius
1534 2650 1573 2670 ex
1599 2641 1656 2671 ali-

218 2690 297 2721 oiim
324 2691 528 2721 scribendum
553 2699 608 2727 pro
639 2687 766 2726 vulgato
797 2693 916 2715 utamur
959 2692 1036 2724 quot
1052 2684 1129 2714 Mss.
1155 2693 1209 2723 pro
1232 2693 1269 2713 eo
1291 2684 1376 2713 dedit
1391 2694 1490 2725 usque,
1507 2684 1593 2722 quod
1610 2694 1656 2714 re·

218 2741 350 2764 utunmr.
395 2734 474 2763 Mss.
495 2733 626 2770 quidam
650 2738 679 2759 et
703 2731 773 2760 edd.
796 2740 840 2768 pr.
860 2730 916 2758 ha·
959 2729 1074 2758 feretur
1097 2727 1135 2757 ad
1158 2726 1314 2756 haerehitis.
1360 2727 1425 2765 Ego
1448 2726 1553 2765 potius
1573 2726 1657 2756 dele-

217 2777 293 2807 bent
323 2777 456 2805 nituntur
468 2787 478 2804 .·
516 2776 601 2805 unde
637 2774 783 2803 Davisius
820 2773 916 2802 edidit
958 2772 999 2801 vi.
1016 2776 1166 2801 neutrum
1182 2776 1228 2798 est
1244 2771 1275 2799 in
1292 2769 1361 2800 edd.
1377 2779 1422 2809 pr·
1441 2779 1499 2800 nec
1520 2769 1588 2807 ejus
1604 2779 1655 2799 ve-

219 2821 363 2855 nitantur,
381 2829 478 2857 quem
497 2828 553 2848 nos
571 2817 681 2846 imitati
699 2825 824 2845 sumus.
958 2815 1089 2855 stigium
1107 2813 1224 2843 ullum.

262 2868 299 2893 ‘26
318 2862 465 2905 inquiunt]
485 2862 535 2892 Sic
550 2861 646 2900 vulgo
669 2860 781 2890 editur.
799 2864 830 2889 at
845 2858 915 2889 edd.
