1778 3095
574 62 754 100 LIBER
784 43 1085 100 QUINTUS.
1481 63 1563 106 36⁵,

115 183 187 211 ‘ex
208 170 320 212 urbe
338 170 489 227 aliqua,
510 169 567 210 sic
597 169 640 210 in
672 169 779 210 hanc
808 168 934 210 vitam
955 182 1004 208 ex
1024 168 1105 209 alia
1127 167 1212 208 vita
1230 175 1274 208 et
1294 176 1441 210 natura
1460 183 1558 224 pro-

135 227 286 278 fectos,
307 228 409 269 alios
440 226 586 282 gloriae
617 226 780 277 servire,
801 225 905 266 alios
935 225 1150 279 pecuniae:
1182 237 1295 264 raros
1322 238 1411 264 esse
1431 241 1560 280 quos·

135 283 249 334 dam,
270 285 355 339 qui,
376 283 522 324 ceteris
551 282 746 323 omuibus
766 296 843 337 pro
864 281 995 322 nihilo
1021 280 1189 330 habitis,
1211 294 1348 320 rerum
1369 290 1555 323 naturam
1571 304 1601 333 p,
1614 301 1687 326 2:30,

136 340 322 381 studiose
354 340 635 380 intuerentur:
667 338 745 379 hos
775 353 820 379 se
849 337 1059 393 appellare
1090 335 1302 391 sapientiae
1331 336 1558 388 studiosos,
1570 347 1598 370 a.

134 396 179 437 id
210 404 273 436 est
306 396 416 436 enim
455 394 756 450 philosophos:
786 403 830 436 et
863 404 909 435 ut
941 394 1025 434 illic
1063 393 1399 433 liberalissimum
1435 404 1560 443 esset,

136 461 336 507 spectare,
368 451 470 491 nihil
502 451 580 491 sibi
611 453 910 507 acquirentem,
936 451 993 491 sic
1028 452 1068 490 iu
1099 450 1181 490 vita
1206 449 1334 504 longe
1364 450 1562 490 omnibus

135 508 283 549 studiis
323 507 722 562 contemplationem
764 522 902 548 rerum
941 506 1313 561 cognitionemque
1350 515 1560 560 praestare.

134 565 230 605 Nec
261 578 356 604 vero
395 563 654 620 Pythagoras
691 564 871 605 nominis
907 564 1044 605 solum
1080 562 1281 612 inventor,
1317 562 1388 602 sed
1423 566 1610 614 rerum4

135 620 261 659 etiam
282 620 464 674 ipsarum
495 621 771 676 amplificator
792 621 884 661 fuit.
944 620 1031 662 Qui
1053 634 1150 659 cum
1173 626 1267 673 post
1290 617 1401 659 hunc
1426 618 1561 659 Phlia-
1578 641 1626 672 10

135 674 243 715 sium
266 690 504 717 sermonem
525 677 566 717 in
592 677 754 718 Italiam
781 678 970 725 venisset,
992 675 1203 716 exornavit
1223 689 1317 715 eam
1338 675 1564 727 Graeciam,

135 746 229 786 quae
251 746 404 787 magna
423 733 536 775 dicta
565 743 643 784 est,
663 744 707 774 et
724 733 929 788 privatim,
949 743 991 774 et
1011 732 1191 787 publice,
1213 732 1568 786 praestantissimis

134 796 179 828 et
213 788 413 830 institutis
449 801 490 831 et
524 791 696 831 artibus.
759 789 894 845 Cujus
929 789 980 829 de
1010 788 1227 844 disciplina
1256 787 1370 828 aliud
1401 797 1567 842 tempus

135 844 262 885 fuerit
292 845 468 887 fortasse
497 846 676 887 dicendi.
735 846 819 886 Sed
847 846 900 886 ab
932 847 1103 900 antiqua
1132 844 1402 899 philosophia
1434 859 1568 900 usque

136 899 189 940 ad
209 901 440 954 Socratem,
461 903 533 958 qui
553 902 825 953 Archelaum,
846 902 1112 956 Anaxagorae
1134 901 1402 955 discipulum,
1424 902 1568 942 audie-

136 965 215 1008 rat,
236 959 399 999 numeri
419 968 645 1014 motusque
665 960 967 1008 tractabantur,
987 969 1030 998 et
1057 958 1166 998 unde
1188 958 1329 997 omnia
1348 959 1567 1009 orirentur,

138 1028 272 1068 quove
291 1015 532 1056 recederent
551 1033 559 1056 :
592 1016 863 1071 studioseque
880 1015 932 1055 ab
955 1015 1018 1054 his
1038 1014 1219 1055 siderum
1244 1014 1570 1068 magnitudines,

138 1069 366 1121 intervalla,
387 1086 532 1113 cursus
555 1073 894 1127 anquirebantur,
914 1080 956 1112 et
981 1079 1132 1113 cuncta
1162 1071 1359 1111 caelestia.
1419 1072 1569 1112 Socra-

138 1135 202 1167 tes
223 1138 361 1168 autem
395 1128 553 1183 primus
574 1128 885 1184 philosophiam
917 1127 1129 1168 devocavit
1148 1141 1171 1167 e
1190 1127 1310 1178 caelo,
1331 1137 1374 1167 et
1392 1127 1433 1167 in
1456 1128 1570 1168 urbi-

138 1182 217 1223 bus
250 1184 485 1235 collocavit,
515 1194 557 1225 et
588 1186 630 1225 in
664 1185 814 1226 domos
847 1185 972 1225 etiam
1007 1183 1253 1234 introduxit,
1275 1194 1318 1224 et
1346 1184 1489 1239 coegit
1518 1184 1570 1226 de

141 1239 236 1290 vita,
257 1250 299 1280 et
329 1242 530 1291 moribus,
553 1242 761 1297 rebusque
790 1241 910 1281 bonis
943 1249 984 1281 et
1017 1241 1138 1281 malis
1172 1255 1371 1296 quaerere.
1433 1240 1568 1297 Cujus
1586 1255 1628 1286 11

142 1296 362 1351 multiplex
400 1298 506 1338 ratio
546 1298 801 1353 disputandi,
841 1312 1066 1351 rerumque
1103 1298 1292 1347 varietas,
1331 1305 1373 1337 et
1412 1297 1571 1352 ingenii

139 1353 406 1407 magnitudo,
430 1361 465 1385 13
482 1354 664 1395 Platonis
695 1355 899 1395 memoria
929 1364 972 1394 et
1000 1353 1149 1394 litteris
1170 1362 1425 1402 consecrata,
1451 1354 1574 1408 plura

139 1422 295 1462 genera
343 1410 480 1451 effecit
527 1410 863 1452 dissentientium
912 1409 1278 1465 philosophorum.
1355 1411 1391 1450 E
1419 1411 1572 1465 quibus

143 1473 179 1495 ¹4
198 1479 273 1505 nos
304 1465 344 1506 id
375 1467 643 1521 potissimum
677 1466 893 1507 consecuti
923 1481 1081 1516 sumus,
1103 1481 1188 1522 quo
1211 1468 1424 1513 Socratem
1447 1482 1570 1508 usum

144 1521 511 1573 1⁵arbitrabamur,
531 1532 577 1564 ut
599 1533 783 1563 nostram
801 1523 879 1578 ipsi
896 1523 1143 1563 sententiam
1164 1532 1419 1577 tegeremus,
1433 1537 1573 1564 errore

140 1577 245 1618 alios
267 1579 512 1629 levaremus,
536 1590 578 1620 et
609 1581 649 1619 in
681 1580 796 1620 omni
824 1576 1121 1633 disputatione,
1143 1579 1244 1634 quid
1272 1588 1382 1620 esset
1410 1580 1572 1621 similli-

141 1649 259 1675 mum
282 1635 379 1684 veri,
401 1650 698 1690 quaereremus,
747 1637 888 1692 Quem
910 1650 1072 1675 morem
1093 1650 1189 1675 cum
1214 1635 1451 1676 Carneades
1472 1651 1573 1677 acu-

139 1690 299 1731 tissime
329 1693 701 1748 copiosissimeque
732 1692 947 1742 tenuisset,
977 1692 1152 1732 fecimus
1183 1701 1224 1732 et
1254 1692 1355 1732 alias
1386 1707 1512 1747 saepe,
1532 1701 1575 1734 et

144 1761 276 1801 nuper
308 1748 351 1788 in
385 1749 639 1798 Tusculano,
671 1758 716 1789 ut
747 1748 799 1789 ad
831 1763 924 1789 eam
957 1748 1307 1789 consuetudinem
1338 1748 1574 1804 disputare-

143 1818 250 1843 mus.
310 1805 363 1844 Et
401 1806 613 1859 quatridui
646 1805 817 1860 quidem
854 1820 1090 1845 sermonem
1127 1805 1411 1860 superioribus
1447 1805 1500 1846 ad
1533 1814 1574 1847 te

143 1860 423 1915 perscriptum
453 1861 567 1902 libris
595 1861 813 1902 misimus:
844 1861 993 1916 quinto
1022 1870 1165 1902 autem
1196 1861 1278 1912 die,
1299 1876 1397 1902 cum
1419 1862 1572 1903 eodem
1585 1871 1620 1902 b.

142 1916 239 1956 loco
266 1917 613 1968 consedissemus,
645 1917 702 1958 sic
732 1926 795 1958 est
823 1917 1104 1973 propositum,
1137 1918 1189 1958 de
1219 1933 1305 1974 quo
1339 1918 1575 1974 disputare-

140 1987 248 2013 mus.

201 2030 256 2070 A.
276 2031 376 2070 Non
399 2031 502 2071 mihi
522 2031 697 2082 videtur,
718 2031 771 2071 ad
790 2031 913 2072 beate
941 2030 1161 2072 vivendum
1183 2031 1282 2072 satis
1303 2046 1426 2086 posse
1446 2032 1621 2084 virtu-5

144 2095 246 2126 tem.
306 2088 372 2127 M.
394 2087 455 2128 At
488 2087 657 2128 hercule
686 2089 818 2128 Bruto
850 2102 946 2128 meo
979 2087 1167 2128 videtur:
1199 2087 1320 2143 cujus
1348 2102 1431 2144 ego
1454 2089 1574 2144 judi·
1592 2110 1639 2141 12

145 2142 273 2191 cium,
294 2157 396 2198 paee
427 2153 501 2184 tua
532 2143 721 2193 dixerim,
749 2144 878 2199 longe
907 2153 1120 2198 antepono
1151 2153 1240 2186 tu0.
1298 2145 1354 2185 A.
1374 2147 1477 2186 Non
1496 2145 1575 2186 du-

144 2198 250 2239 bito.
309 2201 402 2241 Nec
433 2200 477 2241 id
511 2215 620 2240 nunc
640 2201 792 2255 agitur,
813 2210 860 2241 tu
888 2200 1008 2240 illum
1039 2210 1244 2255 quantum
1273 2215 1417 2242 ames:
1452 2207 1489 2233 16
1504 2201 1580 2244 sed

146 2254 245 2305 hoc,
264 2256 380 2311 quod
410 2256 515 2297 mihi
547 2257 632 2297 dixi
660 2256 805 2307 videri,
825 2256 948 2311 quale
979 2256 1059 2297 sit:
1089 2256 1142 2297 de
1172 2271 1223 2297 eo
1251 2271 1276 2297 a
1304 2266 1345 2297 te
1373 2257 1579 2313 disputari

145 2311 257 2353 volo.
316 2314 381 2354 M.
403 2314 572 2368 Nempe
594 2327 721 2368 negas
741 2312 794 2353 ad
814 2313 935 2353 beate
965 2312 1184 2354 vivendum
1218 2313 1316 2354 satis
1346 2328 1471 2369 posse
1499 2314 1579 2355 vir-

148 2370 312 2410 tutem?
345 2370 401 2410 A.
438 2371 610 2410 Prorsus
650 2383 776 2425 nego·
837 2370 902 2410 M.
939 2369 1086 2425 Quid?
1129 2369 1184 2411 ad
1222 2378 1349 2421 recte,
1387 2370 1579 2422 honeste,

160 2493 163 2495 ·
193 2485 229 2508 13
249 2478 296 2508 Pl.
309 2490 390 2508 mem.
408 2486 435 2509 et
450 2478 555 2508 litteris
571 2478 748 2519 consecrata]
769 2479 844 2509 Hae-
887 2488 920 2508 ro
935 2479 1014 2508 dixit
1030 2487 1058 2509 ν.
1076 2479 1164 2510 Clav.
1180 2480 1212 2510 in
1230 2482 1263 2510 h.
1278 2491 1308 2510 v.

148 2522 173 2551 si
197 2521 332 2551 subinde
355 2522 386 2551 in
408 2523 504 2552 verbo
528 2529 688 2551 consecrata
706 2522 844 2561 conjeci·
933 2529 968 2553 15
997 2521 1229 2563 arbitrabamur]
1260 2523 1364 2562 Vulgo
1391 2524 1582 2561 arbitramur,

150 2574 212 2604 que
229 2570 407 2594 conservata.
887 2565 965 2595 illud
982 2573 1012 2594 et
1028 2567 1210 2596 consecutio
1233 2573 1415 2606 temporum
1432 2567 1582 2607 postulat,

177 2614 232 2637 ·14
258 2618 304 2635 nos
330 2606 363 2635 id
378 2614 411 2645 p.
437 2607 573 2636 consecuti
597 2605 707 2647 sumus]
739 2607 844 2645 Vulgo
887 2614 916 2638 et
932 2608 1001 2637 libri
1017 2608 1149 2646 quidam
1172 2609 1303 2646 habent,
1327 2610 1412 2640 unde
1434 2618 1465 2640 et
1487 2610 1584 2640 Davi·

149 2657 197 2679 est
220 2649 392 2678 consectati.-
416 2651 468 2679 sed
491 2651 567 2688 quia
590 2651 622 2679 in
646 2650 709 2679 Ms.
734 2650 840 2680 Guelf.
886 2652 951 2681 sius
969 2651 1094 2690 recepit.

151 2699 198 2721 est
213 2692 361 2728 consecuti,
376 2693 515 2731 itemque
530 2693 563 2722 in
578 2692 658 2729 aliis,
676 2702 733 2722 nos
749 2693 793 2729 id,
808 2699 844 2722 ut
932 2699 969 2724 16
986 2693 1035 2722 sed
1047 2692 1224 2735 hoc—quale
1235 2692 1285 2732 sir]
1302 2693 1352 2723 Sic
1369 2694 1439 2724 libri
1453 2701 1582 2725 veteres.

154 2735 350 2773 exquisitius,
382 2735 557 2774 recepimus
590 2744 667 2765 cum
704 2736 843 2765 Davisio.
887 2737 982 2775 Vulg.
1000 2736 1084 2766 male
1100 2736 1133 2765 de
1155 2736 1214 2765 hoc.
1239 2746 1315 2766 mox
1340 2737 1408 2766 dedi
1433 2736 1466 2766 de
1481 2748 1510 2767 eo
1527 2746 1583 2777 pro

152 2777 197 2806 sic
212 2784 242 2807 et
256 2777 329 2808 alibi
346 2777 475 2820 consequi
498 2787 553 2818 pro
568 2779 740 2809 consectari
756 2779 844 2809 Cice·
888 2779 922 2809 de
938 2790 1004 2821 quo.
1026 2779 1071 2809 sic
1087 2779 1150 2809 Ms.
1166 2778 1299 2810 Eliensis
1315 2786 1346 2809 et
1360 2778 1423 2809 alii.
