1768 3095
233 82 307 121 163·
537 84 607 121 DE
637 85 792 122 FINIB.
813 84 1013 122 BONOR.
1034 85 1102 122 ET
1131 85 1339 123 MALOR.

226 204 317 230 vem
338 199 434 232 c'um
459 190 682 246 Optimum
712 200 755 233 et
786 192 1025 233 Maximum
1058 192 1251 243 dicimus,
1272 206 1456 247 cumque
1476 191 1666 233 eundem

225 247 474 298 Salutarem,
515 248 797 303 Hospitalem,
834 250 1074 299 Statorem3
1113 249 1195 290 hoc
1233 248 1411 304 intelligi
1448 248 1657 299 volumus,

224 304 401 345 salutem
435 305 657 346 hominum
690 306 730 346 in
759 306 849 362 ejus
869 321 960 346 esse
980 306 1127 347 tutela.
1188 306 1369 347 Minime
1390 314 1531 346 autem
1553 319 1657 346 con-

227 361 357 412 venit,
378 376 475 402 cum
497 361 576 416 ipsi
601 363 708 402 inter
737 377 814 403 nos
846 363 1014 418 abjecti,
1045 362 1311 418 neglectique
1342 362 1486 411 simus,
1508 371 1657 416 postu—

223 417 323 469 lare,
351 427 398 458 ut
432 418 510 459 diis
541 418 851 459 immortalibus
880 419 965 459 cari
997 419 1142 469 simus,
1165 428 1207 460 et
1237 420 1289 460 ab
1320 419 1383 460 his
1415 418 1656 473 diligamur.

223 474 583 530 quemadmodum
617 475 748 529 igitur
782 475 982 515 membris
1015 476 1173 516 utimur
1200 476 1327 531 prius,
1350 490 1474 531 quam
1511 474 1661 515 didici-

223 546 333 582 mus,
354 532 475 586 cujus
508 545 558 571 ea
587 531 779 572 utilitatis
799 546 926 572 causa
958 531 1217 572 habeamus:
1250 533 1308 573 sic
1339 532 1446 573 inter
1476 546 1552 572 nos
1586 546 1660 572 na-

223 596 318 628 tura
348 588 402 628 ad
431 587 593 628 civilem
624 588 974 629 communitatem
997 589 1226 643 conjuncti,
1255 598 1297 630 et
1329 588 1559 630 consociati
1585 603 1657 628 su-

224 659 333 685 mus.
365 644 481 699 quod
504 643 546 684 ni
566 644 624 684 ita
646 659 688 684 se
711 645 897 695 haberet,
919 657 995 685 nec
1009 644 1186 700 justitiae
1206 645 1317 686 ullus
1336 654 1460 695 esset,
1481 659 1557 685 nec
1579 645 1659 685 bo-

160 705 210 748 67
224 701 343 742 nitati
375 702 523 742 iocum
567 701 623 741 Et
654 716 740 756 quo
773 700 904 742 modo
937 701 1160 742 hominum
1193 701 1300 742 inter
1332 701 1525 742 homines
1550 700 1659 757 juris

221 771 313 799 esse
342 758 507 799 vincula
536 766 700 811 putant,
722 758 780 798 sic
813 757 974 799 homini
1003 757 1104 798 nihil
1129 757 1238 813 juris
1269 771 1359 798 esse
1381 772 1479 798 cum
1500 756 1658 798 bestiis.

220 814 420 869 praeclare
440 815 552 855 enim
576 813 857 871 Chrysippus,
879 824 1018 856 cetera
1036 822 1134 855 nata
1153 829 1243 855 esse
1265 814 1486 855 hominum
1517 828 1658 864 causa,

224 878 259 906 17
276 880 318 912 et
348 871 523 912 deorum
546 889 554 912 :
586 884 659 912 eos
691 881 848 922 autem,
869 871 1199 921 communitatis,
1231 879 1274 911 et
1301 871 1514 912 societatis
1543 885 1629 911 suae
1644 885 1657 921 3

222 937 269 968 ut
288 928 433 969 bestiis
464 928 657 969 homines
678 928 741 970 uti
763 928 815 969 ad
836 927 1061 969 utilitatem
1090 942 1207 968 suam
1241 927 1404 983 possint
1432 928 1521 968 sine
1549 926 1665 982 inju-¹

220 985 294 1026 ria.
326 985 613 1041 quoniamque
634 999 683 1026 ea
704 994 853 1026 natura
871 994 980 1026 esset
1008 984 1206 1034 hominis,
1228 993 1276 1025 ut
1307 984 1344 1024 ei
1373 998 1470 1025 cum
1500 997 1658 1039 genere

221 1041 407 1083 humano
443 1042 563 1097 quasi
594 1041 714 1083 civile
745 1041 817 1098 jus
855 1041 1157 1082 intercederet:
1197 1041 1270 1097 qui
1303 1040 1347 1081 id
1379 1048 1658 1090 conservaret,

219 1113 317 1140 eum
333 1099 498 1156 justum
518 1115 526 1139 :
559 1097 631 1155 qui
662 1098 879 1154 migraret,
900 1097 1103 1155 injustum
1130 1098 1234 1138 fore.
1266 1097 1354 1147 sed,
1377 1096 1656 1152 quemadmo-

219 1155 338 1206 dum,
359 1156 572 1196 theatrum
605 1169 702 1196 cum
735 1169 965 1196 commune
986 1155 1054 1205 sit,
1077 1164 1189 1195 recte
1218 1164 1360 1194 tamen
1388 1153 1472 1194 dici
1501 1160 1656 1208 potest,

218 1212 309 1268 ejus
330 1227 420 1253 esse
447 1226 545 1253 eum
573 1212 731 1262 locum,
751 1226 879 1267 quem
908 1211 1088 1266 quisque
1117 1211 1361 1265 occuparit:
1393 1210 1452 1250 sic
1482 1209 1524 1250 in
1554 1209 1659 1250 urbe

219 1269 428 1310 mundove
463 1269 684 1309 communi
718 1283 802 1309 non
839 1266 1080 1308 adversatur
1109 1267 1197 1323 jus,
1234 1281 1319 1322 quo
1357 1267 1495 1307 minus
1533 1280 1657 1307 suum

155 1326 206 1362 68
219 1325 404 1381 quidque
425 1325 633 1381 cujusque
662 1325 728 1366 sit.
791 1324 904 1366 Cum
935 1332 1077 1365 autem
1109 1323 1162 1364 ad
1192 1323 1386 1374 tuendos,
1408 1337 1663 1363 conservans

218 1382 381 1438 dosque
402 1381 595 1423 homines
627 1381 844 1423 hominem
878 1390 1023 1422 natum
1051 1395 1141 1421 esse
1163 1380 1399 1421 videamus:
1432 1388 1657 1420 consenta-

217 1453 345 1480 neum
367 1448 432 1480 est
451 1438 550 1480 huic
571 1448 748 1488 naturae,
767 1448 815 1480 ut
836 1438 1001 1493 sapiens
1021 1437 1119 1478 velit
1137 1451 1280 1492 gerere
1303 1446 1344 1477 et
1364 1435 1656 1477 administrare

216 1496 553 1552 rempublicam3
585 1505 727 1551 atque,
749 1503 798 1536 ut
828 1509 851 1535 e
882 1502 1028 1535 natura
1059 1494 1180 1543 vivat,
1202 1507 1376 1534 uxorem
1408 1491 1655 1548 adjungere,

219 1560 256 1584 18
274 1560 317 1593 et
347 1552 452 1593 velle
483 1566 534 1592 ex
567 1566 617 1592 ea
652 1552 807 1592 liberos
836 1564 1069 1606 procreare.
1129 1551 1198 1591 Ne
1229 1558 1267 1584 19
1283 1564 1449 1590 amores
1479 1548 1653 1604 quidem

215 1617 398 1659 sanctos,
417 1624 442 1649 a
462 1608 649 1664 sapiente
668 1608 826 1649 alienos
845 1621 936 1648 esse
957 1607 1226 1648 arbitrantur.
1287 1606 1548 1662 Cynicorum
1578 1619 1654 1646 au-

215 1675 303 1707 tem
323 1666 547 1716 rationem,
569 1674 696 1721 atque
724 1664 851 1706 vitam
883 1664 952 1705 alii
984 1663 1132 1704 cadere
1162 1662 1204 1703 iu
1236 1663 1465 1717 sapientem
1491 1661 1653 1712 dicunt,

216 1723 251 1764 si
284 1724 377 1778 quis
410 1722 619 1777 ejusmodi
652 1722 760 1762 forte
792 1736 913 1762 casus
943 1720 1148 1769 inciderit,
1172 1728 1217 1760 ut
1237 1719 1279 1760 id
1300 1718 1539 1760 faciendum
1570 1718 1652 1759 sit:

134 1771 286 1820 Zlalii
320 1779 437 1820 nullo
470 1779 638 1819 modo:
678 1779 741 1819 Ut
772 1792 867 1818 vero
899 1787 1167 1818 conservetur
1199 1776 1336 1816 omnis
1364 1775 1524 1816 homini
1552 1789 1654 1830 erga

152 1836 431 1888 69h0minem
467 1836 659 1885 societas,
694 1834 955 1890 conjunctio,
989 1833 1167 1874 caritas:
1199 1841 1241 1873 et
1273 1832 1574 1882 emolumenta,
1608 1840 1652 1872 et

215 1893 482 1943 detrimenta,
502 1908 596 1948 quae
617 1891 842 1944 ὠφελήματα
863 1900 905 1932 et
925 1890 1141 1943 βλάμματα
1160 1888 1387 1944 appellant,
1408 1888 1654 1930 communia

214 1964 305 1991 esse
336 1949 587 1991 voluerunt:
619 1963 801 2004 quorum
834 1948 964 1988 altera
993 1953 1183 2002 prosunt,
1214 1955 1369 1987 nocent
1398 1946 1541 1986 altera.
1572 1959 1650 1986 nec

213 2007 349 2048 solum
385 2021 434 2047 ea
466 2006 725 2055 communia,
746 2020 889 2045 verum
921 2003 1048 2044 etiam
1080 2002 1196 2058 paria
1225 2017 1316 2044 esse
1347 2002 1554 2042 dixerunt.
1584 2002 1649 2042 in-

212 2063 441 2104 commoda
460 2071 617 2113 autem,
637 2072 680 2103 et
699 2061 927 2102 commoda
950 2060 1024 2112 (ita
1039 2059 1329 2115 ἑυχρηστῆματα
1349 2068 1391 2099 et
1411 2058 1648 2114 δυσχρηστῆ-

212 2137 319 2172 ματα
340 2119 523 2176 appello)
549 2119 792 2160 communia
810 2132 899 2158 esse
920 2117 1153 2167 voluerunt,
1173 2116 1288 2171 paria
1318 2115 1555 2156 noluerunt.
1578 2114 1651 2156 illa

213 2177 326 2218 enim
362 2193 457 2233 quae
494 2183 686 2232 prosunt,
721 2184 794 2216 aut
830 2189 923 2230 quae
961 2181 1131 2223 nocent,
1164 2181 1238 2212 aut
1274 2172 1386 2212 bona
1423 2179 1535 2222 sunt,
1576 2180 1651 2213 aut

214 2234 352 2276 mala:
384 2249 479 2289 quae
504 2235 587 2274 sint
619 2233 734 2288 paria
763 2245 931 2272 necesse
952 2239 1028 2272 est.-
1061 2227 1290 2270 commoda
1309 2237 1467 2279 autem,
1488 2235 1562 2269 aut
1581 2228 1647 2268 in-

213 2291 442 2332 commoda
471 2290 513 2331 in
546 2305 597 2330 eo
627 2303 782 2344 genere
802 2296 913 2338 sunt,
935 2302 1027 2342 quae
1047 2285 1285 2341 praeposita,
1306 2294 1348 2326 et
1367 2284 1523 2341 rejecta
1543 2283 1648 2326 dici-

214 2362 322 2388 mus.
354 2363 404 2388 ea
424 2355 602 2402 possunt
623 2346 739 2401 paria
760 2360 844 2385 non
865 2358 969 2385 esse.
999 2351 1039 2375 20
1053 2341 1126 2383 sed
1146 2342 1435 2399 emolumenta
1453 2356 1648 2383 commu-

215 2403 283 2444 nia
303 2419 394 2445 esse
414 2405 625 2445 dicuntur.
656 2411 768 2443 recte
787 2409 930 2442 autem
960 2399 1086 2450 facta,
1107 2407 1150 2440 et
1174 2397 1360 2454 peccata,
1381 2413 1464 2440 non
1486 2398 1647 2440 haben-

259 2521 295 2550 17
314 2522 341 2544 et
356 2513 486 2555 deorum]
513 2516 660 2545 Ductum
683 2515 744 2543 hoc
766 2522 784 2542 e
807 2513 911 2542 Stoica
952 2513 1001 2543 ed.
1016 2513 1065 2542 Jo.
1082 2513 1119 2542 de
1139 2512 1253 2542 Colon.
1272 2517 1363 2547 1471.
1381 2513 1465 2542 addit
1482 2519 1648 2552 procreare,

212 2559 381 2594 sententia,
396 2567 469 2596 quae
493 2559 654 2589 mundum
670 2566 737 2587 esse
754 2556 911 2585 statuebat
952 2556 1037 2594 quod
1053 2565 1110 2594 ego
1126 2556 1256 2585 restitui.

213 2611 389 2632 commune
412 2601 584 2630 hominum
602 2607 632 2629 et
647 2600 791 2629 Deorum
807 2599 909 2628 domi·
996 2606 1034 2631 19
1064 2609 1171 2627 amores
1206 2598 1331 2639 sanctos]
1363 2607 1394 2628 v.
1423 2598 1558 2629 Tuscul.
1590 2599 1648 2637 IV,

213 2646 339 2679 cilium,
377 2653 589 2673 communem
627 2643 797 2672 civitatem.
848 2641 908 2671 Sed
952 2647 1004 2671 33.
1020 2651 1045 2671 s.

212 2688 359 2718 Davisius
382 2696 446 2716 non
468 2693 626 2726 repertum
643 2687 676 2715 in
695 2686 759 2715 Ms.
774 2684 904 2721 Eliensi,
992 2691 1032 2715 20
1048 2683 1097 2712 sed
1109 2682 1238 2714 emulum.
1254 2682 1412 2713 communia
1425 2694 1480 2713 esse
1494 2683 1644 2723 dicuntur]

212 2732 351 2762 malebat
366 2730 472 2760 deleri.
950 2727 1030 2757 Haec
1053 2734 1128 2757 sunt
1151 2728 1183 2756 h.
1200 2727 1221 2757 l.
1237 2735 1434 2767 supervacua
1453 2726 1549 2757 etiam
1561 2734 1648 2758 'ante

258 2782 293 2804 is
311 2781 338 2802 et
353 2773 432 2803 velle
444 2785 479 2802 ex
495 2783 527 2801 ea
544 2770 656 2809 liberos]
683 2771 799 2800 Putant
822 2770 907 2800 exci-
949 2771 1043 2800 dicta.
1085 2770 1233 2802 Davisius
1244 2771 1336 2801 uncis
1351 2769 1494 2808 inclusit,
1511 2776 1547 2801 ut
1561 2769 1645 2810 glos·

210 2819 290 2848 disse
306 2818 452 2856 verbum,
471 2822 504 2846 ut
520 2825 648 2856 quaerere
663 2814 822 2844 Davisius.
846 2813 907 2843 Sed
950 2822 1048 2844 sema.
1639 2814 1642 2817 “
