1778 3095
235 109 313 149 270
585 105 842 144 TUSCUL.
873 106 1214 145 QUAESTION
1234 107 1320 145 UM

235 210 359 251 etiam
380 211 527 251 summi
557 212 677 268 regis,
700 214 771 269 qui
801 215 1005 256 maximas
1034 216 1166 270 copias
1202 215 1319 256 duxit
1351 214 1405 255 ad
1430 215 1606 269 Trojam,
1629 221 1669 256 et

240 266 391 322 Ulyssi,
414 267 658 325 Sisyphique
674 270 960 324 prudentiam:
991 287 1065 313 nec
1087 272 1131 313 ob
1153 287 1240 313 eam
1260 287 1360 322 rem,
1381 286 1470 312 cum
1491 272 1579 313 lzaec
1599 287 1669 313 ex-

238 323 452 379 quirerem,
473 325 577 366 sicvt
610 325 670 366 lt‘z‘c
685 326 912 382 faciebam,
934 328 1066 383 capite
1091 329 1322 369 damnarer.
1352 343 1402 368 ne
1421 343 1487 369 vos
1507 327 1668 383 quidem

175 380 402 435 99judices,
428 380 472 431 ii,
503 381 574 437 qni
602 397 665 422 ‘me
695 382 936 433 absolvistis,
954 392 1124 425 mortem
1158 385 1389 425 timueritis.
1449 384 1534 424 Nec
1563 384 1670 424 enim

239 436 427 493 cuiquam
450 438 543 478 bono
560 439 661 478 mali
683 439 906 494 quidquam
928 440 1082 481 evenire
1097 449 1244 495 potest,
1263 456 1334 482 ‘nec
1353 441 1455 492 vivo,
1472 455 1543 482 nec
1561 454 1669 480 mor-

240 500 338 534 tuo.-
370 508 441 533 vec
472 509 666 549 umquam
698 496 782 549 ejus
812 510 874 535 res
906 510 930 535 α
960 496 1038 537 diis
1069 497 1365 537 immortalibus
1394 496 1518 553 neglig
1537 503 1668 537 entur.

238 564 310 590 nec
329 549 431 590 mihi
452 550 529 605 ipsi
551 551 621 590 lzoc
641 551 992 605 acciditfortuito.
1012 568 1084 593 uec
1104 568 1195 593 vero
1216 569 1286 609 ego
1309 554 1372 604 iis,
1395 569 1419 594 α
1439 511 1583 608 quibus
1603 567 1671 592 ac-

109 626 139 656 p.
156 620 226 650 170.
239 614 400 647 casatus
421 622 509 647 sum
526 615 597 647 aut
619 623 642 648 α
664 607 806 663 quibus
826 607 1124 659 condemnatus,
1143 609 1261 650 habeo
1280 611 1386 665 quod
1405 623 1670 659 succenseam,

198 662 317 703 amisi
349 664 457 718 quod
492 663 592 703 milri
627 679 763 704 ‘nocere
798 678 838 703 se
872 664 1139 706 crediderunt.
1171 675 1213 706 et
1249 666 1340 707 haec
1378 666 1551 722 quidem
1588 665 1670 706 hoc

236 719 382 761 modo.
416 729 453 752 82
471 719 575 759 nihil
606 728 746 760 autem
783 720 936 761 melius
969 729 1182 762 extremo:
1218 722 1297 763 Sed
1325 729 1480 776 tempus
1505 729 1578 772 est,
1607 721 1671 762 in-

237 776 343 832 quit,
367 777 463 829 jam
499 775 590 816 hinc
619 775 728 817 abire
762 791 839 825 me,
872 784 919 817 ut
952 778 1134 828 moriar,-
1165 793 1247 828 vos,
1280 785 1326 818 ut
1360 778 1488 819 vitam
1519 778 1670 834 agatis.

235 839 376 872 utrum
396 839 531 872 autem
552 832 605 873 sit
625 831 785 883 melius,
806 833 863 874 dii
884 833 1133 874 immortales
1161 834 1293 875 sciunt
1312 851 1325 875 .-
1359 833 1557 875 hominem
1578 834 1670 890 qui-

156 891 223 940 42
239 889 327 928 dem
347 888 448 929 scire
467 887 644 929 arbitror
662 890 874 931 neminem.
933 892 978 932 N
981 907 1014 931 ae
1035 905 1119 946 ego
1140 891 1255 931 haud
1283 890 1426 946 paullo
1448 890 1561 931 hunc
1581 890 1671 931 ani-

240 959 354 985 mum
380 943 540 996 malim,
561 960 687 1001 quam
716 961 861 988 eorum
890 948 1080 988 omnium
1112 948 1314 997 fortunas,
1336 947 1408 1002 qui
1429 946 1482 987 de
1503 947 1584 987 hoc
1599 946 1672 1002 ju-

237 1001 492 1042 dicaverunt.
523 1002 615 1052 etsi,
637 1002 751 1058 quod
771 1013 922 1058 praeter
939 1003 1040 1044 deos
1063 1013 1189 1058 negat
1211 1004 1317 1044 scire
1337 1018 1611 1059 quemquam,
1630 1001 1673 1043 id

238 1058 316 1098 scit
338 1058 440 1112 ipse,
464 1065 606 1099 utrum
638 1059 789 1100 melius
821 1060 888 1100 sit.
920 1075 1015 1100 nam
1047 1060 1153 1101 dixit
1172 1068 1282 1100 ante.
1313 1059 1385 1100 sed
1407 1074 1531 1100 suum
1553 1058 1672 1109 illud,

152 1126 226 1157 100
238 1114 341 1155 nihil
363 1122 411 1154 ut
431 1114 623 1166 affirmet,
642 1125 758 1156 tenet
778 1116 830 1157 ad
851 1126 1104 1157 extremum.
1159 1118 1253 1157 Nos
1275 1125 1417 1157 autem
1439 1126 1672 1165 teneamus,

236 1180 284 1211 ut
320 1170 424 1211 nihil
456 1186 701 1212 censeamus
730 1187 820 1213 esse
852 1172 1028 1223 malum,
1062 1173 1177 1227 quod
1210 1173 1263 1213 sit
1295 1187 1320 1212 a
1349 1182 1497 1213 natura
1526 1172 1671 1212 datum

236 1227 452 1268 omnibus.
483 1227 871 1284 intelligamusque,
904 1229 938 1268 si
970 1244 1084 1269 mors
1115 1229 1275 1269 malum
1302 1228 1369 1279 sit,
1399 1242 1489 1268 esse
1519 1228 1674 1282 sempi-

237 1293 403 1324 ternum
440 1284 616 1324 malum.
647 1299 744 1325 nam
775 1285 869 1325 vitae
902 1284 1081 1335 miserae,
1103 1299 1218 1325 mors
1251 1284 1342 1325 finis
1373 1299 1463 1325 esse
1495 1283 1673 1324 videtur.

237 1355 351 1380 mors
381 1340 416 1380 si
446 1349 509 1380 est
543 1340 709 1391 misera,
731 1341 822 1381 finis
855 1355 946 1381 esse
977 1342 1116 1382 nullus
1146 1349 1301 1396 potest.
1362 1340 1444 1381 Sed
1470 1339 1570 1396 quid
1591 1354 1675 1395 ego

237 1397 472 1447 Socratem,
493 1405 567 1437 aut
597 1397 922 1448 Theramenem,
943 1405 1188 1453 praestantes
1219 1398 1327 1438 viros
1357 1397 1521 1438 virtutis
1546 1405 1590 1437 et
1608 1411 1674 1437 sa-

235 1452 406 1508 pientiae
441 1452 592 1508 gloria,
626 1468 933 1505 commemoro,
965 1469 1063 1495 cum
1098 1454 1448 1495 Lacedaemonius
1486 1453 1674 1509 quidam,

238 1517 276 1541 83
292 1511 412 1565 cujus
435 1524 486 1550 ne
507 1524 662 1551 nomen
695 1510 866 1565 quidem
899 1511 1116 1566 proditum
1143 1519 1221 1561 est,
1242 1523 1426 1552 mortem
1456 1518 1675 1564 tantopere

237 1566 526 1616 contemserit,
548 1575 610 1616 ut,
632 1582 728 1607 curn
754 1567 805 1607 ad
826 1581 919 1607 eam
950 1567 1190 1617 duceretur,
1211 1567 1433 1607 damnatus
1453 1567 1505 1607 ab
1527 1565 1676 1620 Epho-

236 1623 307 1673 ris,
339 1631 382 1663 et
409 1631 520 1664 esset
551 1623 670 1664 vultu
702 1623 838 1673 hilari,
861 1632 988 1679 atque
1018 1624 1132 1674 laeto,
1152 1623 1406 1678 dixissetque
1434 1623 1470 1663 ei
1501 1622 1675 1678 quidam

238 1679 449 1730 inimicus,
490 1679 795 1720 Contemnisne
835 1679 952 1735 leges
992 1680 1216 1736 Lycurgi?
1262 1678 1540 1734 responderit,
1577 1680 1674 1733 Ego

237 1750 334 1776 vero
357 1735 416 1776 illi
438 1735 666 1776 maximam
696 1737 876 1791 gratiam
899 1737 1050 1785 habeo,
1073 1736 1145 1792 qui
1167 1751 1235 1776 me
1255 1751 1304 1776 ea
1322 1750 1449 1791 poena
1469 1735 1676 1776 multave-

237 1792 307 1842 rit,
329 1807 456 1848 quam
479 1800 517 1824 ⁸4
535 1792 622 1832 sine
653 1793 934 1843 mutuatione,
955 1802 999 1834 et
1019 1793 1108 1833 sine
1134 1807 1301 1833 versura
1327 1806 1496 1847 possem
1524 1791 1677 1832 dissol-

238 1863 346 1890 vere.
406 1849 444 1890 O
466 1849 600 1889 virum
634 1849 783 1903 Sparta
816 1849 992 1904 dignum
1018 1849 1025 1889 l
1058 1859 1107 1890 ut
1136 1848 1240 1889 mihi
1271 1849 1458 1904 quidem,
1485 1847 1557 1903 qui
1588 1856 1675 1888 tam

153 1910 221 1942 101
238 1919 396 1960 magno
413 1905 554 1946 animo
575 1905 716 1956 fuerit,
736 1906 938 1946 innocens
959 1906 1182 1946 damnatus
1202 1919 1292 1945 esse
1310 1904 1513 1945 videatur.
1551 1904 1676 1946 Tales

236 1961 562 2003 innumerabiles
591 1970 734 2002 nostra
762 1963 905 2003 civitas
937 1963 1047 2003 tulit.
1107 1961 1190 2002 Sed
1214 1961 1316 2017 quid
1336 1961 1480 2011 duces,
1501 1970 1544 2002 et
1564 1961 1678 2016 prin-

235 2019 349 2074 cipes
376 2018 606 2069 nominem,
629 2033 724 2059 cum
756 2019 945 2074 legiones
979 2019 1135 2059 scribat
1167 2018 1277 2060 Cato
1308 2032 1418 2074 saepe
1448 2018 1603 2058 alacres
1634 2017 1678 2057 in

235 2089 334 2116 eum
354 2075 498 2116 locum
529 2075 754 2130 profectas,
776 2075 890 2116 unde
922 2075 1126 2117 redituras
1149 2089 1191 2115 se
1224 2090 1308 2115 non
1340 2074 1672 2116 arbitrarentur?

238 2132 330 2172 Pari
361 2132 503 2172 animo
537 2132 850 2173 Lacedaemonii
878 2132 920 2173 in
952 2131 1251 2187 Thermopylis
1283 2131 1544 2182 occiderunt,
1577 2139 1615 2163 8⁵
1633 2130 1676 2171 in

237 2202 346 2244 quos
368 2188 634 2229 Simonides:

346 2269 416 2306 Dic
434 2269 542 2320 hospes
565 2269 716 2319 Spartae,
737 2282 793 2305 nos
815 2278 846 2305 te
864 2268 916 2306 hfc
933 2267 1061 2305 vidisse
1066 2269 1231 2316 jacentes,

450 2324 546 2359 Dum
563 2323 686 2359 sanctis
699 2322 829 2372 patriae
849 2321 978 2372 legibus
996 2321 1217 2373 obsequimur.

238 2400 276 2426 ⁸⁶
291 2393 409 2436 Quid
430 2394 500 2436 ille
522 2395 607 2437 dux
627 2395 837 2436 Leonidas
859 2395 988 2436 dicit?
1025 2403 1061 2432 87
1077 2395 1244 2452 Pergite
1264 2393 1396 2434 animo
1409 2391 1523 2447 forti
1546 2391 1675 2432 Lace-

281 2499 319 2522 82
343 2491 421 2520 nihil
444 2499 539 2522 autem
564 2492 664 2521 melius
691 2491 831 2531 extremo]
860 2493 935 2523 Non
980 2498 1130 2521 clamenes.

235 2535 377 2565 dubitavi
394 2536 529 2574 recipere
552 2537 779 2566 correctionem
803 2535 935 2565 Bentleii
1023 2541 1062 2565 84
1089 2535 1148 2564 sine
1171 2534 1347 2563 mutuatione
1373 2541 1401 2562 et
1423 2545 1446 2564 s.
1473 2532 1613 2574 versura]
1638 2535 1676 2565 In

235 2584 362 2608 extremo
391 2587 446 2616 pro
477 2578 608 2607 aestimo:
643 2579 727 2617 quod
758 2578 850 2607 nihili
882 2585 939 2609 est.
983 2577 1094 2607 Graeco
1117 2584 1163 2606 cst
1188 2576 1254 2617 παρ’
1279 2575 1377 2608 οὐδενὸς
1400 2575 1462 2606 οὔτε
1487 2576 1676 2608 διοικήσαντα

236 2621 368 2651 Videtur
382 2621 536 2660 scriptum
553 2621 648 2651 fuisse
672 2621 790 2656 extimo,
808 2622 880 2650 inde
896 2632 936 2650 ae-
980 2619 1042 2648 οὔτε
1062 2618 1254 2656 Bac-amblavam

237 2663 320 2692 stimo
357 2663 491 2694 factum.
536 2664 677 2693 Extremo
705 2664 800 2703 plane
825 2671 870 2693 est
902 2665 935 2693 in
1025 2669 1062 2694 85
1089 2663 1118 2691 in
1141 2674 1208 2704 quos
1229 2661 1406 2703 Simonides]
1432 2663 1548 2694 Versus
1575 2663 1679 2694 Graeci

240 2706 303 2736 Ms.
322 2706 429 2736 Guelf.
977 2713 1052 2736 sunt
1079 2707 1111 2735 in
1136 2706 1276 2735 oratione
1299 2705 1433 2744 Lycurgi
1450 2715 1478 2738 c.
1492 2707 1676 2737 Leocratem

281 2755 319 2780 83
334 2748 412 2789 cujus
424 2759 458 2778 ne
474 2759 571 2778 nomen
587 2748 701 2790 quidem
712 2748 860 2788 proditum
876 2747 930 2787 est]
977 2758 1006 2778 c.
1024 2756 1075 2779 28.
1092 2755 1122 2778 et
1135 2749 1255 2779 Herod.
1271 2747 1346 2785 VII,
1364 2755 1438 2779 228.

235 2792 373 2822 Prodidit
401 2798 472 2831 post
505 2791 694 2821 Plutarchus
732 2792 762 2821 in
794 2792 932 2831 Apopht.
1022 2797 1061 2822 86
1079 2791 1161 2821 Quid
1175 2791 1226 2820 ille
1243 2791 1304 2820 dux
1320 2789 1580 2832 L.—cenahimus]
1598 2790 1679 2821 Haec

240 2836 354 2865 Lacon.
370 2844 402 2874 p.
419 2841 492 2866 221.
509 2836 547 2865 ed
562 2835 642 2866 Mss.
659 2844 779 2865 nomen
799 2841 845 2865 est
862 2835 933 2865 The·
977 2834 1080 2865 aliena
1103 2844 1169 2866 esse
1184 2835 1224 2866 ab
1240 2835 1274 2866 h.
1289 2835 1311 2866 l.
1327 2834 1420 2865 facile
1441 2839 1537 2875 patet·
1580 2833 1679 2865 Davi.
