<?xml version="1.0" encoding="UTF-8"?>
<!DOCTYPE html PUBLIC "-//W3C//DTD XHTML 1.0 Transitional//EN"
    "http://www.w3.org/TR/xhtml1/DTD/xhtml1-transitional.dtd">
<html xmlns="http://www.w3.org/1999/xhtml" xml:lang="en" lang="en">
 <head>
  <title>
</title>
<meta http-equiv="Content-Type" content="text/html;charset=utf-8" />
  <meta name='ocr-system' content='tesseract 3.04.00' />
  <meta name='ocr-capabilities' content='ocr_page ocr_carea ocr_par ocr_line ocrx_word'/>
</head>
<body>
  <div class='ocr_page' id='page_1' title='image "./p1operaomnia04ciceuoft_0492.png"; bbox 0 0 1778 3095; ppageno 0'>
   <div class='ocr_carea' id='block_1_1' title="bbox 191 137 1249 179">
    <p class='ocr_par' dir='ltr' id='par_1_1' title="bbox 191 137 1249 179">
     <span class='ocr_line' id='line_1_1' title="bbox 191 137 1249 179; baseline 0 -2"><span class='ocrx_word' id='word_1_1' title='bbox 191 141 273 178; x_wconf 74' lang='lat'>484</span> <span class='ocrx_word' id='word_1_2' title='bbox 568 137 647 176; x_wconf 87' lang='lat' dir='ltr'>DE</span> <span class='ocrx_word' id='word_1_3' title='bbox 673 137 945 177; x_wconf 90' lang='lat' dir='ltr'>NATURA</span> <span class='ocrx_word' id='word_1_4' title='bbox 972 139 1177 179; x_wconf 88' lang='lat' dir='ltr'>DEORU</span> <span class='ocrx_word' id='word_1_5' title='bbox 1192 140 1249 178; x_wconf 88' lang='lat' dir='ltr'>M.</span> 
     </span>
    </p>
   </div>
   <div class='ocr_carea' id='block_1_2' title="bbox 96 243 1630 2218">
    <p class='ocr_par' dir='ltr' id='par_1_2' title="bbox 96 243 1630 2218">
     <span class='ocr_line' id='line_1_2' title="bbox 193 243 1629 303; baseline 0.004 -20"><span class='ocrx_word' id='word_1_6' title='bbox 193 245 402 298; x_wconf 76' lang='lat' dir='ltr'>Spartam,</span> <span class='ocrx_word' id='word_1_7' title='bbox 422 243 647 286; x_wconf 89' lang='lat' dir='ltr'>Rhodum:</span> <span class='ocrx_word' id='word_1_8' title='bbox 677 253 720 287; x_wconf 92' lang='lat' dir='ltr'>et</span> <span class='ocrx_word' id='word_1_9' title='bbox 739 260 884 288; x_wconf 88' lang='lat' dir='ltr'>earum</span> <span class='ocrx_word' id='word_1_10' title='bbox 903 247 1072 289; x_wconf 88' lang='lat' dir='ltr'>urbium</span> <span class='ocrx_word' id='word_1_11' title='bbox 1095 248 1316 303; x_wconf 87' lang='lat' dir='ltr'>separatim</span> <span class='ocrx_word' id='word_1_12' title='bbox 1339 247 1393 288; x_wconf 85' lang='lat' dir='ltr'>ab</span> <span class='ocrx_word' id='word_1_13' title='bbox 1413 246 1629 300; x_wconf 86' lang='lat' dir='ltr'>universis,</span> 
     </span>
     <span class='ocr_line' id='line_1_3' title="bbox 192 300 1628 358; baseline 0.003 -17"><span class='ocrx_word' id='word_1_14' title='bbox 192 300 382 355; x_wconf 87' lang='lat' dir='ltr'>singulos</span> <span class='ocrx_word' id='word_1_15' title='bbox 406 300 603 357; x_wconf 88' lang='lat' dir='ltr'>diligunt,</span> <span class='ocrx_word' id='word_1_16' title='bbox 633 310 683 344; x_wconf 91' lang='lat' dir='ltr'>ut</span> <span class='ocrx_word' id='word_1_17' title='bbox 711 303 859 358; x_wconf 88' lang='lat' dir='ltr'>Pyrrhi</span> <span class='ocrx_word' id='word_1_18' title='bbox 888 303 1001 345; x_wconf 91' lang='lat' dir='ltr'>bello</span> <span class='ocrx_word' id='word_1_19' title='bbox 1025 304 1219 355; x_wconf 89' lang='lat' dir='ltr'>Curium,</span> <span class='ocrx_word' id='word_1_20' title='bbox 1251 303 1504 354; x_wconf 79' lang='lat' dir='ltr'>Fabricium,</span> <span class='ocrx_word' id='word_1_21' title='bbox 1538 304 1628 346; x_wconf 91' lang='lat' dir='ltr'>Co-</span> 
     </span>
     <span class='ocr_line' id='line_1_4' title="bbox 191 357 1628 413; baseline 0.003 -16"><span class='ocrx_word' id='word_1_22' title='bbox 191 357 469 408; x_wconf 78' lang='lat' dir='ltr'>runcanium3</span> <span class='ocrx_word' id='word_1_23' title='bbox 499 357 637 413; x_wconf 88' lang='lat' dir='ltr'>primo</span> <span class='ocrx_word' id='word_1_24' title='bbox 661 359 817 401; x_wconf 90' lang='lat' dir='ltr'>Punico</span> <span class='ocrx_word' id='word_1_25' title='bbox 848 360 1103 412; x_wconf 83' lang='lat' dir='ltr'>Calatinum,</span> <span class='ocrx_word' id='word_1_26' title='bbox 1136 361 1362 411; x_wconf 79' lang='lat' dir='ltr'>Duillium,</span> <span class='ocrx_word' id='word_1_27' title='bbox 1384 360 1628 413; x_wconf 85' lang='lat' dir='ltr'>Metellum,</span> 
     </span>
     <span class='ocr_line' id='line_1_5' title="bbox 190 414 1629 472; baseline 0.002 -17"><span class='ocrx_word' id='word_1_28' title='bbox 190 414 435 464; x_wconf 82' lang='lat' dir='ltr'>Lutatium3</span> <span class='ocrx_word' id='word_1_29' title='bbox 467 414 654 456; x_wconf 90' lang='lat' dir='ltr'>secundo</span> <span class='ocrx_word' id='word_1_30' title='bbox 668 417 922 468; x_wconf 85' lang='lat' dir='ltr'>Maximum,</span> <span class='ocrx_word' id='word_1_31' title='bbox 940 418 1210 469; x_wconf 87' lang='lat' dir='ltr'>Marcellum,</span> <span class='ocrx_word' id='word_1_32' title='bbox 1227 418 1500 467; x_wconf 81' lang='lat' dir='ltr'>Africanum3</span> <span class='ocrx_word' id='word_1_33' title='bbox 1530 426 1629 472; x_wconf 89' lang='lat' dir='ltr'>post</span> 
     </span>
     <span class='ocr_line' id='line_1_6' title="bbox 192 470 1628 530; baseline 0.003 -19"><span class='ocrx_word' id='word_1_34' title='bbox 192 470 287 522; x_wconf 88' lang='lat' dir='ltr'>hos,</span> <span class='ocrx_word' id='word_1_35' title='bbox 310 470 514 522; x_wconf 81' lang='lat' dir='ltr'><strong>Paullum,</strong></span> <span class='ocrx_word' id='word_1_36' title='bbox 537 472 796 523; x_wconf 83' lang='lat' dir='ltr'>Gracchum,</span> <span class='ocrx_word' id='word_1_37' title='bbox 820 474 1045 525; x_wconf 86' lang='lat' dir='ltr'>Catonem,</span> <span class='ocrx_word' id='word_1_38' title='bbox 1068 484 1285 530; x_wconf 80' lang='lat' dir='ltr'>patrumve</span> <span class='ocrx_word' id='word_1_39' title='bbox 1310 474 1515 515; x_wconf 90' lang='lat' dir='ltr'>memoria</span> <span class='ocrx_word' id='word_1_40' title='bbox 1535 474 1628 516; x_wconf 91' lang='lat' dir='ltr'>Sci-</span> 
     </span>
     <span class='ocr_line' id='line_1_7' title="bbox 189 527 1630 585; baseline 0.003 -17"><span class='ocrx_word' id='word_1_41' title='bbox 189 527 376 582; x_wconf 85' lang='lat' dir='ltr'>pionem,</span> <span class='ocrx_word' id='word_1_42' title='bbox 394 528 600 569; x_wconf 86' lang='lat' dir='ltr'>Laelium:</span> <span class='ocrx_word' id='word_1_43' title='bbox 631 529 874 585; x_wconf 90' lang='lat' dir='ltr'>multosque</span> <span class='ocrx_word' id='word_1_44' title='bbox 905 539 1120 585; x_wconf 85' lang='lat' dir='ltr'>praeterea,</span> <span class='ocrx_word' id='word_1_45' title='bbox 1152 540 1196 572; x_wconf 90' lang='lat' dir='ltr'>et</span> <span class='ocrx_word' id='word_1_46' title='bbox 1227 539 1369 573; x_wconf 84' lang='lat' dir='ltr'>nostra</span> <span class='ocrx_word' id='word_1_47' title='bbox 1396 531 1554 580; x_wconf 84' lang='lat' dir='ltr'>civitas,</span> <span class='ocrx_word' id='word_1_48' title='bbox 1584 540 1630 572; x_wconf 85' lang='lat' dir='ltr'>et</span> 
     </span>
     <span class='ocr_line' id='line_1_8' title="bbox 193 584 1628 643; baseline 0.002 -18"><span class='ocrx_word' id='word_1_49' title='bbox 193 584 360 625; x_wconf 88' lang='lat' dir='ltr'>Graecia</span> <span class='ocrx_word' id='word_1_50' title='bbox 379 584 477 626; x_wconf 87' lang='lat' dir='ltr'>tulit</span> <span class='ocrx_word' id='word_1_51' title='bbox 497 584 729 640; x_wconf 85' lang='lat' dir='ltr'>singulares</span> <span class='ocrx_word' id='word_1_52' title='bbox 751 586 858 626; x_wconf 78' lang='lat' dir='ltr'>viros</span> <span class='ocrx_word' id='word_1_53' title='bbox 874 601 885 636; x_wconf 82' lang='lat'>3</span> <span class='ocrx_word' id='word_1_54' title='bbox 917 601 1098 641; x_wconf 89' lang='lat' dir='ltr'>quorum</span> <span class='ocrx_word' id='word_1_55' title='bbox 1120 588 1345 638; x_wconf 90' lang='lat' dir='ltr'>neminem,</span> <span class='ocrx_word' id='word_1_56' title='bbox 1362 587 1439 628; x_wconf 86' lang='lat' dir='ltr'>nisi</span> <span class='ocrx_word' id='word_1_57' title='bbox 1452 587 1628 643; x_wconf 89' lang='lat' dir='ltr'>juvante</span> 
     </span>
     <span class='ocr_line' id='line_1_9' title="bbox 106 640 1629 700; baseline 0.002 -19"><span class='ocrx_word' id='word_1_58' title='bbox 106 645 182 683; x_wconf 86' lang='lat'>166</span> <span class='ocrx_word' id='word_1_59' title='bbox 193 640 289 691; x_wconf 89' lang='lat' dir='ltr'>deo,</span> <span class='ocrx_word' id='word_1_60' title='bbox 309 640 438 682; x_wconf 89' lang='lat' dir='ltr'>talem</span> <span class='ocrx_word' id='word_1_61' title='bbox 457 642 587 682; x_wconf 84' lang='lat' dir='ltr'>fuisse</span> <span class='ocrx_word' id='word_1_62' title='bbox 608 640 863 682; x_wconf 89' lang='lat' dir='ltr'>credendum</span> <span class='ocrx_word' id='word_1_63' title='bbox 879 650 956 683; x_wconf 88' lang='lat' dir='ltr'>est.</span> <span class='ocrx_word' id='word_1_64' title='bbox 987 645 1097 699; x_wconf 67' lang='lat' dir='ltr'>Quae</span> <span class='ocrx_word' id='word_1_65' title='bbox 1114 644 1218 685; x_wconf 92' lang='lat' dir='ltr'>ratio</span> <span class='ocrx_word' id='word_1_66' title='bbox 1239 650 1402 700; x_wconf 69' lang='lat' dir='ltr'>poetas,</span> <span class='ocrx_word' id='word_1_67' title='bbox 1424 645 1629 685; x_wconf 84' lang='lat' dir='ltr'>maxime-</span> 
     </span>
     <span class='ocr_line' id='line_1_10' title="bbox 191 697 1628 758; baseline 0.001 -20"><span class='ocrx_word' id='word_1_68' title='bbox 191 711 274 752; x_wconf 86' lang='lat' dir='ltr'>que</span> <span class='ocrx_word' id='word_1_69' title='bbox 313 699 570 747; x_wconf 89' lang='lat' dir='ltr'>Homerum,</span> <span class='ocrx_word' id='word_1_70' title='bbox 615 697 799 753; x_wconf 87' lang='lat' dir='ltr'>impulit,</span> <span class='ocrx_word' id='word_1_71' title='bbox 840 707 888 739; x_wconf 91' lang='lat' dir='ltr'>ut</span> <span class='ocrx_word' id='word_1_72' title='bbox 930 698 1187 755; x_wconf 88' lang='lat' dir='ltr'>principibus</span> <span class='ocrx_word' id='word_1_73' title='bbox 1228 700 1422 753; x_wconf 89' lang='lat' dir='ltr'>heroum,</span> <span class='ocrx_word' id='word_1_74' title='bbox 1462 700 1628 758; x_wconf 90' lang='lat' dir='ltr'>Ulyssi,</span> 
     </span>
     <span class='ocr_line' id='line_1_11' title="bbox 188 754 1628 809; baseline 0.003 -15"><span class='ocrx_word' id='word_1_75' title='bbox 188 754 408 804; x_wconf 88' lang='lat' dir='ltr'>Diomedi,</span> <span class='ocrx_word' id='word_1_76' title='bbox 435 754 767 809; x_wconf 85' lang='lat' dir='ltr'>Agamemnoni,</span> <span class='ocrx_word' id='word_1_77' title='bbox 799 754 976 805; x_wconf 86' lang='lat' dir='ltr'>Achilli,</span> <span class='ocrx_word' id='word_1_78' title='bbox 1008 766 1146 797; x_wconf 89' lang='lat' dir='ltr'>certos</span> <span class='ocrx_word' id='word_1_79' title='bbox 1172 756 1289 808; x_wconf 89' lang='lat' dir='ltr'>deos,</span> <span class='ocrx_word' id='word_1_80' title='bbox 1321 758 1628 807; x_wconf 86' lang='lat' dir='ltr'>discriminum,</span> 
     </span>
     <span class='ocr_line' id='line_1_12' title="bbox 187 810 1629 869; baseline 0.004 -19"><span class='ocrx_word' id='word_1_81' title='bbox 187 818 231 851; x_wconf 86' lang='lat' dir='ltr'>et</span> <span class='ocrx_word' id='word_1_82' title='bbox 249 811 532 866; x_wconf 89' lang='lat' dir='ltr'>periculorum</span> <span class='ocrx_word' id='word_1_83' title='bbox 554 810 746 862; x_wconf 86' lang='lat' dir='ltr'>comites,</span> <span class='ocrx_word' id='word_1_84' title='bbox 767 810 1033 867; x_wconf 89' lang='lat' dir='ltr'>adjungeret.</span> <span class='ocrx_word' id='word_1_85' title='bbox 1095 813 1299 854; x_wconf 89' lang='lat' dir='ltr'>Praeterea</span> <span class='ocrx_word' id='word_1_86' title='bbox 1315 815 1503 869; x_wconf 88' lang='lat' dir='ltr'>ipsorum</span> <span class='ocrx_word' id='word_1_87' title='bbox 1525 814 1629 855; x_wconf 86' lang='lat' dir='ltr'>deo-</span> 
     </span>
     <span class='ocr_line' id='line_1_13' title="bbox 187 867 1627 923; baseline 0.003 -15"><span class='ocrx_word' id='word_1_88' title='bbox 187 882 281 908; x_wconf 90' lang='lat' dir='ltr'>rum</span> <span class='ocrx_word' id='word_1_89' title='bbox 303 881 413 923; x_wconf 89' lang='lat' dir='ltr'>saepe</span> <span class='ocrx_word' id='word_1_90' title='bbox 433 867 683 922; x_wconf 87' lang='lat' dir='ltr'>praesentiae,</span> <span class='ocrx_word' id='word_1_91' title='bbox 705 868 850 923; x_wconf 84' lang='lat' dir='ltr'>quales</span> <span class='ocrx_word' id='word_1_92' title='bbox 879 883 1007 923; x_wconf 90' lang='lat' dir='ltr'>supra</span> <span class='ocrx_word' id='word_1_93' title='bbox 1033 871 1377 921; x_wconf 79' lang='lat' dir='ltr'>commemoravi,</span> <span class='ocrx_word' id='word_1_94' title='bbox 1398 871 1627 920; x_wconf 86' lang='lat' dir='ltr'>declarant,</span> 
     </span>
     <span class='ocr_line' id='line_1_14' title="bbox 187 923 1627 982; baseline 0.003 -18"><span class='ocrx_word' id='word_1_95' title='bbox 187 924 241 964; x_wconf 88' lang='lat' dir='ltr'>ab</span> <span class='ocrx_word' id='word_1_96' title='bbox 277 923 342 964; x_wconf 89' lang='lat' dir='ltr'>his</span> <span class='ocrx_word' id='word_1_97' title='bbox 376 933 420 964; x_wconf 90' lang='lat' dir='ltr'>et</span> <span class='ocrx_word' id='word_1_98' title='bbox 449 923 701 976; x_wconf 82' lang='lat' dir='ltr'>civitatibus,</span> <span class='ocrx_word' id='word_1_99' title='bbox 729 933 771 966; x_wconf 92' lang='lat' dir='ltr'>et</span> <span class='ocrx_word' id='word_1_100' title='bbox 807 925 985 982; x_wconf 87' lang='lat' dir='ltr'>singulis</span> <span class='ocrx_word' id='word_1_101' title='bbox 1021 925 1265 967; x_wconf 88' lang='lat' dir='ltr'>hominibus</span> <span class='ocrx_word' id='word_1_102' title='bbox 1299 927 1476 968; x_wconf 88' lang='lat' dir='ltr'>consuli.</span> <span class='ocrx_word' id='word_1_103' title='bbox 1512 928 1627 975; x_wconf 78' lang='lat' dir='ltr'>quod</span> 
     </span>
     <span class='ocr_line' id='line_1_15' title="bbox 187 979 1625 1038; baseline 0.002 -16"><span class='ocrx_word' id='word_1_104' title='bbox 187 980 360 1036; x_wconf 89' lang='lat' dir='ltr'>quidem</span> <span class='ocrx_word' id='word_1_105' title='bbox 381 980 631 1036; x_wconf 85' lang='lat' dir='ltr'>intelligitur</span> <span class='ocrx_word' id='word_1_106' title='bbox 651 981 779 1023; x_wconf 89' lang='lat' dir='ltr'>etiam</span> <span class='ocrx_word' id='word_1_107' title='bbox 800 982 1180 1038; x_wconf 87' lang='lat' dir='ltr'>significationibus</span> <span class='ocrx_word' id='word_1_108' title='bbox 1206 998 1348 1024; x_wconf 88' lang='lat' dir='ltr'>rerum</span> <span class='ocrx_word' id='word_1_109' title='bbox 1374 979 1625 1035; x_wconf 77' lang='lat' dir='ltr'>futurarum,</span> 
     </span>
     <span class='ocr_line' id='line_1_16' title="bbox 186 1036 1626 1095; baseline 0.003 -18"><span class='ocrx_word' id='word_1_110' title='bbox 186 1052 282 1092; x_wconf 88' lang='lat' dir='ltr'>quae</span> <span class='ocrx_word' id='word_1_111' title='bbox 304 1046 396 1078; x_wconf 92' lang='lat' dir='ltr'>tum</span> <span class='ocrx_word' id='word_1_112' title='bbox 418 1036 741 1090; x_wconf 89' lang='lat' dir='ltr'>dormientibus,</span> <span class='ocrx_word' id='word_1_113' title='bbox 764 1048 855 1080; x_wconf 91' lang='lat' dir='ltr'>tum</span> <span class='ocrx_word' id='word_1_114' title='bbox 877 1039 1146 1095; x_wconf 88' lang='lat' dir='ltr'>vigilantibus</span> <span class='ocrx_word' id='word_1_115' title='bbox 1167 1039 1492 1095; x_wconf 87' lang='lat' dir='ltr'>portenduntur.</span> <span class='ocrx_word' id='word_1_116' title='bbox 1514 1040 1626 1081; x_wconf 92' lang='lat' dir='ltr'>mul-</span> 
     </span>
     <span class='ocr_line' id='line_1_17' title="bbox 186 1095 1627 1152; baseline 0.003 -18"><span class='ocrx_word' id='word_1_117' title='bbox 186 1102 230 1134; x_wconf 88' lang='lat' dir='ltr'>ta</span> <span class='ocrx_word' id='word_1_118' title='bbox 250 1102 453 1148; x_wconf 86' lang='lat' dir='ltr'>praeterea</span> <span class='ocrx_word' id='word_1_119' title='bbox 479 1095 671 1144; x_wconf 86' lang='lat' dir='ltr'>ostentis,</span> <span class='ocrx_word' id='word_1_120' title='bbox 701 1097 835 1137; x_wconf 89' lang='lat' dir='ltr'>multa</span> <span class='ocrx_word' id='word_1_121' title='bbox 864 1096 907 1137; x_wconf 89' lang='lat' dir='ltr'>in</span> <span class='ocrx_word' id='word_1_122' title='bbox 935 1097 1041 1138; x_wconf 87' lang='lat' dir='ltr'>extis</span> <span class='ocrx_word' id='word_1_123' title='bbox 1072 1096 1366 1147; x_wconf 88' lang='lat' dir='ltr'>admonemur,</span> <span class='ocrx_word' id='word_1_124' title='bbox 1396 1096 1627 1152; x_wconf 89' lang='lat' dir='ltr'>multisque</span> 
     </span>
     <span class='ocr_line' id='line_1_18' title="bbox 185 1150 1626 1208; baseline 0.002 -17"><span class='ocrx_word' id='word_1_125' title='bbox 185 1150 312 1192; x_wconf 87' lang='lat' dir='ltr'>rebus</span> <span class='ocrx_word' id='word_1_126' title='bbox 332 1150 423 1192; x_wconf 88' lang='lat' dir='ltr'>aliis</span> <span class='ocrx_word' id='word_1_127' title='bbox 442 1168 451 1192; x_wconf 89' lang='lat'><strong>:</strong></span> <span class='ocrx_word' id='word_1_128' title='bbox 484 1166 588 1208; x_wconf 91' lang='lat' dir='ltr'>quas</span> <span class='ocrx_word' id='word_1_129' title='bbox 611 1151 834 1194; x_wconf 89' lang='lat' dir='ltr'>diuturnus</span> <span class='ocrx_word' id='word_1_130' title='bbox 853 1168 954 1194; x_wconf 90' lang='lat' dir='ltr'>usus</span> <span class='ocrx_word' id='word_1_131' title='bbox 975 1153 1033 1194; x_wconf 86' lang='lat' dir='ltr'>ita</span> <span class='ocrx_word' id='word_1_132' title='bbox 1051 1154 1225 1204; x_wconf 87' lang='lat' dir='ltr'>notavit,</span> <span class='ocrx_word' id='word_1_133' title='bbox 1242 1163 1291 1194; x_wconf 89' lang='lat' dir='ltr'>ut</span> <span class='ocrx_word' id='word_1_134' title='bbox 1310 1162 1443 1194; x_wconf 90' lang='lat' dir='ltr'>artem</span> <span class='ocrx_word' id='word_1_135' title='bbox 1466 1153 1626 1195; x_wconf 90' lang='lat' dir='ltr'>divina-</span> 
     </span>
     <span class='ocr_line' id='line_1_19' title="bbox 184 1207 1628 1266; baseline 0.002 -18"><span class='ocrx_word' id='word_1_136' title='bbox 184 1207 311 1249; x_wconf 86' lang='lat' dir='ltr'>tionis</span> <span class='ocrx_word' id='word_1_137' title='bbox 332 1208 528 1250; x_wconf 88' lang='lat' dir='ltr'>efficeret.</span> <span class='ocrx_word' id='word_1_138' title='bbox 585 1210 729 1251; x_wconf 90' lang='lat' dir='ltr'>Nemo</span> <span class='ocrx_word' id='word_1_139' title='bbox 747 1210 878 1265; x_wconf 89' lang='lat' dir='ltr'>igitur</span> <span class='ocrx_word' id='word_1_140' title='bbox 905 1210 964 1251; x_wconf 87' lang='lat' dir='ltr'>vir</span> <span class='ocrx_word' id='word_1_141' title='bbox 995 1224 1176 1265; x_wconf 87' lang='lat' dir='ltr'>magnus</span> <span class='ocrx_word' id='word_1_142' title='bbox 1205 1211 1293 1251; x_wconf 90' lang='lat' dir='ltr'>sine</span> <span class='ocrx_word' id='word_1_143' title='bbox 1321 1210 1463 1266; x_wconf 90' lang='lat' dir='ltr'>aliquo</span> <span class='ocrx_word' id='word_1_144' title='bbox 1485 1210 1628 1252; x_wconf 86' lang='lat' dir='ltr'>afflatu</span> 
     </span>
     <span class='ocr_line' id='line_1_20' title="bbox 100 1263 1626 1321; baseline 0 -13"><span class='ocrx_word' id='word_1_145' title='bbox 100 1270 174 1317; x_wconf 89' lang='lat'>167</span> <span class='ocrx_word' id='word_1_146' title='bbox 185 1263 326 1305; x_wconf 89' lang='lat' dir='ltr'>divino</span> <span class='ocrx_word' id='word_1_147' title='bbox 348 1279 551 1321; x_wconf 91' lang='lat' dir='ltr'>umquam</span> <span class='ocrx_word' id='word_1_148' title='bbox 583 1265 678 1307; x_wconf 84' lang='lat' dir='ltr'>fuit.</span> <span class='ocrx_word' id='word_1_149' title='bbox 736 1267 832 1308; x_wconf 88' lang='lat' dir='ltr'>Nec</span> <span class='ocrx_word' id='word_1_150' title='bbox 864 1280 961 1308; x_wconf 90' lang='lat' dir='ltr'>vero</span> <span class='ocrx_word' id='word_1_151' title='bbox 994 1267 1053 1308; x_wconf 90' lang='lat' dir='ltr'>ita</span> <span class='ocrx_word' id='word_1_152' title='bbox 1081 1266 1357 1308; x_wconf 86' lang='lat' dir='ltr'>refellendum</span> <span class='ocrx_word' id='word_1_153' title='bbox 1389 1275 1467 1317; x_wconf 84' lang='lat' dir='ltr'>est,</span> <span class='ocrx_word' id='word_1_154' title='bbox 1496 1276 1558 1317; x_wconf 90' lang='lat' dir='ltr'>ut,</span> <span class='ocrx_word' id='word_1_155' title='bbox 1591 1267 1626 1308; x_wconf 88' lang='lat' dir='ltr'>si</span> 
     </span>
     <span class='ocr_line' id='line_1_21' title="bbox 183 1321 1626 1379; baseline 0.003 -17"><span class='ocrx_word' id='word_1_156' title='bbox 183 1321 402 1376; x_wconf 88' lang='lat' dir='ltr'>segetibus</span> <span class='ocrx_word' id='word_1_157' title='bbox 432 1330 507 1362; x_wconf 90' lang='lat' dir='ltr'>aut</span> <span class='ocrx_word' id='word_1_158' title='bbox 537 1322 684 1364; x_wconf 89' lang='lat' dir='ltr'>vinetis</span> <span class='ocrx_word' id='word_1_159' title='bbox 715 1322 953 1379; x_wconf 89' lang='lat' dir='ltr'>cujuspiam</span> <span class='ocrx_word' id='word_1_160' title='bbox 985 1332 1213 1379; x_wconf 86' lang='lat' dir='ltr'>tempestas</span> <span class='ocrx_word' id='word_1_161' title='bbox 1247 1324 1452 1373; x_wconf 87' lang='lat' dir='ltr'>nocuerit,</span> <span class='ocrx_word' id='word_1_162' title='bbox 1485 1332 1559 1364; x_wconf 89' lang='lat' dir='ltr'>aut</span> <span class='ocrx_word' id='word_1_163' title='bbox 1590 1324 1626 1367; x_wconf 90' lang='lat' dir='ltr'>si</span> 
     </span>
     <span class='ocr_line' id='line_1_22' title="bbox 183 1378 1624 1436; baseline 0.002 -17"><span class='ocrx_word' id='word_1_164' title='bbox 183 1378 286 1434; x_wconf 91' lang='lat' dir='ltr'>quid</span> <span class='ocrx_word' id='word_1_165' title='bbox 306 1392 329 1418; x_wconf 91' lang='lat' dir='ltr'>e</span> <span class='ocrx_word' id='word_1_166' title='bbox 350 1379 445 1420; x_wconf 88' lang='lat' dir='ltr'>vitae</span> <span class='ocrx_word' id='word_1_167' title='bbox 464 1379 704 1421; x_wconf 90' lang='lat' dir='ltr'>commodis</span> <span class='ocrx_word' id='word_1_168' title='bbox 724 1394 846 1422; x_wconf 87' lang='lat' dir='ltr'>casus</span> <span class='ocrx_word' id='word_1_169' title='bbox 866 1380 1101 1430; x_wconf 89' lang='lat' dir='ltr'>abstulerit,</span> <span class='ocrx_word' id='word_1_170' title='bbox 1122 1394 1235 1431; x_wconf 90' lang='lat' dir='ltr'>eum,</span> <span class='ocrx_word' id='word_1_171' title='bbox 1256 1381 1325 1422; x_wconf 88' lang='lat' dir='ltr'>cui</span> <span class='ocrx_word' id='word_1_172' title='bbox 1345 1380 1448 1436; x_wconf 91' lang='lat' dir='ltr'>quid</span> <span class='ocrx_word' id='word_1_173' title='bbox 1470 1379 1624 1422; x_wconf 87' lang='lat' dir='ltr'>horum</span> 
     </span>
     <span class='ocr_line' id='line_1_23' title="bbox 179 1434 1625 1494; baseline 0.002 -18"><span class='ocrx_word' id='word_1_174' title='bbox 179 1434 398 1486; x_wconf 88' lang='lat' dir='ltr'>acciderit,</span> <span class='ocrx_word' id='word_1_175' title='bbox 420 1445 494 1476; x_wconf 88' lang='lat' dir='ltr'>aut</span> <span class='ocrx_word' id='word_1_176' title='bbox 520 1435 699 1478; x_wconf 90' lang='lat' dir='ltr'>invisum</span> <span class='ocrx_word' id='word_1_177' title='bbox 722 1436 820 1487; x_wconf 90' lang='lat' dir='ltr'>deo,</span> <span class='ocrx_word' id='word_1_178' title='bbox 849 1446 924 1479; x_wconf 90' lang='lat' dir='ltr'>aut</span> <span class='ocrx_word' id='word_1_179' title='bbox 951 1437 1194 1494; x_wconf 87' lang='lat' dir='ltr'>neglectum</span> <span class='ocrx_word' id='word_1_180' title='bbox 1215 1452 1240 1479; x_wconf 92' lang='lat' dir='ltr'>a</span> <span class='ocrx_word' id='word_1_181' title='bbox 1261 1437 1342 1479; x_wconf 93' lang='lat' dir='ltr'>deo</span> <span class='ocrx_word' id='word_1_182' title='bbox 1366 1436 1625 1493; x_wconf 86' lang='lat' dir='ltr'>judicemus.</span> 
     </span>
     <span class='ocr_line' id='line_1_24' title="bbox 180 1491 1627 1550; baseline 0.002 -18"><span class='ocrx_word' id='word_1_183' title='bbox 180 1492 350 1548; x_wconf 89' lang='lat' dir='ltr'>Magna</span> <span class='ocrx_word' id='word_1_184' title='bbox 386 1491 444 1533; x_wconf 89' lang='lat' dir='ltr'>dii</span> <span class='ocrx_word' id='word_1_185' title='bbox 483 1502 645 1545; x_wconf 89' lang='lat' dir='ltr'>curant,</span> <span class='ocrx_word' id='word_1_186' title='bbox 681 1508 808 1550; x_wconf 87' lang='lat' dir='ltr'>parva</span> <span class='ocrx_word' id='word_1_187' title='bbox 838 1494 1076 1550; x_wconf 87' lang='lat' dir='ltr'>negligunt.</span> <span class='ocrx_word' id='word_1_188' title='bbox 1136 1495 1312 1550; x_wconf 88' lang='lat' dir='ltr'>Magnis</span> <span class='ocrx_word' id='word_1_189' title='bbox 1348 1502 1491 1535; x_wconf 88' lang='lat' dir='ltr'>autem</span> <span class='ocrx_word' id='word_1_190' title='bbox 1529 1493 1627 1536; x_wconf 87' lang='lat' dir='ltr'>viris</span> 
     </span>
     <span class='ocr_line' id='line_1_25' title="bbox 183 1550 1624 1607; baseline 0.002 -18"><span class='ocrx_word' id='word_1_191' title='bbox 183 1557 225 1583; x_wconf 82' lang='lat'>90</span> <span class='ocrx_word' id='word_1_192' title='bbox 237 1562 438 1605; x_wconf 84' lang='lat' dir='ltr'>prospere</span> <span class='ocrx_word' id='word_1_193' title='bbox 468 1564 635 1606; x_wconf 89' lang='lat' dir='ltr'>semper</span> <span class='ocrx_word' id='word_1_194' title='bbox 663 1551 858 1593; x_wconf 85' lang='lat' dir='ltr'>eveniunt</span> <span class='ocrx_word' id='word_1_195' title='bbox 887 1565 1034 1592; x_wconf 89' lang='lat' dir='ltr'>omnes</span> <span class='ocrx_word' id='word_1_196' title='bbox 1071 1565 1163 1592; x_wconf 86' lang='lat' dir='ltr'>res:</span> <span class='ocrx_word' id='word_1_197' title='bbox 1195 1552 1230 1593; x_wconf 91' lang='lat' dir='ltr'>si</span> <span class='ocrx_word' id='word_1_198' title='bbox 1259 1550 1431 1607; x_wconf 86' lang='lat' dir='ltr'>quidem</span> <span class='ocrx_word' id='word_1_199' title='bbox 1469 1550 1568 1592; x_wconf 80' lang='lat' dir='ltr'>satis</span> <span class='ocrx_word' id='word_1_200' title='bbox 1598 1565 1624 1592; x_wconf 84' lang='lat' dir='ltr'>a</span> 
     </span>
     <span class='ocr_line' id='line_1_26' title="bbox 182 1606 1623 1665; baseline 0.001 -19"><span class='ocrx_word' id='word_1_201' title='bbox 182 1606 351 1657; x_wconf 88' lang='lat' dir='ltr'>nostris,</span> <span class='ocrx_word' id='word_1_202' title='bbox 373 1614 415 1647; x_wconf 88' lang='lat' dir='ltr'>et</span> <span class='ocrx_word' id='word_1_203' title='bbox 435 1621 460 1648; x_wconf 91' lang='lat' dir='ltr'>a</span> <span class='ocrx_word' id='word_1_204' title='bbox 478 1607 667 1664; x_wconf 90' lang='lat' dir='ltr'>principe</span> <span class='ocrx_word' id='word_1_205' title='bbox 696 1607 1049 1665; x_wconf 89' lang='lat' dir='ltr'>philosophorum</span> <span class='ocrx_word' id='word_1_206' title='bbox 1080 1608 1253 1650; x_wconf 88' lang='lat' dir='ltr'>Socrate</span> <span class='ocrx_word' id='word_1_207' title='bbox 1281 1607 1443 1649; x_wconf 88' lang='lat' dir='ltr'>dictum</span> <span class='ocrx_word' id='word_1_208' title='bbox 1474 1616 1540 1649; x_wconf 91' lang='lat' dir='ltr'>est</span> <span class='ocrx_word' id='word_1_209' title='bbox 1568 1607 1623 1648; x_wconf 90' lang='lat' dir='ltr'>de</span> 
     </span>
     <span class='ocr_line' id='line_1_27' title="bbox 182 1662 860 1720; baseline 0.003 -17"><span class='ocrx_word' id='word_1_210' title='bbox 182 1662 448 1704; x_wconf 89' lang='lat' dir='ltr'>ubertatibus</span> <span class='ocrx_word' id='word_1_211' title='bbox 467 1664 630 1705; x_wconf 89' lang='lat' dir='ltr'>virtutis</span> <span class='ocrx_word' id='word_1_212' title='bbox 651 1673 695 1706; x_wconf 90' lang='lat' dir='ltr'>et</span> <span class='ocrx_word' id='word_1_213' title='bbox 712 1664 860 1720; x_wconf 85' lang='lat' dir='ltr'>copiis.</span> 
     </span>
     <span class='ocr_line' id='line_1_28' title="bbox 99 1719 1621 1780; baseline 0 -20"><span class='ocrx_word' id='word_1_214' title='bbox 99 1719 170 1780; x_wconf 80' lang='grc'>’67</span> <span class='ocrx_word' id='word_1_215' title='bbox 239 1720 350 1760; x_wconf 85' lang='lat' dir='ltr'>Haec</span> <span class='ocrx_word' id='word_1_216' title='bbox 369 1719 475 1761; x_wconf 88' lang='lat' dir='ltr'>mihi</span> <span class='ocrx_word' id='word_1_217' title='bbox 494 1720 582 1761; x_wconf 87' lang='lat' dir='ltr'>fere</span> <span class='ocrx_word' id='word_1_218' title='bbox 601 1721 643 1762; x_wconf 91' lang='lat' dir='ltr'>in</span> <span class='ocrx_word' id='word_1_219' title='bbox 660 1730 847 1762; x_wconf 88' lang='lat' dir='ltr'>mentem</span> <span class='ocrx_word' id='word_1_220' title='bbox 868 1722 1101 1773; x_wconf 89' lang='lat' dir='ltr'>veniebant,</span> <span class='ocrx_word' id='word_1_221' title='bbox 1118 1736 1211 1777; x_wconf 88' lang='lat' dir='ltr'>quae</span> <span class='ocrx_word' id='word_1_222' title='bbox 1229 1719 1407 1761; x_wconf 86' lang='lat' dir='ltr'>dicenda</span> <span class='ocrx_word' id='word_1_223' title='bbox 1426 1727 1621 1775; x_wconf 85' lang='lat' dir='ltr'>putarem</span> 
     </span>
     <span class='ocr_line' id='line_1_29' title="bbox 96 1774 1621 1832; baseline 0 -15"><span class='ocrx_word' id='word_1_224' title='bbox 96 1794 170 1832; x_wconf 83' lang='lat'>168</span> <span class='ocrx_word' id='word_1_225' title='bbox 183 1774 235 1817; x_wconf 90' lang='lat' dir='ltr'>de</span> <span class='ocrx_word' id='word_1_226' title='bbox 255 1785 405 1818; x_wconf 88' lang='lat' dir='ltr'>natura</span> <span class='ocrx_word' id='word_1_227' title='bbox 423 1776 615 1818; x_wconf 90' lang='lat' dir='ltr'>deorum.</span> <span class='ocrx_word' id='word_1_228' title='bbox 673 1778 739 1819; x_wconf 91' lang='lat' dir='ltr'>Tu</span> <span class='ocrx_word' id='word_1_229' title='bbox 758 1786 900 1819; x_wconf 90' lang='lat' dir='ltr'>autem</span> <span class='ocrx_word' id='word_1_230' title='bbox 922 1779 1066 1829; x_wconf 88' lang='lat' dir='ltr'>Cotta,</span> <span class='ocrx_word' id='word_1_231' title='bbox 1099 1778 1133 1819; x_wconf 88' lang='lat' dir='ltr'>si</span> <span class='ocrx_word' id='word_1_232' title='bbox 1160 1792 1229 1818; x_wconf 88' lang='lat' dir='ltr'>me</span> <span class='ocrx_word' id='word_1_233' title='bbox 1253 1776 1414 1826; x_wconf 83' lang='lat' dir='ltr'>audiaS‚</span> <span class='ocrx_word' id='word_1_234' title='bbox 1443 1776 1621 1818; x_wconf 89' lang='lat' dir='ltr'>eandem</span> 
     </span>
     <span class='ocr_line' id='line_1_30' title="bbox 181 1833 1621 1891; baseline 0.001 -17"><span class='ocrx_word' id='word_1_235' title='bbox 181 1846 354 1874; x_wconf 86' lang='lat' dir='ltr'>causam</span> <span class='ocrx_word' id='word_1_236' title='bbox 373 1848 490 1890; x_wconf 83' lang='lat' dir='ltr'>agas,</span> <span class='ocrx_word' id='word_1_237' title='bbox 509 1842 635 1890; x_wconf 86' lang='lat' dir='ltr'>teque</span> <span class='ocrx_word' id='word_1_238' title='bbox 655 1843 699 1877; x_wconf 92' lang='lat' dir='ltr'>et</span> <span class='ocrx_word' id='word_1_239' title='bbox 718 1843 754 1869; x_wconf 86' lang='lat'>91</span> <span class='ocrx_word' id='word_1_240' title='bbox 769 1835 1003 1891; x_wconf 87' lang='lat' dir='ltr'>principem</span> <span class='ocrx_word' id='word_1_241' title='bbox 1032 1836 1180 1884; x_wconf 87' lang='lat' dir='ltr'>civem,</span> <span class='ocrx_word' id='word_1_242' title='bbox 1201 1842 1245 1876; x_wconf 89' lang='lat' dir='ltr'>et</span> <span class='ocrx_word' id='word_1_243' title='bbox 1263 1833 1506 1889; x_wconf 85' lang='lat' dir='ltr'>pontificem</span> <span class='ocrx_word' id='word_1_244' title='bbox 1528 1847 1621 1875; x_wconf 87' lang='lat' dir='ltr'>esse</span> 
     </span>
     <span class='ocr_line' id='line_1_31' title="bbox 179 1889 1621 1948; baseline 0.001 -18"><span class='ocrx_word' id='word_1_245' title='bbox 179 1889 358 1945; x_wconf 85' lang='lat' dir='ltr'>cogites,</span> <span class='ocrx_word' id='word_1_246' title='bbox 390 1900 447 1943; x_wconf 87' lang='lat' dir='ltr'>et,</span> <span class='ocrx_word' id='word_1_247' title='bbox 484 1891 684 1947; x_wconf 89' lang='lat' dir='ltr'>quoniam</span> <span class='ocrx_word' id='word_1_248' title='bbox 717 1891 759 1932; x_wconf 91' lang='lat' dir='ltr'>in</span> <span class='ocrx_word' id='word_1_249' title='bbox 791 1900 1015 1947; x_wconf 90' lang='lat' dir='ltr'>utramque</span> <span class='ocrx_word' id='word_1_250' title='bbox 1046 1900 1209 1948; x_wconf 88' lang='lat' dir='ltr'>partem</span> <span class='ocrx_word' id='word_1_251' title='bbox 1242 1890 1358 1931; x_wconf 91' lang='lat' dir='ltr'>vobis</span> <span class='ocrx_word' id='word_1_252' title='bbox 1396 1890 1498 1931; x_wconf 87' lang='lat' dir='ltr'>licet</span> <span class='ocrx_word' id='word_1_253' title='bbox 1534 1890 1621 1931; x_wconf 89' lang='lat' dir='ltr'>dis-</span> 
     </span>
     <span class='ocr_line' id='line_1_32' title="bbox 178 1946 1621 2004; baseline 0 -17"><span class='ocrx_word' id='word_1_254' title='bbox 178 1956 343 2001; x_wconf 88' lang='lat' dir='ltr'>putare,</span> <span class='ocrx_word' id='word_1_255' title='bbox 377 1947 486 1990; x_wconf 90' lang='lat' dir='ltr'>hanc</span> <span class='ocrx_word' id='word_1_256' title='bbox 515 1948 656 2004; x_wconf 89' lang='lat' dir='ltr'>potius</span> <span class='ocrx_word' id='word_1_257' title='bbox 687 1963 857 1990; x_wconf 91' lang='lat' dir='ltr'>sumas:</span> <span class='ocrx_word' id='word_1_258' title='bbox 890 1963 1069 2004; x_wconf 91' lang='lat' dir='ltr'>eamque</span> <span class='ocrx_word' id='word_1_259' title='bbox 1099 1948 1344 1989; x_wconf 87' lang='lat' dir='ltr'>facultatem</span> <span class='ocrx_word' id='word_1_260' title='bbox 1373 1946 1621 1998; x_wconf 84' lang='lat' dir='ltr'>disserendi,</span> 
     </span>
     <span class='ocr_line' id='line_1_33' title="bbox 179 2003 1620 2060; baseline 0 -16"><span class='ocrx_word' id='word_1_261' title='bbox 179 2017 310 2059; x_wconf 84' lang='lat' dir='ltr'>quam</span> <span class='ocrx_word' id='word_1_262' title='bbox 330 2004 407 2045; x_wconf 90' lang='lat' dir='ltr'>tibi</span> <span class='ocrx_word' id='word_1_263' title='bbox 427 2020 452 2046; x_wconf 90' lang='lat' dir='ltr'>a</span> <span class='ocrx_word' id='word_1_264' title='bbox 471 2005 690 2047; x_wconf 88' lang='lat' dir='ltr'>rhetoricis</span> <span class='ocrx_word' id='word_1_265' title='bbox 710 2006 1080 2048; x_wconf 88' lang='lat' dir='ltr'>exercitationibus</span> <span class='ocrx_word' id='word_1_266' title='bbox 1106 2013 1323 2060; x_wconf 87' lang='lat' dir='ltr'>acceptam</span> <span class='ocrx_word' id='word_1_267' title='bbox 1350 2003 1620 2059; x_wconf 87' lang='lat' dir='ltr'>amplificavit</span> 
     </span>
     <span class='ocr_line' id='line_1_34' title="bbox 178 2060 1617 2118; baseline 0.001 -17"><span class='ocrx_word' id='word_1_268' title='bbox 178 2060 430 2112; x_wconf 89' lang='lat' dir='ltr'>Academia,</span> <span class='ocrx_word' id='word_1_269' title='bbox 449 2062 533 2104; x_wconf 87' lang='lat' dir='ltr'>huc</span> <span class='ocrx_word' id='word_1_270' title='bbox 554 2062 696 2118; x_wconf 90' lang='lat' dir='ltr'>potius</span> <span class='ocrx_word' id='word_1_271' title='bbox 722 2063 928 2105; x_wconf 88' lang='lat' dir='ltr'>conferas.</span> <span class='ocrx_word' id='word_1_272' title='bbox 987 2063 1109 2105; x_wconf 91' lang='lat' dir='ltr'>Mala</span> <span class='ocrx_word' id='word_1_273' title='bbox 1138 2061 1251 2103; x_wconf 89' lang='lat' dir='ltr'>enim</span> <span class='ocrx_word' id='word_1_274' title='bbox 1281 2070 1325 2103; x_wconf 90' lang='lat' dir='ltr'>et</span> <span class='ocrx_word' id='word_1_275' title='bbox 1353 2060 1484 2116; x_wconf 90' lang='lat' dir='ltr'>impia</span> <span class='ocrx_word' id='word_1_276' title='bbox 1512 2075 1617 2102; x_wconf 91' lang='lat' dir='ltr'>con-</span> 
     </span>
     <span class='ocr_line' id='line_1_35' title="bbox 179 2117 1619 2177; baseline 0.001 -19"><span class='ocrx_word' id='word_1_277' title='bbox 179 2117 361 2159; x_wconf 89' lang='lat' dir='ltr'>suetudo</span> <span class='ocrx_word' id='word_1_278' title='bbox 382 2128 461 2172; x_wconf 88' lang='lat' dir='ltr'>est,</span> <span class='ocrx_word' id='word_1_279' title='bbox 481 2127 630 2162; x_wconf 89' lang='lat' dir='ltr'>contra</span> <span class='ocrx_word' id='word_1_280' title='bbox 648 2119 750 2162; x_wconf 90' lang='lat' dir='ltr'>deos</span> <span class='ocrx_word' id='word_1_281' title='bbox 770 2119 1028 2177; x_wconf 88' lang='lat' dir='ltr'>disputandi,</span> <span class='ocrx_word' id='word_1_282' title='bbox 1048 2120 1132 2162; x_wconf 88' lang='lat' dir='ltr'>sive</span> <span class='ocrx_word' id='word_1_283' title='bbox 1153 2133 1205 2161; x_wconf 81' lang='lat' dir='ltr'>ex</span> <span class='ocrx_word' id='word_1_284' title='bbox 1225 2118 1367 2161; x_wconf 89' lang='lat' dir='ltr'>animo</span> <span class='ocrx_word' id='word_1_285' title='bbox 1389 2118 1434 2160; x_wconf 90' lang='lat' dir='ltr'>id</span> <span class='ocrx_word' id='word_1_286' title='bbox 1454 2118 1514 2168; x_wconf 89' lang='lat' dir='ltr'>fit,</span> <span class='ocrx_word' id='word_1_287' title='bbox 1533 2117 1619 2160; x_wconf 83' lang='lat' dir='ltr'>sive</span> 
     </span>
     <span class='ocr_line' id='line_1_36' title="bbox 179 2174 390 2218; baseline 0.009 -2"><span class='ocrx_word' id='word_1_288' title='bbox 179 2174 390 2218; x_wconf 83' lang='lat' dir='ltr'>simulate.</span> 
     </span>
    </p>
   </div>
   <div class='ocr_carea' id='block_1_3' title="bbox 181 2302 1616 2518">
    <p class='ocr_par' dir='ltr' id='par_1_3' title="bbox 181 2302 1616 2429">
     <span class='ocr_line' id='line_1_37' title="bbox 226 2302 1616 2346; baseline -0.003 -10"><span class='ocrx_word' id='word_1_289' title='bbox 226 2312 268 2338; x_wconf 88' lang='lat'>90</span> <span class='ocrx_word' id='word_1_290' title='bbox 285 2310 419 2344; x_wconf 82' lang='lat' dir='ltr'>prospere</span> <span class='ocrx_word' id='word_1_291' title='bbox 434 2311 542 2344; x_wconf 79' lang='lat' dir='ltr'>semper</span> <span class='ocrx_word' id='word_1_292' title='bbox 557 2304 695 2335; x_wconf 79' lang='lat' dir='ltr'>eveniunt</span> <span class='ocrx_word' id='word_1_293' title='bbox 709 2316 802 2335; x_wconf 83' lang='lat' dir='ltr'>omnes</span> <span class='ocrx_word' id='word_1_294' title='bbox 818 2303 876 2346; x_wconf 86' lang='lat' dir='ltr'>res]</span> <span class='ocrx_word' id='word_1_295' title='bbox 920 2311 1009 2336; x_wconf 84' lang='lat' dir='ltr'>textu</span> <span class='ocrx_word' id='word_1_296' title='bbox 1025 2304 1197 2335; x_wconf 86' lang='lat' dir='ltr'>abhorrens</span> <span class='ocrx_word' id='word_1_297' title='bbox 1212 2316 1219 2333; x_wconf 89' lang='lat'><strong>:</strong></span> <span class='ocrx_word' id='word_1_298' title='bbox 1243 2303 1274 2334; x_wconf 92' lang='lat' dir='ltr'>id</span> <span class='ocrx_word' id='word_1_299' title='bbox 1289 2304 1364 2343; x_wconf 87' lang='lat' dir='ltr'>quia</span> <span class='ocrx_word' id='word_1_300' title='bbox 1379 2304 1412 2332; x_wconf 89' lang='lat' dir='ltr'>in</span> <span class='ocrx_word' id='word_1_301' title='bbox 1428 2302 1508 2333; x_wconf 84' lang='lat' dir='ltr'>Mss.</span> <span class='ocrx_word' id='word_1_302' title='bbox 1523 2302 1616 2333; x_wconf 82' lang='lat' dir='ltr'>bonis</span> 
     </span>
     <span class='ocr_line' id='line_1_38' title="bbox 181 2345 1614 2388; baseline -0.001 -9"><span class='ocrx_word' id='word_1_303' title='bbox 181 2348 209 2379; x_wconf 83' lang='lat' dir='ltr'><strong>E</strong></span> <span class='ocrx_word' id='word_1_304' title='bbox 233 2348 314 2379; x_wconf 86' lang='lat' dir='ltr'>Mss.</span> <span class='ocrx_word' id='word_1_305' title='bbox 341 2348 479 2377; x_wconf 77' lang='lat' dir='ltr'>eveniunt</span> <span class='ocrx_word' id='word_1_306' title='bbox 500 2348 617 2378; x_wconf 85' lang='lat' dir='ltr'>addidit</span> <span class='ocrx_word' id='word_1_307' title='bbox 638 2349 798 2380; x_wconf 85' lang='lat' dir='ltr'>Davisius.</span> <span class='ocrx_word' id='word_1_308' title='bbox 821 2350 879 2379; x_wconf 86' lang='lat' dir='ltr'>ha·</span> <span class='ocrx_word' id='word_1_309' title='bbox 922 2359 987 2379; x_wconf 91' lang='lat' dir='ltr'>non</span> <span class='ocrx_word' id='word_1_310' title='bbox 1000 2356 1158 2388; x_wconf 83' lang='lat' dir='ltr'>repertum</span> <span class='ocrx_word' id='word_1_311' title='bbox 1176 2354 1233 2385; x_wconf 87' lang='lat' dir='ltr'>est,</span> <span class='ocrx_word' id='word_1_312' title='bbox 1243 2346 1354 2377; x_wconf 84' lang='lat' dir='ltr'>delevi.</span> <span class='ocrx_word' id='word_1_313' title='bbox 1376 2346 1472 2376; x_wconf 84' lang='lat' dir='ltr'>Venit</span> <span class='ocrx_word' id='word_1_314' title='bbox 1486 2345 1564 2376; x_wconf 89' lang='lat' dir='ltr'>olim</span> <span class='ocrx_word' id='word_1_315' title='bbox 1582 2347 1614 2377; x_wconf 90' lang='lat' dir='ltr'>in</span> 
     </span>
     <span class='ocr_line' id='line_1_39' title="bbox 181 2389 1616 2429; baseline -0.003 -7"><span class='ocrx_word' id='word_1_316' title='bbox 181 2390 260 2422; x_wconf 84' lang='lat' dir='ltr'>bent</span> <span class='ocrx_word' id='word_1_317' title='bbox 275 2398 306 2421; x_wconf 90' lang='lat' dir='ltr'>et</span> <span class='ocrx_word' id='word_1_318' title='bbox 320 2392 390 2421; x_wconf 88' lang='lat' dir='ltr'>edd.</span> <span class='ocrx_word' id='word_1_319' title='bbox 405 2398 480 2422; x_wconf 84' lang='lat' dir='ltr'>vett.</span> <span class='ocrx_word' id='word_1_320' title='bbox 497 2391 621 2422; x_wconf 88' lang='lat' dir='ltr'>Bonon.</span> <span class='ocrx_word' id='word_1_321' title='bbox 638 2392 769 2423; x_wconf 85' lang='lat' dir='ltr'>Mediol.</span> <span class='ocrx_word' id='word_1_322' title='bbox 785 2392 859 2423; x_wconf 87' lang='lat' dir='ltr'>Ald.</span> <span class='ocrx_word' id='word_1_323' title='bbox 922 2398 1080 2428; x_wconf 86' lang='lat' dir='ltr'>mentem,</span> <span class='ocrx_word' id='word_1_324' title='bbox 1107 2391 1295 2421; x_wconf 85' lang='lat' dir='ltr'>Ciceronem</span> <span class='ocrx_word' id='word_1_325' title='bbox 1322 2389 1480 2429; x_wconf 81' lang='lat' dir='ltr'>scripsisse</span> <span class='ocrx_word' id='word_1_326' title='bbox 1501 2389 1616 2429; x_wconf 82' lang='lat' dir='ltr'>princi-</span> 
     </span>
    </p>

    <p class='ocr_par' dir='ltr' id='par_1_4' title="bbox 183 2432 1614 2518">
     <span class='ocr_line' id='line_1_40' title="bbox 229 2432 1614 2475; baseline 0 -12"><span class='ocrx_word' id='word_1_327' title='bbox 229 2441 265 2467; x_wconf 86' lang='lat'>91</span> <span class='ocrx_word' id='word_1_328' title='bbox 285 2434 448 2474; x_wconf 82' lang='lat' dir='ltr'>principem</span> <span class='ocrx_word' id='word_1_329' title='bbox 472 2434 580 2474; x_wconf 84' lang='lat' dir='ltr'>civem]</span> <span class='ocrx_word' id='word_1_330' title='bbox 606 2436 644 2465; x_wconf 88' lang='lat' dir='ltr'>In</span> <span class='ocrx_word' id='word_1_331' title='bbox 667 2435 802 2475; x_wconf 86' lang='lat' dir='ltr'>vulgatis</span> <span class='ocrx_word' id='word_1_332' title='bbox 826 2436 880 2466; x_wconf 88' lang='lat' dir='ltr'>ad·</span> <span class='ocrx_word' id='word_1_333' title='bbox 915 2441 984 2475; x_wconf 84' lang='lat' dir='ltr'>pem</span> <span class='ocrx_word' id='word_1_334' title='bbox 996 2433 1154 2465; x_wconf 80' lang='lat' dir='ltr'>civitatis:</span> <span class='ocrx_word' id='word_1_335' title='bbox 1177 2433 1250 2466; x_wconf 82' lang='lat' dir='ltr'>inde</span> <span class='ocrx_word' id='word_1_336' title='bbox 1265 2432 1411 2464; x_wconf 82' lang='lat' dir='ltr'>vitiosam</span> <span class='ocrx_word' id='word_1_337' title='bbox 1427 2438 1534 2464; x_wconf 81' lang='lat' dir='ltr'>natam</span> <span class='ocrx_word' id='word_1_338' title='bbox 1548 2442 1614 2464; x_wconf 83' lang='lat' dir='ltr'>esse</span> 
     </span>
     <span class='ocr_line' id='line_1_41' title="bbox 183 2477 1106 2518; baseline -0.001 -11"><span class='ocrx_word' id='word_1_339' title='bbox 183 2477 267 2508; x_wconf 80' lang='lat' dir='ltr'>ditur</span> <span class='ocrx_word' id='word_1_340' title='bbox 277 2483 373 2516; x_wconf 76' lang='lat' dir='ltr'>putes,</span> <span class='ocrx_word' id='word_1_341' title='bbox 390 2478 476 2518; x_wconf 89' lang='lat' dir='ltr'>quod</span> <span class='ocrx_word' id='word_1_342' title='bbox 490 2477 582 2509; x_wconf 82' lang='lat' dir='ltr'>valde</span> <span class='ocrx_word' id='word_1_343' title='bbox 598 2485 644 2510; x_wconf 82' lang='lat' dir='ltr'>est</span> <span class='ocrx_word' id='word_1_344' title='bbox 653 2478 694 2509; x_wconf 88' lang='lat' dir='ltr'>ab</span> <span class='ocrx_word' id='word_1_345' title='bbox 709 2488 741 2510; x_wconf 85' lang='lat' dir='ltr'>re</span> <span class='ocrx_word' id='word_1_346' title='bbox 756 2485 788 2510; x_wconf 89' lang='lat' dir='ltr'>et</span> <span class='ocrx_word' id='word_1_347' title='bbox 801 2487 881 2510; x_wconf 83' lang='lat' dir='ltr'>con·</span> <span class='ocrx_word' id='word_1_348' title='bbox 922 2478 1106 2510; x_wconf 83' lang='lat' dir='ltr'>lectionem.</span> 
     </span>
    </p>
   </div>
  </div>
 </body>
</html>
