1778 3095
240 85 321 124 356
582 85 837 126 TUSCUL.
864 87 1304 128 QUAESTIONUM

349 192 428 229 Heu
447 204 496 230 me
513 191 673 242 irgfelicem
686 195 702 229 !

200 270 232 302 b·
242 265 362 308 Nihil
383 265 531 308 verius.
592 267 724 309 Probe
743 276 786 308 et
804 267 889 318 ille,

349 346 504 384 Sanusne
521 360 568 392 es,
589 347 647 398 qui
664 356 780 385 temero
797 348 979 384 lamentare
992 350 1014 383 ,θ

239 429 309 472 Sic
330 430 498 472 insanus
520 430 682 472 videtur
701 431 827 472 etiam
849 430 947 472 suis.
999 440 1036 463 ¹⁴
1054 431 1113 472 At
1134 446 1237 487 quas
1260 427 1487 486 tragoedias
1507 429 1634 472 efficit
1647 432 1667 472 2-

349 511 395 547 Te
413 511 531 561 Apollo
550 512 744 559 sa7zcte‚fhr
762 522 864 560 opem,
883 520 976 562 teque
994 511 1187 562 omnipotens
1209 512 1375 562 Neptune,
1395 511 1534 557 inm-05

350 564 474 615 Vosque
491 563 570 600 adeo
588 564 694 600 venti.

239 648 455 689 Mundum
487 657 626 688 totum
656 661 701 687 se
732 645 783 687 ad
813 659 1001 687 amorem
1027 661 1150 687 suum
1172 647 1471 689 sublevandum
1494 663 1667 691 conver-

237 719 383 745 surum
403 712 522 759 putat
541 720 551 744 t
583 704 792 744 Venerem
813 717 941 743 unam
964 702 1162 754 excludit,
1183 712 1232 744 ut
1251 703 1451 760 iniquam.

347 785 439 820 Nam
460 782 543 834 quid
558 795 617 832 ego
636 790 667 819 te
684 782 842 833 appellem
868 783 974 819 Venus
992 785 1014 818 ,2

178 871 228 912 74
240 872 344 911 Eam
377 884 461 925 prae
491 869 665 911 libidine
693 878 821 926 negat
850 883 996 911 curare
1026 868 1272 926 quidquam.
1305 872 1423 927 quasi
1452 885 1549 912 vero
1577 871 1670 928 ipso

155 926 226 974 35
240 941 325 968 non
344 935 514 982 propter
533 926 749 968 libidinem
770 935 886 968 tanta
914 927 1075 983 flagitia
1101 936 1142 968 et
1173 927 1311 978 faciat,
1341 936 1385 969 et
1415 927 1540 970 dicat.
1599 929 1670 971 Sic

236 983 370 1040 igitur
402 984 553 1025 affecto
586 983 677 1025 haec
708 983 946 1025 adhibenda
973 982 1135 1025 curatio
1163 992 1241 1034 est,
1265 992 1314 1025 ut
1342 992 1386 1025 et
1412 983 1532 1036 illud,
1554 984 1672 1042 quod

236 1041 395 1096 cupiat,
416 1039 614 1082 ostendat
643 1055 769 1096 quam
799 1039 902 1091 leve,
924 1054 1051 1095 quam
1081 1040 1455 1092 contemnendum,
1487 1050 1524 1075 1⁵
1542 1057 1671 1099 quam

237 1097 341 1141 nihil
371 1097 425 1138 sit
454 1097 642 1147 omnino,
662 1111 788 1152 quam
810 1096 932 1137 facile
952 1096 1014 1137 vel
1036 1096 1220 1147 aliunde,
1240 1097 1304 1138 vel
1323 1097 1405 1139 alio
1425 1097 1554 1139 modo
1575 1113 1670 1155 per-

238 1154 319 1205 fici,
339 1155 404 1195 vel
423 1153 597 1194 omnino
618 1153 780 1208 negligi
800 1153 947 1208 possit.
1009 1152 1296 1194 Abducendus
1320 1161 1386 1195 est
1411 1154 1539 1195 etiarn
1562 1169 1669 1196 non-

239 1225 471 1267 numquam
501 1208 556 1250 ad
584 1207 666 1251 alia
698 1209 852 1259 studia,
873 1207 1194 1259 sollicitudines,
1213 1224 1351 1261 curas,
1371 1211 1564 1265 negotia:
1586 1211 1673 1253 loci

237 1266 420 1323 denique
437 1265 689 1316 mutatione,
714 1272 751 1298 15
769 1274 985 1321 tamquam
1007 1265 1158 1321 aegroti
1178 1266 1297 1321 [non]
1319 1266 1672 1320 convalescentes,

175 1329 223 1371 75
237 1337 349 1378 saepe
379 1322 590 1364 curandus
617 1331 695 1364 est.
755 1322 895 1364 Etiam
920 1329 955 1358 17
972 1337 1081 1364 novo
1113 1322 1298 1379 quodam
1325 1337 1470 1365 amore
1490 1331 1671 1366 veterem

236 1393 425 1421 amorem
445 1388 663 1434 tamquam
683 1378 802 1420 clavo
821 1378 986 1420 clavum
1015 1378 1268 1435 ejiciendum
1294 1387 1460 1436 putant.
1489 1380 1675 1424 maxime

235 1447 379 1478 autem
401 1435 709 1487 admonendus,
729 1443 910 1491 quantus
929 1435 983 1476 sit
1003 1436 1120 1478 furor
1140 1436 1307 1478 amoris.
1338 1436 1538 1478 omnibus
1557 1437 1672 1478 enim

232 1507 285 1534 ex
304 1493 433 1534 animi
449 1491 838 1549 perturbationibus
852 1500 917 1533 est
932 1492 1122 1548 profecto
1140 1492 1254 1535 nulla
1272 1493 1584 1535 vehementior:
1606 1502 1671 1545 ut,

234 1550 269 1591 si
296 1549 389 1606 jam
409 1549 501 1605 ipsa
520 1549 592 1591 illa
611 1563 809 1590 accusare
830 1548 952 1599 nolis,
973 1557 1119 1604 stupra
1138 1549 1250 1601 dico,
1271 1558 1313 1591 et
1332 1549 1609 1605 corruptelas,
1628 1558 1673 1592 et

233 1606 456 1657 adulteria,
480 1606 640 1647 incesta
669 1604 865 1661 denique,
896 1620 1079 1660 quorum
1107 1606 1298 1647 omnium
1327 1605 1578 1648 accusabilis
1607 1614 1673 1648 est

234 1662 484 1719 turpitudo:
517 1662 591 1703 sed
621 1671 669 1704 ut
698 1661 791 1703 haec
821 1661 1007 1712 omittas,
1035 1661 1297 1716 perturbatio
1326 1663 1417 1719 ipsa
1445 1662 1598 1704 mentis
1626 1662 1672 1704 in

235 1733 395 1770 amore,
413 1718 527 1760 foeda
547 1733 621 1774 per
642 1733 686 1760 se
703 1727 782 1759 est.
812 1732 909 1760 nam
930 1727 977 1760 ut
996 1718 1068 1759 illa
1087 1727 1347 1774 praeteream,
1368 1733 1464 1776 quae
1484 1728 1584 1761 sunt
1602 1719 1671 1761 fu-

174 1778 227 1825 76
237 1776 341 1818 roris
363 1793 373 1818 :
404 1774 496 1818 haec
515 1775 607 1830 ipsa
624 1789 699 1830 per
717 1789 808 1816 sese
826 1789 955 1831 quam
977 1774 1135 1818 habent
1164 1775 1392 1826 levitatem,
1412 1790 1508 1833 quae
1528 1774 1672 1820 viden-

236 1841 307 1875 tur
325 1847 416 1874 esse
440 1831 698 1874 mediocria?

110 1928 142 1959 p.
155 1923 229 1952 226.
655 1932 708 1940 ——
726 1917 762 1942 18
775 1910 921 1958 injuriae,

198 1971 228 1992 ²·
347 1966 568 2015 Suspiciones,
588 1964 783 2007 inimicitiae‚
801 1963 957 2007 inducite,

347 2019 496 2064 Bellum,
510 2030 583 2069 pax
600 2031 746 2055 rursum.
803 2018 936 2054 Incerta
955 2017 1028 2055 haec
1045 2018 1074 2054 si
1093 2026 1131 2054 tu
1145 2019 1290 2070 postules

344 2073 487 2111 Ratione
504 2081 597 2109 certa
602 2072 735 2120 facere,
753 2070 855 2109 nihilo
866 2071 948 2122 plus
968 2084 1069 2121 agas,

349 2127 462 2177 Quam
482 2126 510 2163 si
528 2125 585 2162 des
601 2137 745 2176 operam,
761 2134 799 2162 ut
819 2138 893 2162 cum
911 2125 1039 2162 ratione
1054 2124 1220 2162 insanias.

236 2200 347 2242 Haec
387 2197 681 2250 inconstantia,
714 2197 1059 2253 mutabilitasque
1095 2198 1262 2249 mentis,
1293 2213 1423 2255 quem
1459 2215 1545 2243 non
1579 2201 1672 2258 ipsa

236 2257 440 2312 pravitate
467 2255 707 2298 deterreat?
738 2262 804 2297 est
830 2254 944 2295 enim
974 2253 1094 2306 illud,
1114 2253 1231 2311 quod
1249 2255 1291 2295 in
1311 2255 1429 2297 omni
1448 2259 1670 2312 perturba·

235 2313 352 2355 tione
373 2313 541 2363 dicitur,
561 2310 955 2363 demonstrandum,
977 2310 1137 2353 nullam
1167 2325 1258 2352 esse
1287 2311 1368 2353 nisi
1396 2313 1674 2369 opinabilem,

283 2419 321 2444 14
337 2414 381 2443 At
396 2424 468 2455 quas
483 2413 641 2453 tragoedias
655 2412 754 2454 ffcit]
773 2413 934 2445 Bentleius
977 2414 1093 2446 melius
1108 2424 1140 2445 se
1158 2413 1274 2445 habere
1295 2423 1430 2454 coepere,
1449 2415 1605 2454 jubentur
1626 2417 1677 2448 lo·

235 2466 315 2488 corr.
331 2456 441 2497 effutit.
464 2456 494 2487 id
516 2457 651 2487 verbum
675 2457 755 2487 mihi
778 2458 934 2496 tragoediis
977 2467 1054 2488 cum
1077 2465 1212 2494 mutare,
1233 2464 1268 2487 ut
1289 2458 1382 2488 citius
1404 2464 1436 2488 et
1457 2459 1574 2490 melius
1595 2469 1676 2491 con·

236 2509 302 2530 non
325 2499 493 2530 convenire
514 2499 657 2529 videtur:
681 2500 839 2538 tragoediae
856 2507 934 2530 sunt
975 2500 1135 2531 valescant
1163 2500 1371 2540 firmeturque
1406 2501 1548 2532 valitudo
1577 2511 1674 2536 nova.

235 2543 270 2573 in
285 2552 336 2579 eo,
351 2543 437 2581 quod
452 2542 594 2581 sequitur
611 2543 826 2572 invocationes
848 2542 933 2573 Deo·
975 2543 1026 2574 Sic
1047 2544 1187 2583 praecipit
1208 2543 1319 2574 Celsus
1332 2544 1388 2581 IV,
1402 2551 1454 2575 25.
1469 2543 1543 2582 loca,
1555 2544 1672 2584 coelum,

235 2594 331 2616 tum:
358 2586 419 2614 hoc
442 2591 488 2615 est
511 2584 669 2624 tragoedias
681 2583 796 2625 facere.
828 2586 932 2625 itaque
974 2586 1046 2615 cibos
1062 2593 1135 2626 saepe
1149 2593 1272 2617 mutare.

235 2629 340 2668 potius
355 2627 442 2667 efficit
456 2628 539 2664 dedi,
555 2633 591 2657 ut
607 2634 653 2658 est
667 2634 699 2658 et
713 2627 746 2657 in
763 2627 871 2658 Guelf.
1019 2635 1054 2664 17
1080 2639 1152 2658 novo
1167 2629 1289 2671 quodam
1304 2627 1415 2669 amore]
1432 2629 1580 2660 Davisius
1595 2629 1672 2670 legit

281 2678 317 2701 15
351 2681 437 2712 quam
463 2670 540 2700 nihil
563 2670 601 2699 sit
629 2669 752 2709 omnino]
784 2670 932 2702 Davisius
974 2671 1105 2712 quidam,
1123 2682 1188 2702 non
1205 2672 1299 2703 male.

234 2714 330 2745 edidit
344 2712 440 2744 nihili.
463 2723 528 2744 non
544 2711 699 2752 displicet.
1019 2721 1056 2746 18
1073 2715 1191 2755 injuria
1207 2713 1282 2756 &ml
1298 2715 1323 2746 E
1336 2715 1486 2747 Terentio
1501 2715 1587 2747 Eun.
1598 2714 1627 2755 1,
1640 2721 1670 2750 ι.

281 2761 318 2787 16
341 2763 490 2797 tamquam
506 2756 610 2796 aegroti
622 2767 675 2785 non
690 2754 928 2794 convalescentes]
976 2763 1024 2788 14.

233 2810 286 2829 non
311 2799 393 2830 mihi
417 2806 603 2839 suspectum
627 2805 685 2830 est.
706 2799 827 2839 aegroti,
851 2808 929 2830 cum
