1768 3095
237 48 290 86 56
582 52 858 92 ACADEM.
889 55 1335 94 QUAESTIONUM

235 154 451 253 auserimr.
483 155 558 199 nisi
577 172 673 200 vero
695 160 877 202 Ennium
898 175 983 202 non
1006 171 1206 217 putamus
1227 163 1285 204 ita
1305 170 1444 204 totum
1466 161 1569 204 illud
1591 178 1670 208 au·-

267 226 401 264 wisse,

341 293 375 332 Ο
386 295 499 344 pictas
516 297 635 340 animi,

234 365 268 408 si
301 366 430 408 modo
465 366 508 410 id
543 369 792 412 somniavit?
825 379 873 412 ut
909 371 942 412 si
978 371 1153 427 vigilans
1190 372 1367 415 audiret.
1405 388 1453 414 ex
1486 380 1670 414 errectus

232 422 342 464 enim
364 425 504 479 po'tuit
531 425 605 467 illa
633 427 717 467 visa
745 435 906 483 putare,
927 436 974 469 ut
1003 437 1135 480 erant,
1155 438 1199 470 et
1223 430 1411 471 somnia:
1473 429 1669 472 ormienti

231 493 330 577 yfiro
361 495 480 536 aeque
510 496 559 523 ac
590 483 778 539 vigilanti
808 485 1109 540 probabantur.
1168 485 1316 529 Quid?
1352 486 1486 529 Iliona
1517 499 1668 528 somno

230 551 243 578 1
279 551 306 578 o

337 618 460 656 Mater
477 625 510 656 te
525 620 652 670 appello
667 638 678 657 .-

231 698 270 728 78
289 705 429 734 nonne
448 693 507 734 ita
527 694 660 736 credit
681 694 813 737 filium
832 696 1041 747 locutum,
1069 706 1119 739 ut
1147 707 1390 754 experrecta
1419 698 1546 741 etiam
1577 713 1668 741 cre-

227 747 348 790 deret
367 750 381 790 ?
415 750 526 792 unde
546 751 658 792 enim
678 751 751 793 illa
768 753 781 793 ?

334 831 412 881 Age
430 830 532 869 adsta
548 849 560 869 .·
591 847 712 870 mane:
742 833 826 871 andi
845 833 1012 871 iteradum
1030 833 1211 872 eademmet
1230 836 1299 872 ista
1319 834 1398 872 mihi
1412 838 1434 871 ,θ

147 908 217 957 28
231 918 333 945 num
354 903 520 946 videtur
541 905 749 949 minorem
777 905 933 947 habere
963 906 1073 957 visis,
1095 921 1221 963 quam
1251 907 1489 964 vigilantes,
1509 908 1665 952 fidem?

166 983 217 1025 89
230 959 347 1017 Quid
367 960 410 1001 lo
444 976 518 1003 uar
538 961 591 1003 de
609 962 764 1004 insanis
782 964 795 1003 ?
828 963 963 1019 qualis
983 963 1153 1005 tandem
1174 964 1256 1006 fuit
1283 965 1415 1007 affinis
1446 974 1558 1019 tuus,
1581 966 1667 1008 Ca-

184 1016 332 1068 stule,
349 1016 415 1059 Tu
447 1018 612 1060 itanus?
645 1020 869 1075 quisquam
900 1020 1144 1063 sanissimus
1165 1029 1252 1062 tam
1273 1030 1387 1063 certa
1413 1030 1549 1078 putat,
1569 1039 1666 1080 quae

226 1073 354 1125 videt,
373 1089 501 1131 quam
522 1075 556 1116 is
575 1076 769 1132 putabat,
789 1091 886 1133 quae
905 1076 1179 1119 videbantur?
1212 1078 1314 1134 quid
1334 1079 1419 1131 ille,
1441 1080 1529 1136 qui,

336 1155 375 1193 V
371 1155 454 1201 ideo,
474 1155 574 1193 video
591 1165 622 1193 te
640 1157 779 1201 vivum,
806 1157 951 1206 Ulysses‚
970 1157 1049 1195 dum
1069 1158 1144 1196 licet
1155 1174 1168 1195 .-

223 1243 364 1271 nonne
393 1229 522 1271 etiam
548 1230 614 1271 bis
644 1230 893 1271 exclamavit
920 1245 964 1271 se
991 1230 1146 1281 videre,
1167 1246 1265 1272 cum
1297 1231 1472 1273 omnino
1501 1247 1586 1274 non
1606 1231 1667 1274 vi-

223 1285 375 1328 deret?
408 1286 553 1343 Quid?
586 1286 700 1342 apud
730 1286 977 1343 Euripidem
1007 1288 1228 1339 Hercules,
1252 1303 1350 1330 cum
1371 1298 1420 1330 ut
1439 1288 1666 1346 Eurysthei

223 1341 347 1393 filios,
367 1341 427 1383 ita
445 1358 545 1385 suos
565 1343 806 1400 configebat
837 1342 1028 1400 sagittis:
1058 1359 1155 1385 cum
1187 1359 1359 1386 uxorem
1382 1345 1666 1397 interimebat,

223 1413 322 1440 cum
343 1400 575 1442 conabatur
599 1401 726 1441 etiam
746 1409 923 1455 patrem,
943 1415 1027 1442 non
1055 1401 1227 1456 perinde
1260 1403 1509 1444 movebatur
1535 1402 1664 1453 falsis,

222 1463 273 1507 ut
292 1456 397 1498 veris
417 1459 682 1498 moveretur?
714 1457 859 1514 Quid?
891 1458 981 1513 ipse
1003 1456 1197 1499 Alcmaeo
1218 1466 1331 1510 tuus,
1351 1459 1423 1514 qui
1446 1469 1572 1515 negat
1591 1474 1666 1501 cor

223 1512 303 1554 sibi
322 1527 422 1554 cum
443 1513 579 1555 oculis
596 1514 845 1565 consentire,
867 1529 1006 1556 nonne
1026 1514 1183 1556 ibidem
1205 1522 1245 1551 ⁷9
1260 1515 1436 1558 incitato
1456 1515 1621 1558 furore:

335 1594 429 1632 Unde
448 1592 677 1643 baecflamma
697 1595 803 1631 oritur
817 1597 839 1631 ?

223 1674 265 1708 et
279 1650 357 1709 ‘ilia
375 1666 587 1723 deinceps,

329 1745 458 1792 Incede,
476 1747 605 1785 incede:
635 1747 773 1791 adsunt,
791 1747 915 1784 adsunt
933 1762 944 1783 :
975 1760 1035 1790 me,
1055 1760 1105 1784 me
1121 1742 1288 1799 expetant.

221 1821 353 1878 Quid,
373 1835 470 1863 cum
491 1822 663 1878 virginis
684 1821 805 1863 fidem
828 1821 1027 1877 implorat
1044 1823 1056 1861 ?

328 1902 397 1940 Fen
409 1903 455 1939 mi
475 1903 640 1940 auxilium
657 1919 669 1940 :
693 1910 817 1954 pestem
839 1902 939 1952 abige
957 1917 978 1940 a
1000 1916 1048 1938 me
1061 1920 1072 1938 .-

328 1956 582 2006 Flammiferam
601 1956 689 1993 hanc
703 1957 790 2001 vim,
809 1970 887 2007 quae
902 1969 951 1993 me
969 1957 1154 1994 excruciat.

330 2008 497 2048 Caeruleae
513 2010 668 2047 incinctae
685 2010 758 2060 igni
777 2009 929 2047 incedunt
947 2026 957 2044 .-
1008 2037 1018 2055 4

330 2063 564 2101 Circumstant
582 2077 657 2100 cum
676 2063 872 2101 ardentibus
891 2062 1003 2101 eaedis.

218 2138 340 2180 Num
373 2137 558 2189 dubitas,
588 2137 689 2194 quin
724 2137 804 2181 sibi
835 2138 927 2180 haec
953 2138 1092 2181 videre
1124 2137 1338 2183 videatur?
1370 2138 1556 2196 itemque
1586 2153 1658 2183 ce.

220 2203 335 2237 tera:

325 2273 474 2315 Intendit
488 2276 628 2313 crinitus
647 2276 768 2327 Apollo

214 2418 270 2448 sed
285 2418 318 2448 in
334 2416 517 2456 corrigendo
538 2416 669 2446 variant.
713 2412 917 2453 Simplicissi-

217 2470 312 2491 mum
326 2465 373 2490 est
388 2466 567 2499 permutare
589 2458 748 2494 videantur
763 2463 794 2486 et
811 2455 916 2485 viden-

217 2510 289 2533 tur.-
313 2509 398 2539 tum,
425 2513 488 2532 cum
511 2501 663 2538 videntur,
686 2511 741 2542 quo
764 2498 841 2533 modo
863 2498 913 2529 vi-

216 2547 351 2582 deantur,
369 2545 402 2574 id
421 2544 576 2587 quaeritur.
593 2553 651 2574 nec
667 2549 775 2574 tamen
792 2551 914 2582 spreve-

216 2591 277 2620 rim
293 2589 412 2620 Davisii
428 2588 660 2626 conjecturam,
678 2593 738 2616 tum
752 2597 816 2616 cum
830 2584 915 2615 vide-

217 2632 334 2668 bantur,
352 2642 406 2675 quo
421 2630 498 2660 modo
519 2630 702 2666 viderentur,
720 2635 756 2659 ut
777 2629 816 2659 ad
836 2638 914 2668 prae-

217 2676 346 2705 teritum
384 2674 542 2706 referatur.
592 2673 652 2704 Sed
688 2679 796 2703 tamen
834 2670 913 2701 iilud

217 2718 333 2749 melius
350 2724 439 2758 put0,
455 2724 485 2747 et
501 2718 540 2748 ad
555 2726 621 2747 rem
645 2717 825 2747 universam
846 2724 913 2755 per-

217 2762 317 2793 tinere
332 2762 370 2794 de
385 2761 531 2797 somniis,
549 2760 653 2791 furore
669 2760 728 2790 ἃς.

1001 2418 1040 2447 78
1057 2423 1144 2442 nonne
1159 2412 1214 2444 illa
1228 2413 1334 2455 credit]
1357 2416 1505 2447 Davisius
1520 2418 1658 2457 conjecit

958 2454 1002 2484 ita
1025 2455 1128 2493 credit,
1144 2458 1230 2496 quod
1251 2467 1387 2498 sequens
1410 2460 1574 2491 ut-m'am
1596 2473 1657 2492 cre-

956 2498 1047 2536 deret,
1073 2499 1115 2529 ita
1137 2501 1295 2534 evidenter
1317 2503 1466 2541 postulat,
1483 2510 1519 2534 ut
1540 2505 1585 2534 sic
1610 2514 1656 2535 re-

956 2542 1091 2572 scribere
1119 2553 1185 2575 non
1214 2545 1398 2577 dubitarim.
1453 2547 1655 2586 Scripsissem

957 2584 1092 2623 credidit,
1109 2586 1169 2616 nisi
1186 2587 1218 2616 in
1233 2589 1439 2627 sequentibus
1455 2599 1590 2630 praesens
1606 2600 1653 2621 es·

957 2634 1016 2664 set,
1032 2639 1100 2658 num
1113 2629 1233 2659 videtur
1250 2632 1310 2661 διο.

1000 2677 1040 2706 79
1055 2671 1174 2701 incitato
1185 2671 1308 2714 furore]
1334 2674 1417 2706 Bene
1437 2675 1573 2714 conjecit
1589 2676 1652 2707 Da-

955 2715 1053 2746 visius
1069 2714 1204 2746 incitatus
1209 2716 1245 2756 f.
