1778 3095
230 155 309 189 480
618 154 694 191 DE
724 153 992 192 NATURA
1021 155 1289 193 DEORUM

229 271 446 314 agrorum,
476 260 865 317 exstructionesque
897 270 1122 312 tectorum,
1153 269 1402 318 tecumenta
1433 275 1660 318 corporum

229 316 295 357 vel
317 323 446 368 teXta,
462 316 526 357 vel
548 327 655 367 51113,
678 332 934 373 omnemque
949 319 1080 359 fabric
1084 333 1151 359 am
1174 320 1265 360 aeris
1285 328 1327 359 ct
1347 318 1474 360 ferri:
1505 333 1557 360 ex
1576 327 1661 382 quo

228 372 494 429 intelligitur,
524 373 577 414 ad
609 374 772 414 inventa
801 374 956 426 animo,
992 385 1187 430 percepta
1222 376 1424 425 sensibus,
1461 373 1660 424 adhibitis

229 430 430 485 opificum
449 430 646 472 manibus
676 431 819 471 omnia
848 445 922 471 nos
953 442 1218 483 consecutos,
1238 441 1286 472 ut
1310 432 1422 481 tecti,
1444 442 1491 472 ut
1511 431 1659 484 vesttti,

230 492 267 523 77
289 495 335 528 ut
365 487 464 527 salvi
494 501 584 527 esse
611 501 860 543 possemus3
893 487 1033 538 urbes,
1055 503 1213 540 muros,
1239 488 1466 539 domicilia,
1488 488 1662 530 delubra

144 556 211 587 151
229 543 495 584 haberemus.
554 544 649 584 Jam
678 557 774 584 vero
804 543 1000 607 operibus
1030 544 1269 595 hominum,
1290 545 1330 585 id
1351 553 1428 595 est,
1451 545 1660 609 manibus,

228 600 313 640 cibi
334 601 460 641 etiam
489 601 662 641 varietas
692 600 912 649 invenitur,
933 610 974 640 et
993 601 1129 655 copia.
1189 603 1302 642 Nam
1335 611 1375 642 et
1406 602 1496 657 agri
1526 601 1663 643 multa

228 657 368 698 ferunt
389 672 516 697 manu
538 672 629 712 quc-e
634 656 726 706 sita,
749 671 842 711 quae
865 656 929 696 vel
957 657 1099 696 statim
1125 670 1437 709 consumantur,
1458 658 1521 699 vel
1543 673 1662 699 man-

228 712 380 754 dentur
401 713 571 754 condita
591 714 799 753 vetustati.
840 714 893 753 Et
914 722 1118 767 praeterea
1134 729 1154 753 v
1159 714 1339 756 escimur
1357 715 1501 756 bestiis
1518 723 1559 756 et
1577 723 1660 756 ter-

228 770 351 819 renis,
373 778 415 810 et
435 769 704 824 aquatilibus,
725 778 769 809 et
798 769 1051 820 volatilibus,
1082 769 1235 824 partim
1267 771 1483 826 capiendo,
1506 771 1658 827 partim

228 802 395 867 alendo.
455 825 670 865 Efficimus
691 825 817 865 etiam
838 825 1003 866 domitu
1030 834 1172 867 nostro
1193 827 1511 882 quadrupedum
1532 828 1662 869 vecti-

228 897 363 923 01165.
395 897 575 937 quoium
597 881 803 933 celeritas,
824 891 950 937 atque
981 883 1054 933 vis,
1085 882 1245 923 nobis
1236 883 1334 938 ipsis
1362 885 1482 926 affert
1509 885 1589 926 vim
1618 893 1660 926 et

228 939 499 979 celeritatem.
547 939 641 980 Nos
662 953 788 979 onera
808 939 1061 995 quibusdam
1082 940 1242 990 bestiis,
1262 954 1337 980 nos
1351 939 1460 996 juga
1480 941 1662 997 imponi-

228 1010 347 1036 mus:
383 1010 460 1035 nos
486 995 807 1050 elephantorum
835 996 1087 1037 acutissimis
1109 997 1314 1046 sensibus,
1332 1012 1409 1037 nos
1431 998 1661 1053 sagacitate

227 1065 381 1092 canum
412 1052 462 1092 ad
493 1052 720 1093 utilitatem
747 1061 932 1093 nostiam
962 1053 1207 1094 abutimur:
1240 1068 1315 1094 nos
1336 1068 1360 1094 6
1381 1063 1502 1094 terrae
1521 1068 1662 1095 caver-

227 1109 290 1148 nis
309 1108 466 1149 ferrum
488 1108 694 1159 elicimus,
711 1124 798 1150 rem
820 1109 873 1150 ad
894 1109 1096 1150 colendos
1115 1124 1240 1164 agros
1263 1111 1562 1151 necessariam:
1584 1125 1661 1152 nos

227 1165 334 1215 aeris,
360 1165 538 1220 argenti,
567 1167 655 1207 auri
685 1180 821 1216 venas,
851 1166 1018 1221 penitus
1048 1166 1227 1217 abditas,
1254 1167 1500 1217 invenimus,
1531 1176 1574 1208 et
1608 1167 1662 1208 ad

224 1237 351 1263 usum
381 1232 514 1277 aptas,
543 1233 585 1263 et
616 1223 667 1263 ad
699 1231 891 1263 ornatum
924 1222 1125 1264 decoras:
1156 1224 1355 1264 arborum
1386 1232 1525 1264 autem
1557 1238 1661 1264 con-

225 1278 422 1329 sectione,
453 1279 652 1334 omnique
686 1280 875 1343 materia,
904 1288 945 1319 et
976 1279 1104 1330 culta,
1133 1289 1176 1320 et
1205 1279 1397 1330 silvestri,
1425 1280 1576 1336 partim
1607 1280 1662 1321 ad

225 1335 560 1376 calefaciendum
592 1350 760 1391 corpus,
779 1336 870 1392 igni
901 1336 1108 1387 adhibito,
1129 1345 1170 1377 et
1199 1336 1253 1377 ad
1284 1336 1568 1392 mitigandum
1600 1337 1661 1378 ci-

225 1392 326 1432 bum
349 1392 522 1442 utimur,
542 1393 695 1446 partim
729 1392 782 1434 ad
815 1392 1122 1443 aedificandum,
1143 1402 1192 1434 ut
1216 1393 1338 1434 tectis
1359 1394 1482 1449 septi,
1503 1393 1663 1449 frigora

140 1462 212 1493 152
225 1448 470 1513 calmesque
490 1449 710 1504 pellamus.
753 1451 941 1505 Magnos
963 1464 1058 1491 xero
1079 1465 1179 1491 usus
1200 1450 1319 1491 affert
1338 1450 1391 1491 ad
1412 1450 1578 1506 navigia
1599 1450 1662 1491 fa-

226 1504 389 1556 cienda,
421 1520 602 1561 quorum
634 1507 824 1547 cursibus
858 1507 1178 1562 suppeditantur
1209 1522 1356 1549 omnes
1389 1507 1575 1563 undique
1608 1507 1662 1548 ad

118 1580 148 1610 p
165 1575 216 1605 57
228 1561 354 1603 vitam
375 1577 539 1617 copiae:
572 1578 761 1619 quasque
792 1578 856 1604 res
885 1564 1204 1604 xiolentissimas
1236 1573 1384 1605 natura
1403 1564 1567 1619 genuit,
1588 1578 1659 1604 ea-

185 1622 214 1643 a.
225 1634 319 1660 rum
351 1620 685 1662 moderationem
718 1635 793 1661 nos
825 1621 904 1661 soli
932 1620 1162 1670 habemus3
1193 1620 1334 1671 maris,
1356 1630 1482 1675 atque
1511 1628 1659 1661 vento-

224 1691 333 1726 111111,
339 1686 525 1740 'propter
546 1677 808 1718 nauticarum
828 1692 967 1718 rerum
988 1677 1232 1727 scientiam3
1263 1676 1540 1732 plurimisque
1567 1691 1659 1717 ma-

221 1732 371 1772 ritimis
393 1733 517 1773 rebus
536 1733 716 1774 fruimur
717 1743 863 1797 ‘atque
882 1733 1056 1774 utimur.
1111 1734 1394 1774 Terrenorum
1413 1734 1514 1774 item
1538 1747 1659 1774 com-

222 1788 450 1830 modorum
473 1789 610 1830 omnis
632 1799 696 1831 est
715 1790 758 1830 in
781 1790 953 1830 homine
974 1790 1229 1831 dominatus.
1270 1791 1366 1831 Nos
1386 1790 1560 1845 campiS,
1581 1804 1658 1831 nos

222 1846 439 1887 montibus
460 1846 638 1887 fruimur
658 1864 667 1888 z
700 1847 829 1888 nostri
853 1855 951 1888 sunt
971 1861 1129 1897 amnes,
1152 1846 1283 1888 nostri
1303 1846 1448 1888 lacus:
1475 1861 1552 1887 nos
1571 1846 1660 1887 fru-

221 1916 299 1957 ges
320 1903 512 1952 serimus,
534 1918 611 1944 nos
631 1904 833 1944 arbores:
867 1919 942 1944 nos
970 1918 1174 1959 aquarum
1200 1902 1517 1944 inductionibus
1537 1903 1658 1945 terris

221 1959 541 2000 foecunditatem
562 1959 736 2010 damus3
767 1975 845 2001 nos
865 1960 1039 2001 fiumina
1057 1975 1265 2011 3166111115,
1286 1960 1522 2016 dirigimus,
1543 1974 1659 2000 aver—

221 2015 376 2057 timus:
408 2016 561 2057 nostris
581 2016 761 2072 denique
782 2017 975 2058 manibus
1008 2017 1050 2057 in
1084 2031 1225 2059 rerum
1247 2027 1396 2058 natura
1415 2017 1534 2073 quasi
1553 2017 1658 2057 alte-

139 2068 200 2121 6]
221 2086 312 2112 13111
333 2081 525 2113 naturam
546 2073 709 2114 efficere
733 2088 954 2115 conamur
1009 2074 1126 2130 Quid
1146 2089 1266 2115 vero.
1259 2076 1272 2106 ³
1304 2074 1528 2115 hominum
1550 2072 1658 2114 ratio

137 2147 208 2181 153
222 2143 307 2169 non
337 2130 378 2170 in
409 2129 562 2171 caelum
590 2145 725 2186 usque
756 2131 1017 2186 penetravit?
1051 2131 1140 2172 Soli
1159 2131 1271 2171 enim
1292 2145 1350 2196 ‘ex
1375 2131 1658 2172 animantibus

221 2200 298 2226 nos
318 2195 528 2227 astrorum
551 2195 682 2238 011115,
703 2189 859 2238 obitus,
875 2202 1105 2243 cursusque
1121 2202 1287 2243 cognox
1291 2203 1420 2229 1111115
1442 2188 1496 2228 ab
1518 2187 1657 2228 horni-

221 2257 324 2283 num
344 2257 501 2298 genere
521 2243 662 2285 finitus
681 2254 747 2285 est
767 2245 872 2295 dies,
892 2245 1062 2296 mensis,
1082 2259 1246 2286 annus:
1280 2244 1536 2286 defectiones
1557 2242 1657 2284 solis

219 2308 263 2339 et
292 2299 404 2340 lunae
435 2301 635 2356 cognitae,
666 2301 977 2366 praedictaeque
996 2302 1037 2342 in
1067 2316 1194 2342 omne
1223 2310 1440 2358 posterum
1473 2308 1656 2355 tempus,

221 2370 331 2410 quae,
353 2366 536 2412 quantae,
557 2358 727 2413 quando
757 2358 911 2399 futurae
947 2357 1042 2399 sint.
1102 2359 1211 2415 Ouae
1242 2366 1445 2399 contuens
1474 2357 1656 2408 animus,

222 2420 260 2447 78
274 2413 428 2477 accipit
447 2415 500 2454 ab
522 2413 586 2455 his
608 2415 897 2470 cognitionem
930 2400 1141 2465 deorum3
1165 2430 1217 2455 ex
1236 2429 1319 2470 qua
1339 2414 1472 2454 oritur
1491 2414 1655 2468 pietas:

218 2482 287 2508 6111
310 2469 537 2534 conjuncta
552 2471 721 2526 justitia
740 2480 818 2522 651,
838 2471 1093 2527 reliquaeque
1118 2472 1318 2512 virtutes:
1349 2485 1372 2510 6
1401 2469 1552 2525 quibus
1573 2469 1656 2511 vita

218 2524 342 2565 beata
361 2526 522 2567 exsistit
541 2542 630 2582 par,
652 2537 694 2568 et
714 2528 860 2569 similis
882 2528 1086 2569 deorum·
1075 2559 1087 2579 ,
1120 2527 1235 2568 nulla
1254 2541 1313 2578 re,
1334 2526 1413 2567 nisi
1432 2527 1654 2568 immorta-

262 2682 298 2711 77
325 2682 357 2705 ut
371 2675 453 2705 salvi
468 2686 523 2704 esse
540 2675 694 2714 possenms]
714 2675 801 2705 ’11316
816 2673 914 2713 vulgo
958 2674 1009 2703 Sic
1026 2673 1104 2704 Mss.
1122 2674 1226 2713 plures
1250 2674 1345 2704 etiam
1369 2674 1477 2706 Guelf.
1493 2675 1561 2706 edd.
1578 2682 1654 2706 vett.

216 2726 262 2750 est
287 2721 318 2749 in
338 2729 398 2750 scr.
415 2726 446 2749 et
469 2719 538 2748 edd.
558 2719 708 2757 possimus,
726 2725 913 2757 utsuprac.
958 2718 1082 2747 Bonon.
1111 2718 1192 2747 Ven.
1226 2725 1317 2750 1494.
1349 2718 1480 2749 Mediol.
1525 2717 1664 2757 Primus

215 2769 294 2793 extr.
313 2771 390 2792 nam
408 2768 439 2792 et
454 2762 629 2801 perfectum
647 2761 804 2801 praecedit,
821 2767 851 2789 et
866 2770 913 2790 se·
956 2761 1114 2791 Victorius
1137 2761 1244 2800 accipit
1267 2761 1306 2790 ad
1324 2772 1403 2801 cogn.
1427 2768 1569 2791 ceterum
1586 2771 1656 2792 ma·

214 2807 324 2845 quitur
345 2805 521 2834 haberemus.
566 2804 645 2834 Dax
640 2814 714 2834 isius
741 2811 822 2834 recte
846 2812 913 2833 cor·
957 2803 1014 2834 lim
1039 2810 1212 2843 utrumque
1233 2804 1349 2842 delere,
1371 2810 1402 2835 et
1424 2803 1525 2844 legere
1547 2804 1668 2845 accipit,

215 2850 305 2879 rexit.
957 2846 1140 2888 cognitionem
1156 2847 1185 2878 d.

259 2898 298 2926 78
322 2890 430 2930 accipit
446 2890 482 2920 ab
503 2889 546 2919 his
567 2889 752 2929 cognitionem
769 2888 911 2929 Deorum]
