1768 3095
247 124 320 163 126
532 124 604 162 DE
631 124 789 163 FINIB.
817 124 1017 163 BONOR.
1046 124 1114 162 ET
1142 124 1349 162 MALOR.

241 239 332 274 rata
352 232 590 288 voluptate:
621 241 664 274 et
683 233 915 289 quaerebas,
938 233 1032 288 quis
1064 241 1137 274 aut
1162 231 1243 273 hoc
1272 231 1476 282 miserior,
1503 241 1576 274 aut
1604 247 1676 274 su-

186 326 191 329 .
241 289 403 345 periore
441 289 515 330 illo
550 290 714 331 beatior
749 290 887 331 foret?
941 289 1090 331 deinde
1124 289 1423 338 concludebas,
1459 302 1676 342 summum

159 340 230 389 ΞΟ
242 345 401 387 malum
423 360 514 387 esse
534 346 740 396 dolorem,
761 361 978 388 summum
1000 347 1161 387 bonum
1183 345 1466 401 voluptatem?
1491 346 1540 386 L.
1559 344 1677 387 Tho-

241 401 325 443 rius
340 402 499 444 Balbus
515 402 610 453 fuit,
628 404 867 444 Lanuvinus
883 419 892 452 ;
925 417 1053 459 quem
1067 402 1306 443 meminisse
1321 410 1369 442 tu
1386 416 1468 442 non
1486 410 1620 456 potes.
1642 401 1677 443 is

239 457 299 499 ita
316 459 493 509 vivebat,
521 467 570 500 ut
600 459 715 500 nulla
745 471 830 500 tam
861 460 1068 515 exquisita
1098 467 1238 513 posset
1271 458 1440 499 inveniri
1469 457 1677 513 voluptas,

239 529 324 570 qua
343 530 426 556 non
454 516 702 557 abundaret.
738 525 827 556 erat
853 525 897 557 et
920 515 1099 569 cupidus
1130 515 1410 570 voluptatum,
1430 522 1472 555 et
1493 513 1675 570 cujusvis

237 572 405 626 generis
426 572 516 628 ejus
538 572 792 627 intelligens,
823 581 866 612 et
893 571 1116 626 copiosus:
1148 571 1207 612 ita
1238 586 1322 612 non
1344 571 1676 626 superstitiosus,

239 637 288 669 ut
307 627 379 670 illa
399 629 580 684 plurima
605 629 645 668 in
675 642 752 668 sua
778 627 912 682 patria
937 627 1149 676 sacrificia,
1177 637 1220 667 et
1239 628 1334 668 fana
1358 636 1674 670 contemneret:

238 684 298 726 ita
318 699 401 726 non
433 685 604 726 timidus
635 684 688 726 ad
718 695 916 733 mortem,
946 691 993 724 ut
1024 683 1065 724 in
1095 684 1184 724 acie
1212 684 1265 724 sit
1293 684 1349 724 ob
1370 683 1672 738 rempublicam

175 746 224 784 64
238 741 501 783 interfectus.
563 740 828 796 Cupiditates
859 755 944 781 non
975 740 1145 794 Epicuri
1173 739 1373 780 divisione
1396 739 1579 791 finiebat,
1601 739 1677 781 sed

238 812 314 839 sua
341 799 544 839 satietate.
573 798 757 838 habebat
784 807 923 838 tamen
950 797 1156 838 rationem
1183 795 1445 837 valitudinis:
1477 795 1677 838 utebatur

236 854 286 895 iis
308 854 691 905 exercitationibus,
713 861 763 894 ut
789 853 842 894 ad
868 867 1015 894 cenam
1045 862 1088 893 et
1116 852 1317 904 esuriens,
1336 861 1378 892 et
1395 852 1538 893 sitiens
1560 852 1676 894 veni-

237 920 300 953 ret
318 928 327 951 :
358 926 408 951 eo
428 911 540 961 cibo,
564 911 635 966 qui
657 920 699 951 et
720 910 988 951 suavissimus
1018 917 1141 960 esset,
1171 919 1215 950 et
1243 908 1357 950 idem
1375 908 1599 950 facillimus
1620 908 1677 951 ad

235 967 616 1023 concoquendum:
667 967 775 1017 vino,
816 976 860 1008 et
899 966 951 1007 ad
996 966 1274 1021 voluptatem,
1313 974 1356 1007 et
1395 980 1446 1006 ne
1488 974 1675 1008 noceret.

236 1032 378 1065 cetera
398 1024 469 1065 illa
496 1024 738 1074 adhibebat,
771 1024 924 1079 quibus
960 1023 1112 1064 demtis
1145 1030 1274 1078 negat
1309 1036 1353 1063 se
1382 1021 1590 1077 Epicurus
1610 1021 1676 1064 in·-

237 1080 442 1136 telligere‚
462 1081 564 1137 quid
586 1081 640 1122 sit
661 1080 836 1121 bonum.
858 1080 1000 1121 aberat
1016 1079 1153 1120 omnis
1171 1079 1295 1120 dolor
1312 1096 1321 1120 ε
1354 1078 1427 1134 qui
1446 1077 1480 1119 si
1494 1078 1674 1130 adesset,

237 1152 314 1178 nec
337 1137 521 1179 molliter
542 1138 670 1179 ferret
686 1153 698 1187 3
728 1150 772 1177 et
792 1146 934 1177 tamen
949 1135 1122 1177 medicis
1140 1135 1249 1190 plus,
1269 1149 1397 1191 quam
1411 1133 1675 1191 philosophis

236 1203 439 1235 uteretur.
462 1195 580 1235 color
597 1193 810 1249 egregius,
830 1193 993 1248 integra
1010 1192 1210 1242 valitudo,
1229 1206 1400 1233 summa
1418 1191 1570 1246 gratia,
1591 1191 1676 1232 vita

172 1259 220 1296 65
237 1251 417 1307 denique
432 1251 622 1292 conferta
638 1250 903 1305 voluptatum
921 1249 1113 1290 omnium
1129 1248 1340 1289 varietate.
1373 1257 1413 1281 20
1427 1248 1557 1288 Hunc
1575 1262 1672 1289 vero

235 1307 407 1349 beatum
427 1308 534 1348 ratio
554 1307 727 1363 quidem
747 1315 883 1347 vestra
898 1305 957 1346 sic
973 1306 1106 1360 cogit.
1165 1306 1276 1360 Ego,
1295 1303 1395 1345 huie
1412 1317 1538 1358 quem
1555 1313 1673 1345 ante-

233 1378 404 1419 ponam,
424 1379 510 1405 non
529 1364 665 1404 audeo
681 1362 848 1404 dicere:
879 1371 916 1394 21
941 1361 1052 1403 dicet
1082 1376 1160 1417 pro
1184 1375 1254 1402 me
1287 1361 1378 1417 ipsa
1404 1359 1562 1411 virtus3
1593 1375 1671 1402 nec

233 1419 446 1462 dubitabit
474 1420 543 1461 isti
574 1428 710 1462 vestro
740 1420 866 1460 beato
898 1419 964 1460 M.
1000 1418 1213 1474 Regulum
1245 1427 1512 1473 anteponere.
1543 1431 1673 1473 quem

234 1477 424 1531 quidem,
459 1492 558 1518 cum
600 1492 676 1518 sua
713 1477 941 1526 voluntate,
989 1475 1105 1517 nulla
1139 1475 1177 1516 vi
1216 1483 1404 1524 coactuS,
1441 1481 1480 1504 22
1501 1481 1676 1529 propter

235 1533 376 1585 fidem,
398 1549 525 1590 quam
547 1533 721 1575 dederat
741 1532 868 1583 hosti,
889 1547 939 1573 ex
954 1532 1087 1588 patria
1100 1530 1405 1586 Karthaginem
1421 1530 1672 1582 revertisset,

235 1598 273 1622 2³
296 1599 387 1632 tum
410 1592 564 1646 ipsum,
584 1605 684 1632 cum
704 1589 855 1645 vigiliis
876 1598 917 1630 et
934 1589 1045 1629 fame
1073 1587 1345 1637 cruciaretur,
1367 1585 1524 1627 clamat
1542 1586 1673 1628 virtus

190 1646 465 1694 b,beatiorem
499 1647 641 1698 fuisse,
669 1661 797 1702 quam
828 1653 1047 1701 potantem
1077 1645 1119 1686 in
1150 1659 1246 1685 rosa
1272 1643 1494 1685 Thorium.
1552 1643 1675 1685 Bella

232 1718 389 1759 magna
408 1714 624 1759 gesserat3
656 1703 720 1744 bis
738 1703 887 1744 consul
903 1702 1064 1752 fuerat3
1096 1699 1400 1756 triumpharat:
1434 1714 1509 1741 nec
1529 1709 1671 1741 tamen

232 1775 309 1801 sua
330 1761 401 1801 illa
421 1761 650 1815 superiora,
672 1768 758 1800 tam
779 1773 948 1814 magna,
977 1772 1114 1814 neque
1142 1766 1231 1799 tam
1251 1757 1453 1813 praeclara
1471 1756 1670 1808 ducebat,

232 1832 360 1872 quam
381 1818 499 1858 illum
518 1817 718 1858 ultimum
748 1831 908 1867 casum,
939 1829 1065 1871 quem
1097 1823 1268 1870 propter
1298 1813 1439 1864 fidem,
1469 1823 1669 1854 constan-

231 1874 420 1929 tiamque
448 1884 711 1929 susceperat:
743 1873 815 1929 qui
844 1872 964 1913 nobis
996 1871 1243 1912 miserabilis
1273 1869 1437 1911 videtur
1461 1869 1670 1912 audienti-

232 1930 327 1981 bus,
349 1930 408 1971 illi
428 1931 677 1986 perpetienti
697 1938 736 1962 24
747 1938 836 1971 erat
867 1927 1140 1984 voluptarius.
1163 1936 1200 1959 2⁵
1214 1941 1298 1968 non
1315 1926 1427 1967 enim
1445 1925 1670 1978 hilaritate,

231 2001 309 2027 nec
344 1987 524 2038 lascivia,
557 2001 631 2027 nec
667 1987 766 2037 risu,
795 1994 870 2027 aut
893 1986 1013 2042 joco,
1043 1984 1200 2025 comite
1229 1983 1422 2034 levitatis,
1452 1983 1527 2024 sed
1557 1997 1670 2039 saepe

167 2043 357 2094 66etiam
390 2044 529 2086 tristes
565 2043 774 2092 firmitate,
807 2052 851 2084 et
885 2041 1122 2084 constantia
1153 2049 1253 2082 sunt
1284 2040 1410 2081 beati.
1468 2040 1671 2094 Stuprata

228 2114 304 2154 per
324 2101 406 2141 vim
424 2100 623 2142 Lucretia
639 2115 664 2140 a
685 2101 796 2156 regis
827 2098 928 2150 filio,
956 2106 1110 2140 testata
1132 2097 1256 2147 cives,
1286 2096 1424 2151 seipsa
1441 2095 1669 2138 interemit.

227 2156 297 2198 hic
318 2157 455 2208 dolor,
477 2157 624 2213 populi
646 2156 825 2198 Romani
850 2155 959 2197 duce
986 2165 1030 2197 et
1056 2163 1228 2196 auctore
1246 2154 1396 2203 Bruto,
1417 2166 1546 2193 causa
1564 2151 1667 2193 civi-

226 2214 304 2254 tati
335 2214 539 2255 libertatis
571 2213 679 2254 fuit:
723 2214 779 2254 ob
812 2212 990 2269 ejusque
1021 2209 1207 2252 mulieris
1247 2209 1498 2252 memoriam
1528 2209 1667 2264 primo

226 2284 337 2312 anno
369 2280 412 2312 et
451 2271 524 2321 vir,
563 2280 606 2311 et
634 2279 752 2326 pater
788 2269 896 2326 ejus,
931 2267 1081 2311 consul
1111 2275 1175 2308 est
1210 2265 1361 2307 factus.
1418 2265 1576 2307 Tenuis
1614 2266 1668 2306 L.

271 2436 312 2458 20
336 2427 421 2457 Hunc
451 2438 520 2456 vero
553 2426 678 2464 beatum]
714 2426 774 2456 Int.
805 2425 924 2455 dicetis.

226 2478 296 2511 post
312 2480 366 2509 pro
389 2471 481 2499 oratio
504 2479 582 2500 cum
605 2470 734 2500 Davisio
757 2469 826 2498 dedi
851 2467 925 2497 ratio

226 2521 258 2544 et
267 2514 342 2552 cogit
359 2523 414 2552 pro
429 2513 547 2552 cogitat.

270 2563 306 2587 21
333 2557 408 2585 dicet
426 2563 479 2594 pro
502 2566 546 2583 me
569 2555 589 2583 i.
612 2553 660 2592 v.]
688 2553 816 2592 Vulgati
842 2551 924 2581 dicit.

227 2599 305 2630 Edd.
331 2608 376 2638 pr.
403 2607 515 2628 omnes
542 2597 629 2627 dicet.
655 2604 685 2626 et
708 2598 851 2635 sequitur
875 2605 924 2623 nec

227 2641 383 2676 dubitabit.

270 2692 310 2717 22
331 2690 448 2723 proptcr
465 2680 577 2722 fldem]
609 2682 660 2712 Sic
691 2682 738 2712 ed.
769 2691 813 2720 pr.
843 2680 924 2709 Ven.

230 2734 323 2763 1471.
340 2727 412 2757 Ald.
431 2735 538 2764 nepos.
561 2732 653 2755 recte.
674 2732 841 2763 sequentes
864 2724 925 2752 scre

228 2771 312 2801 male
325 2777 445 2809 praeter.
491 2768 633 2798 Correxit
648 2769 693 2797 sie
709 2775 739 2797 et
755 2766 914 2796 Davisius.

271 2820 309 2845 23
336 2821 395 2842 tum
411 2811 521 2852 ipsum]
543 2810 689 2841 Davisius
713 2810 847 2840 correxit
863 2819 924 2837 eum

228 2856 332 2897 ipsum.
369 2865 434 2886 non
465 2855 556 2885 bene·
588 2854 679 2894 ipsum
706 2854 830 2884 additur
856 2861 925 2891 par-

969 2423 1074 2454 ticulis
1101 2423 1264 2463 temporis,
1293 2430 1330 2454 ut
1358 2424 1398 2454 ad
1423 2424 1502 2464 Epp.
1533 2424 1573 2454 ad
1601 2422 1668 2454 Act.

969 2467 1162 2497 notavimus.
1180 2473 1240 2496 tum
1256 2467 1348 2506 ipsum
1366 2472 1414 2497 est
1431 2466 1487 2497 illo
1503 2467 1571 2506 ipso
1586 2471 1668 2496 tem·

991 2519 1053 2540 ore.

968 2519 988 2549 p
1014 2559 1053 2583 24
1077 2558 1140 2581 erat
1155 2550 1352 2590 voluntarius]
1374 2552 1447 2582 Hoc
1471 2561 1583 2582 verum
1599 2560 1668 2581 esse

968 2594 1060 2624 nullo
1085 2595 1181 2625 modo
1207 2600 1318 2634 potest.
1365 2595 1449 2625 Bene
1476 2595 1623 2625 Davisius
1650 2603 1668 2624 e

970 2637 1050 2668 Mss.
1079 2638 1163 2668 dedit
1194 2636 1388 2676 voluptarius,
1419 2638 1505 2677 quod
1534 2644 1566 2667 et
1594 2637 1666 2667 edd.

968 2681 1117 2720 quaedam
1135 2680 1264 2710 habent.

1013 2730 1051 2753 25
1076 2733 1129 2751 non
1155 2722 1230 2752 enim
1262 2721 1428 2761 hilaritate]
1464 2722 1560 2753 Deest
1589 2721 1666 2752 sub·

963 2765 1101 2803 jectum,
1115 2765 1200 2804 quod
1213 2766 1396 2804 respondeat
1406 2764 1492 2795 alteri
1506 2765 1612 2795 tristes.
1623 2773 1664 2794 an

968 2808 1074 2838 hilares
1089 2807 1241 2838 hilaritate
1254 2808 1272 2837 ἓ
