1768 3095
577 106 758 145 LIBER
785 103 1030 144 PRIMUS.
1472 106 1520 146 19

89 225 275 260 amantes
296 217 526 264 Socratem,
545 214 858 264 Democritum,
874 213 1189 266 Anaxagoram,
1203 207 1522 263 Empedoclem,

89 288 235 316 omnes
255 286 373 329 paene
392 280 544 311 veteres
562 286 572 310 z
597 270 669 326 qui
688 270 790 317 nihil
813 268 1031 324 cognosci,
1052 266 1155 308 nihil
1173 265 1344 321 percipi,
1367 272 1405 297 94
1419 263 1524 304 nihil

90 331 186 372 sciri
217 343 336 385 posse
371 327 627 382 [dixerunt]:
660 337 863 382 angustos
896 339 1053 375 sensus,
1080 321 1316 364 imbecillos
1346 319 1523 370 animos,

90 387 231 428 brevia
250 383 455 427 curricula
475 383 584 434 vitae,
605 393 648 425 et
671 385 736 435 (ut
755 382 1045 433 Democritus)
1069 380 1112 421 in
1142 377 1354 434 profundo
1374 376 1523 417 verita-

91 454 176 484 tem
197 456 285 484 esse
303 441 534 494 demersam
554 457 562 478 ε
594 440 876 496 opinionibus,
896 446 938 478 et
965 436 1164 479 institutis
1195 435 1337 476 omnia
1364 432 1496 474 teneri
1515 449 1524 471 :

92 499 194 540 nihil
221 497 381 539 veritati
409 496 613 552 relinqui:
645 496 843 551 deinceps
877 495 1020 536 omnia
1055 492 1235 534 tenebris
1269 489 1524 531 circumfusa

92 570 180 597 esse
218 553 422 595 dixerunt.
483 554 632 608 Itaque
671 552 882 594 Arcesilas
921 551 1105 606 negabat
1139 563 1229 590 esse
1277 546 1523 603 quidquam,
1533 550 1584 583 45

92 611 204 668 quod
224 610 318 651 sciri
338 619 492 665 posset,
514 624 564 650 ne
583 610 687 650 illud
707 608 877 665 quidem
902 608 1054 663 ipsum,
1076 605 1191 663 quod
1221 606 1413 646 Socrates
1445 601 1525 644 sibi

90 667 333 724 reliquisset.
373 668 432 708 sic
466 666 609 708 omnia
642 666 772 707 latere
809 674 846 700 9⁵
865 665 1064 706 censebat
1090 664 1133 704 in
1165 661 1355 704 occulto:
1390 673 1528 715 neque

91 739 181 766 esse
211 723 455 780 quidquam,
485 722 601 779 quod
632 722 759 772 cerni,
780 731 853 763 aut
883 720 1063 776 intelligi
1092 727 1262 775 posset:
1293 716 1446 772 quibus
1473 715 1527 756 de

91 781 226 823 causis
257 780 360 821 nihil
392 789 586 835 oportere
616 793 750 835 neque
777 778 977 834 profiteri,
996 791 1130 833 neque
1153 775 1358 817 affirmare
1377 787 1524 829 quem·
1537 778 1570 808 b·

92 851 234 894 quam,
256 843 296 871 96
312 836 714 892 nequeassensione
743 836 1003 891 approbare:
1035 833 1317 887 cohibereque
1346 843 1526 885 semper,

91 903 135 935 et
153 894 207 935 ab
226 894 343 935 omni
371 894 492 949 lapsu
516 893 730 934 continere
749 892 1055 933 temeritatem:
1087 904 1182 946 quae
1213 899 1305 929 turn
1336 895 1445 928 esset
1462 887 1527 927 in-

92 951 239 1007 signis,
260 965 358 991 curn
378 957 452 991 aut
471 950 590 1001 falsa,
609 958 682 991 aut
712 948 930 1004 incognita
949 962 1012 989 res
1032 947 1335 1002 approbaretur
1352 960 1362 986 t
1394 957 1528 998 neque

93 1007 177 1049 hoc
201 1007 432 1063 quidquam
462 1021 553 1048 esse
580 1005 758 1061 turpius,
779 1019 905 1061 quam
933 1003 1170 1060 cognitioni
1200 1011 1243 1043 et
1271 1000 1530 1056 perceptioni

92 1064 374 1105 assensionem
421 1063 854 1119 approbationemque
896 1074 1163 1117 praecurrere.
1223 1058 1338 1099 Huic
1377 1056 1529 1098 rationi

91 1121 316 1176 quoderat
333 1129 676 1170 consentaneum,
697 1119 892 1170 faciebat,
908 1127 956 1159 ut
975 1127 1123 1158 contra
1141 1116 1333 1158 omnium
1363 1121 1530 1158 senten-

91 1178 172 1218 tias
193 1186 237 1215 -97
256 1177 343 1219 dies
365 1177 457 1234 jam
488 1177 709 1232 plerosque
740 1175 992 1216 deduceret:
1023 1183 1087 1224 ut,
1106 1188 1204 1214 curn
1237 1172 1280 1212 in
1308 1170 1456 1212 eadem
1486 1184 1530 1210 re

93 1234 211 1289 paria
229 1234 446 1275 contrariis
475 1234 517 1274 in
546 1233 735 1289 partibus
765 1241 983 1273 momenta
1000 1232 1213 1272 rationum
1235 1228 1530 1276 invenirentur,

94 1291 258 1333 facilius
286 1291 339 1331 ab
363 1299 541 1345 utraque
568 1299 686 1344 parte
710 1289 892 1329 assensio
921 1288 1210 1328 sustineretur.
1271 1287 1396 1327 Hanc
1414 1285 1528 1325 Aca·
1540 1288 1593 1325 46

95 1345 280 1388 demiam
301 1355 339 1381 ⁹8
356 1360 506 1387 novam
526 1345 738 1401 appellant
749 1361 759 1395 3
791 1360 886 1400 quae
905 1344 1011 1384 mihi
1028 1352 1145 1384 vetus
1164 1343 1351 1383 videtur:
1382 1341 1418 1381 si
1436 1340 1530 1396 qui-

96 1402 195 1444 dem
214 1404 433 1444 Platonem
453 1417 502 1443 ex
523 1402 594 1442 illa
610 1411 749 1442 vetere
769 1415 1052 1442 numeramus.
1070 1399 1190 1455 cujus
1225 1399 1267 1439 in
1293 1398 1408 1439 libris
1430 1396 1532 1438 nihil

97 1459 340 1510 affirmatur,
361 1469 403 1499 et
424 1459 465 1499 in
486 1467 706 1514 utramque
732 1467 892 1512 partem
923 1456 1058 1497 multa
1076 1456 1349 1504 disseruntur,
1370 1453 1422 1495 de
1439 1468 1533 1497 om-

96 1517 221 1557 nibus
240 1516 457 1572 quaeritur,
476 1514 581 1555 nihil
605 1515 710 1555 certi
739 1514 906 1554 dicitur.
936 1513 1008 1554 sed
1038 1521 1181 1553 tamen
1210 1511 1296 1562 illa,
1317 1524 1444 1566 quam
1464 1525 1545 1556 exs

96 1573 233 1628 posui,
252 1581 396 1623 vetus3
427 1572 533 1621 haec,
554 1586 660 1612 nova
679 1571 946 1612 nominetur:
978 1584 1073 1625 quae
1103 1582 1236 1623 usque
1261 1568 1315 1608 ad
1348 1567 1533 1609 Carnea-

98 1629 192 1671 dem
221 1629 438 1685 perducta‚
459 1628 530 1684 qui
560 1637 732 1683 quartus
762 1628 815 1668 ab
846 1627 1037 1667 Arcesila
1055 1625 1150 1676 fuit,
1171 1626 1212 1666 in
1233 1624 1382 1665 eadem
1401 1624 1534 1667 Arce-

97 1686 186 1728 silae
220 1686 382 1728 ratione
416 1684 656 1741 permansit.
717 1683 956 1725 Carneades
985 1692 1131 1723 autem
1162 1681 1317 1722 nullius
1346 1680 1536 1736 philoso-

98 1741 210 1799 phiae
229 1742 360 1799 partis
377 1743 565 1798 ignarus,
579 1749 636 1791 et,
652 1750 700 1782 ut
721 1739 903 1795 cognovi
922 1754 972 1780 ex
993 1739 1056 1789 iis,
1073 1739 1148 1795 qui
1164 1739 1284 1779 illurn
1305 1737 1536 1785 audierant,

99 1800 366 1856 maximeque
400 1814 452 1840 ex
479 1798 689 1854 Epicureo
723 1798 908 1848 Zenone,
929 1797 1000 1852 qui
1021 1810 1120 1837 cum
1145 1795 1200 1836 ab
1226 1809 1278 1835 eo
1306 1794 1534 1849 plurimum

99 1856 352 1906 dissentiret,
370 1870 503 1897 unum
524 1866 666 1895 tamen
684 1863 834 1909 praeter
854 1862 1014 1894 ceteros
1037 1852 1282 1902 mirabatur,
1304 1849 1538 1892 incredibili

100 1912 285 1968 quadam
303 1912 385 1953 fuit
404 1912 614 1964 facultate.
646 1914 672 1938 ἢὸ
702 1914 728 1938 ³⁵
760 1917 796 1943 ψ
819 1917 844 1941 ss
877 1916 903 1942 ἡ*
959 1943 962 1945 .
1497 1927 1499 1929 ·

156 2025 305 2067 Multa
324 2039 375 2065 ex
396 2023 468 2065 hoc
490 2024 624 2079 primo
650 2022 748 2064 libro
769 2023 1110 2064 Academicorum
1141 2028 1290 2079 quaest.
1311 2021 1366 2062 ad
1390 2021 1535 2063 Varro-

101 2097 209 2134 nem,
229 2090 269 2124 et
289 2080 498 2130 secundus,
522 2081 679 2131 tertius,
700 2087 872 2137 quartus
887 2079 1196 2121 desiderantur:
1223 2078 1309 2120 .nisi
1329 2078 1421 2134 quis
1440 2076 1539 2120 velit

102 2154 208 2191 eum,
228 2139 303 2195 qui
326 2137 574 2188 inscribitur,
594 2136 809 2188 Lucullus,
832 2137 902 2192 qui
922 2134 1106 2191 deinceps
1126 2135 1323 2191 sequitur,
1346 2142 1540 2191 quartum

102 2211 342 2238 numerare.-
374 2193 608 2251 quod-facit
628 2193 804 2235 Nonius.
831 2221 833 2226 ι
856 2193 942 2234 Sed
962 2193 1397 2248 vid..argumentun1.r

148 2317 188 2344 94
204 2309 281 2339 nihil
292 2309 358 2339 sciri
365 2315 445 2348 posse
458 2309 664 2339 dixerunt—c.
682 2308 802 2340 tenebris
845 2317 952 2345 sensu,
969 2307 1119 2340 latinum.
1183 2338 1199 2341 ,,
1243 2332 1281 2333 ,W
1430 2340 1433 2341 ⁷

103 2363 160 2382 esse
188 2352 353 2393 dixerunt.]
387 2352 530 2383 Primum
559 2352 637 2382 illud
667 2352 803 2383 dixerunt
890 2357 925 2385 97
944 2350 1004 2379 dies
1016 2350 1085 2389 jam
1103 2349 1252 2390 plerosque
1265 2344 1434 2387 deduceret]
1460 2346 1544 2385 Con-

103 2395 278 2426 delendum
294 2402 350 2425 est.
390 2416 392 2418 -
448 2412 453 2413 ⁷
845 2401 986 2425 sumeret
998 2394 1186 2432 disputando
1203 2399 1304 2422 totos:
1327 2392 1423 2421 ducta
1445 2396 1546 2429 meta-

147 2446 187 2471 95
212 2436 356 2478 censebat]
383 2438 435 2469 Sic
457 2447 535 2468 cnm
552 2438 638 2468 Dav.
666 2439 802 2476 reposui,
845 2438 944 2477 phora
967 2446 985 2466 a
1006 2436 1080 2473 tela,
1099 2445 1171 2476 quae
1193 2436 1371 2471 deducitur,
1392 2443 1470 2464 cum
1493 2432 1548 2462 ab·

105 2482 239 2521 pertinet
253 2481 341 2511 enim
353 2482 392 2512 ad
408 2491 514 2511 unum
525 2481 712 2512 Arcesilam.
725 2491 804 2512 mox
822 2498 825 2499 ν
846 2480 988 2512 solvitur.
1471 2498 1474 2499 ν

100 2531 195 2564 posset
209 2534 266 2564 pro
274 2524 366 2563 possit
382 2524 518 2554 latinitas
534 2524 682 2563 postulat.
891 2529 929 2556 98
946 2533 1052 2552 novam
1075 2519 1237 2561 appellant]
1261 2522 1313 2552 Sic
1336 2520 1455 2558 habent
1470 2528 1549 2558 prae-

149 2571 189 2600 96
205 2577 293 2608 neque
306 2567 462 2597 assensione
477 2566 647 2606 approbare]
666 2566 803 2606 Reposui
848 2574 893 2597 ter
916 2565 994 2595 Mss.
1012 2565 1110 2595 Codd.
1134 2564 1251 2603 plures,
1276 2565 1345 2595 edd.
1362 2564 1443 2593 Ven.
1460 2562 1547 2591 Med.

106 2619 184 2640 cum
205 2610 335 2641 Davisio
357 2609 524 2646 assensione,
541 2617 578 2640 ut
593 2609 703 2649 paullo,
722 2616 803 2649 post,
848 2611 920 2640 Asc.
950 2609 1032 2638 Vict.
1077 2607 1254 2647 Vulgatum
1275 2606 1461 2647 appellabant
1487 2606 1548 2644 pri-

105 2662 162 2693 pro
176 2652 305 2693 vulgato
317 2653 480 2690 assertione,
494 2654 578 2692 quod
596 2658 659 2683 non
671 2659 729 2689 est,
743 2654 805 2682 hoc
850 2662 923 2683 mus
939 2652 1023 2681 dedit
1037 2651 1149 2682 Aldus.
1372 2660 1375 2662 ·

802 2897 871 2925 c2
