<?xml version="1.0" encoding="UTF-8"?>
<!DOCTYPE html PUBLIC "-//W3C//DTD XHTML 1.0 Transitional//EN"
    "http://www.w3.org/TR/xhtml1/DTD/xhtml1-transitional.dtd">
<html xmlns="http://www.w3.org/1999/xhtml" xml:lang="en" lang="en">
 <head>
  <title>
</title>
<meta http-equiv="Content-Type" content="text/html;charset=utf-8" />
  <meta name='ocr-system' content='tesseract 3.04.00' />
  <meta name='ocr-capabilities' content='ocr_page ocr_carea ocr_par ocr_line ocrx_word'/>
</head>
<body>
  <div class='ocr_page' id='page_1' title='image "./p1operaomnia04ciceuoft_0544.png"; bbox 0 0 1778 3095; ppageno 0'>
   <div class='ocr_carea' id='block_1_1' title="bbox 243 146 1219 186">
    <p class='ocr_par' dir='ltr' id='par_1_1' title="bbox 243 146 1219 186">
     <span class='ocr_line' id='line_1_1' title="bbox 243 146 1219 186; baseline 0.001 -2"><span class='ocrx_word' id='word_1_1' title='bbox 243 146 322 184; x_wconf 86' lang='lat'><strong>536</strong></span> <span class='ocrx_word' id='word_1_2' title='bbox 680 146 757 184; x_wconf 89' lang='lat' dir='ltr'><strong>DE</strong></span> <span class='ocrx_word' id='word_1_3' title='bbox 793 146 1219 186; x_wconf 89' lang='lat' dir='ltr'>DIVINATIONE</span> 
     </span>
    </p>
   </div>
   <div class='ocr_carea' id='block_1_2' title="bbox 141 252 1702 2284">
    <p class='ocr_par' dir='ltr' id='par_1_2' title="bbox 141 252 1702 2284">
     <span class='ocr_line' id='line_1_2' title="bbox 246 252 1667 305; baseline 0.003 -12"><span class='ocrx_word' id='word_1_4' title='bbox 246 252 560 296; x_wconf 88' lang='lat' dir='ltr'><strong>ficentissimum</strong></span> <span class='ocrx_word' id='word_1_5' title='bbox 581 253 685 295; x_wconf 88' lang='lat' dir='ltr'><strong>illud</strong></span> <span class='ocrx_word' id='word_1_6' title='bbox 706 265 872 296; x_wconf 84' lang='lat' dir='ltr'><strong>senatus</strong></span> <span class='ocrx_word' id='word_1_7' title='bbox 897 256 1137 297; x_wconf 87' lang='lat' dir='ltr'><strong>consultum</strong></span> <span class='ocrx_word' id='word_1_8' title='bbox 1161 270 1250 297; x_wconf 85' lang='lat' dir='ltr'><strong>esse</strong></span> <span class='ocrx_word' id='word_1_9' title='bbox 1269 255 1443 305; x_wconf 85' lang='lat' dir='ltr'><strong>factum,</strong></span> <span class='ocrx_word' id='word_1_10' title='bbox 1463 256 1667 298; x_wconf 78' lang='lat' dir='ltr'><strong>referente</strong></span> 
     </span>
     <span class='ocr_line' id='line_1_3' title="bbox 245 309 1666 369; baseline 0.003 -20"><span class='ocrx_word' id='word_1_11' title='bbox 245 309 408 364; x_wconf 88' lang='lat' dir='ltr'><strong>optimo</strong></span> <span class='ocrx_word' id='word_1_12' title='bbox 436 319 478 352; x_wconf 93' lang='lat' dir='ltr'><strong>et</strong></span> <span class='ocrx_word' id='word_1_13' title='bbox 502 310 732 351; x_wconf 85' lang='lat' dir='ltr'><strong>clarissimo</strong></span> <span class='ocrx_word' id='word_1_14' title='bbox 752 311 837 353; x_wconf 88' lang='lat' dir='ltr'><strong>viro</strong></span> <span class='ocrx_word' id='word_1_15' title='bbox 859 313 1044 363; x_wconf 85' lang='lat' dir='ltr'><strong>consule,</strong></span> <span class='ocrx_word' id='word_1_16' title='bbox 1066 313 1191 369; x_wconf 83' lang='lat' dir='ltr'><strong>idque</strong></span> <span class='ocrx_word' id='word_1_17' title='bbox 1213 312 1551 367; x_wconf 73' lang='lat' dir='ltr'><strong>frequentissimo</strong></span> <span class='ocrx_word' id='word_1_18' title='bbox 1571 312 1666 353; x_wconf 88' lang='lat' dir='ltr'><strong>the-</strong></span> 
     </span>
     <span class='ocr_line' id='line_1_4' title="bbox 245 366 1666 424; baseline 0.003 -19"><span class='ocrx_word' id='word_1_19' title='bbox 245 375 352 415; x_wconf 84' lang='lat' dir='ltr'><strong>atro,</strong></span> <span class='ocrx_word' id='word_1_20' title='bbox 373 366 606 408; x_wconf 82' lang='lat' dir='ltr'><strong>incredibili</strong></span> <span class='ocrx_word' id='word_1_21' title='bbox 626 367 808 408; x_wconf 80' lang='lat' dir='ltr'><strong>clamore</strong></span> <span class='ocrx_word' id='word_1_22' title='bbox 829 379 871 409; x_wconf 90' lang='lat' dir='ltr'><strong>et</strong></span> <span class='ocrx_word' id='word_1_23' title='bbox 892 370 1037 424; x_wconf 66' lang='lat' dir='ltr'><strong>plausu</strong></span> <span class='ocrx_word' id='word_1_24' title='bbox 1061 369 1382 424; x_wconf 77' lang='lat' dir='ltr'><strong>comprobatum</strong></span> <span class='ocrx_word' id='word_1_25' title='bbox 1405 385 1414 409; x_wconf 74' lang='grc' dir='ltr'>ε</span> <span class='ocrx_word' id='word_1_26' title='bbox 1435 368 1587 410; x_wconf 85' lang='lat' dir='ltr'><strong>dixisse</strong></span> <span class='ocrx_word' id='word_1_27' title='bbox 1608 379 1666 420; x_wconf 90' lang='lat' dir='ltr'><strong>te,</strong></span> 
     </span>
     <span class='ocr_line' id='line_1_5' title="bbox 245 421 1280 476; baseline 0.004 -14"><span class='ocrx_word' id='word_1_28' title='bbox 245 421 349 463; x_wconf 82' lang='lat' dir='ltr'><strong>nihil</strong></span> <span class='ocrx_word' id='word_1_29' title='bbox 369 423 441 464; x_wconf 90' lang='lat' dir='ltr'><strong>illo</strong></span> <span class='ocrx_word' id='word_1_30' title='bbox 463 423 623 463; x_wconf 81' lang='lat' dir='ltr'><strong>Atinati</strong></span> <span class='ocrx_word' id='word_1_31' title='bbox 642 424 818 474; x_wconf 82' lang='lat' dir='ltr'><strong>somnio,</strong></span> <span class='ocrx_word' id='word_1_32' title='bbox 840 425 926 465; x_wconf 79' lang='lat' dir='ltr'><strong>fieri</strong></span> <span class='ocrx_word' id='word_1_33' title='bbox 949 441 1066 476; x_wconf 51' lang='lat' dir='ltr'><strong>posse</strong></span> <span class='ocrx_word' id='word_1_34' title='bbox 1089 426 1280 467; x_wconf 81' lang='lat' dir='ltr'><strong>divinius.</strong></span> 
     </span>
     <span class='ocr_line' id='line_1_6' title="bbox 163 479 1667 533; baseline 0.003 -15"><span class='ocrx_word' id='word_1_35' title='bbox 163 479 235 533; x_wconf 74' lang='lat'><strong>29</strong></span> <span class='ocrx_word' id='word_1_36' title='bbox 302 479 363 519; x_wconf 88' lang='lat' dir='ltr'><strong>At</strong></span> <span class='ocrx_word' id='word_1_37' title='bbox 392 479 524 519; x_wconf 85' lang='lat' dir='ltr'><strong>multa</strong></span> <span class='ocrx_word' id='word_1_38' title='bbox 551 479 668 520; x_wconf 84' lang='lat' dir='ltr'><strong>falsa.</strong></span> <span class='ocrx_word' id='word_1_39' title='bbox 729 482 867 521; x_wconf 83' lang='lat' dir='ltr'><strong>humo</strong></span> <span class='ocrx_word' id='word_1_40' title='bbox 898 483 1075 522; x_wconf 53' lang='lat' dir='ltr'><strong>obscura</strong></span> <span class='ocrx_word' id='word_1_41' title='bbox 1103 483 1277 523; x_wconf 74' lang='lat' dir='ltr'><strong>fortasse</strong></span> <span class='ocrx_word' id='word_1_42' title='bbox 1308 481 1441 522; x_wconf 88' lang='lat' dir='ltr'><strong>nobis.</strong></span> <span class='ocrx_word' id='word_1_43' title='bbox 1482 481 1555 522; x_wconf 86' lang='lat' dir='ltr'><strong>sed</strong></span> <span class='ocrx_word' id='word_1_44' title='bbox 1584 482 1667 523; x_wconf 89' lang='lat' dir='ltr'><strong>sint</strong></span> 
     </span>
     <span class='ocr_line' id='line_1_7' title="bbox 182 535 1665 594; baseline 0.003 -19"><span class='ocrx_word' id='word_1_45' title='bbox 182 535 348 585; x_wconf 79' lang='lat' dir='ltr'><strong>60falsa</strong></span> <span class='ocrx_word' id='word_1_46' title='bbox 368 535 559 590; x_wconf 73' lang='lat' dir='ltr'><strong>quaedam</strong></span> <span class='ocrx_word' id='word_1_47' title='bbox 577 552 587 586; x_wconf 86' lang='lat'>3</span> <span class='ocrx_word' id='word_1_48' title='bbox 609 547 755 578; x_wconf 79' lang='lat' dir='ltr'><strong>contra</strong></span> <span class='ocrx_word' id='word_1_49' title='bbox 770 552 864 578; x_wconf 81' lang='lat' dir='ltr'><strong>vera</strong></span> <span class='ocrx_word' id='word_1_50' title='bbox 880 538 979 592; x_wconf 85' lang='lat' dir='ltr'><strong>quid</strong></span> <span class='ocrx_word' id='word_1_51' title='bbox 997 537 1202 579; x_wconf 82' lang='lat' dir='ltr'><strong>dicimus?</strong></span> <span class='ocrx_word' id='word_1_52' title='bbox 1227 554 1319 594; x_wconf 85' lang='lat' dir='ltr'><strong>quae</strong></span> <span class='ocrx_word' id='word_1_53' title='bbox 1338 538 1507 593; x_wconf 84' lang='lat' dir='ltr'><strong>quidem</strong></span> <span class='ocrx_word' id='word_1_54' title='bbox 1528 537 1665 579; x_wconf 83' lang='lat' dir='ltr'><strong>multo</strong></span> 
     </span>
     <span class='ocr_line' id='line_1_8' title="bbox 240 591 1665 649; baseline 0.002 -18"><span class='ocrx_word' id='word_1_55' title='bbox 240 591 362 646; x_wconf 86' lang='lat' dir='ltr'><strong>plura</strong></span> <span class='ocrx_word' id='word_1_56' title='bbox 388 592 610 642; x_wconf 84' lang='lat' dir='ltr'><strong>evenirent,</strong></span> <span class='ocrx_word' id='word_1_57' title='bbox 632 594 665 633; x_wconf 90' lang='lat' dir='ltr'><strong>si</strong></span> <span class='ocrx_word' id='word_1_58' title='bbox 698 593 749 633; x_wconf 85' lang='lat' dir='ltr'><strong>ad</strong></span> <span class='ocrx_word' id='word_1_59' title='bbox 780 594 964 647; x_wconf 83' lang='lat' dir='ltr'><strong>quietem</strong></span> <span class='ocrx_word' id='word_1_60' title='bbox 995 594 1145 649; x_wconf 76' lang='lat' dir='ltr'><strong>integri</strong></span> <span class='ocrx_word' id='word_1_61' title='bbox 1175 595 1344 635; x_wconf 86' lang='lat' dir='ltr'><strong>iremus.</strong></span> <span class='ocrx_word' id='word_1_62' title='bbox 1387 609 1495 634; x_wconf 85' lang='lat' dir='ltr'><strong>nune</strong></span> <span class='ocrx_word' id='word_1_63' title='bbox 1523 594 1665 635; x_wconf 88' lang='lat' dir='ltr'><strong>onusti</strong></span> 
     </span>
     <span class='ocr_line' id='line_1_9' title="bbox 240 647 1667 705; baseline 0.003 -18"><span class='ocrx_word' id='word_1_64' title='bbox 240 647 337 687; x_wconf 89' lang='lat' dir='ltr'><strong>cibo</strong></span> <span class='ocrx_word' id='word_1_65' title='bbox 367 658 409 688; x_wconf 90' lang='lat' dir='ltr'><strong>et</strong></span> <span class='ocrx_word' id='word_1_66' title='bbox 441 649 550 699; x_wconf 85' lang='lat' dir='ltr'><strong>vino,</strong></span> <span class='ocrx_word' id='word_1_67' title='bbox 582 650 822 703; x_wconf 82' lang='lat' dir='ltr'><strong>perturbata</strong></span> <span class='ocrx_word' id='word_1_68' title='bbox 849 658 890 689; x_wconf 86' lang='lat' dir='ltr'><strong>et</strong></span> <span class='ocrx_word' id='word_1_69' title='bbox 922 650 1098 689; x_wconf 84' lang='lat' dir='ltr'><strong>confusa</strong></span> <span class='ocrx_word' id='word_1_70' title='bbox 1129 651 1352 691; x_wconf 85' lang='lat' dir='ltr'><strong>cernimus.</strong></span> <span class='ocrx_word' id='word_1_71' title='bbox 1409 650 1532 700; x_wconf 75' lang='lat' dir='ltr'><strong>Vide,</strong></span> <span class='ocrx_word' id='word_1_72' title='bbox 1563 649 1667 705; x_wconf 88' lang='lat' dir='ltr'><strong>quid</strong></span> 
     </span>
     <span class='ocr_line' id='line_1_10' title="bbox 240 703 1665 760; baseline 0.003 -17"><span class='ocrx_word' id='word_1_73' title='bbox 240 703 434 745; x_wconf 85' lang='lat' dir='ltr'><strong>Socrates</strong></span> <span class='ocrx_word' id='word_1_74' title='bbox 468 706 508 745; x_wconf 89' lang='lat' dir='ltr'><strong>in</strong></span> <span class='ocrx_word' id='word_1_75' title='bbox 542 712 578 738; x_wconf 65' lang='lat'><strong>9³3</strong></span> <span class='ocrx_word' id='word_1_76' title='bbox 597 704 778 746; x_wconf 81' lang='lat' dir='ltr'><strong>Platonis</strong></span> <span class='ocrx_word' id='word_1_77' title='bbox 811 705 961 745; x_wconf 77' lang='lat' dir='ltr'><strong>Politia</strong></span> <span class='ocrx_word' id='word_1_78' title='bbox 988 705 1198 760; x_wconf 76' lang='lat' dir='ltr'><strong>loquatur.</strong></span> <span class='ocrx_word' id='word_1_79' title='bbox 1256 707 1372 747; x_wconf 86' lang='lat' dir='ltr'><strong>Dicit</strong></span> <span class='ocrx_word' id='word_1_80' title='bbox 1403 707 1528 756; x_wconf 87' lang='lat' dir='ltr'><strong>enim,</strong></span> <span class='ocrx_word' id='word_1_81' title='bbox 1562 707 1665 747; x_wconf 83' lang='lat' dir='ltr'><strong>Cum</strong></span> 
     </span>
     <span class='ocr_line' id='line_1_11' title="bbox 239 757 1662 818; baseline 0.001 -18"><span class='ocrx_word' id='word_1_82' title='bbox 239 757 525 805; x_wconf 76' lang='lat' dir='ltr'><strong>dormientibus</strong></span> <span class='ocrx_word' id='word_1_83' title='bbox 553 776 597 801; x_wconf 87' lang='lat' dir='ltr'><strong>ea</strong></span> <span class='ocrx_word' id='word_1_84' title='bbox 624 771 724 814; x_wconf 79' lang='lat' dir='ltr'><strong>pars</strong></span> <span class='ocrx_word' id='word_1_85' title='bbox 754 761 898 811; x_wconf 73' lang='lat' dir='ltr'><strong>animi,</strong></span> <span class='ocrx_word' id='word_1_86' title='bbox 920 777 1014 817; x_wconf 78' lang='lat' dir='ltr'><strong>quae</strong></span> <span class='ocrx_word' id='word_1_87' title='bbox 1040 762 1186 803; x_wconf 68' lang='lat' dir='ltr'><strong>mentis</strong></span> <span class='ocrx_word' id='word_1_88' title='bbox 1208 770 1244 802; x_wconf 91' lang='lat' dir='ltr'><strong>et</strong></span> <span class='ocrx_word' id='word_1_89' title='bbox 1266 762 1434 804; x_wconf 69' lang='lat' dir='ltr'><strong>rationis</strong></span> <span class='ocrx_word' id='word_1_90' title='bbox 1454 764 1507 804; x_wconf 77' lang='lat' dir='ltr'><strong>sit</strong></span> <span class='ocrx_word' id='word_1_91' title='bbox 1525 762 1662 818; x_wconf 80' lang='lat' dir='ltr'><strong>parti-</strong></span> 
     </span>
     <span class='ocr_line' id='line_1_12' title="bbox 239 816 1663 874; baseline 0.004 -19"><span class='ocrx_word' id='word_1_92' title='bbox 239 826 342 870; x_wconf 79' lang='lat' dir='ltr'><strong>ceps,</strong></span> <span class='ocrx_word' id='word_1_93' title='bbox 363 817 495 871; x_wconf 83' lang='lat' dir='ltr'><strong>sopita</strong></span> <span class='ocrx_word' id='word_1_94' title='bbox 516 816 711 872; x_wconf 75' lang='lat' dir='ltr'><strong>langueat</strong></span> <span class='ocrx_word' id='word_1_95' title='bbox 729 834 740 858; x_wconf 92' lang='grc'><strong>.·</strong></span> <span class='ocrx_word' id='word_1_96' title='bbox 775 816 850 857; x_wconf 74' lang='lat' dir='ltr'><strong>illa</strong></span> <span class='ocrx_word' id='word_1_97' title='bbox 871 825 1021 867; x_wconf 79' lang='lat' dir='ltr'><strong>autem,</strong></span> <span class='ocrx_word' id='word_1_98' title='bbox 1043 818 1084 858; x_wconf 82' lang='lat' dir='ltr'><strong>iu</strong></span> <span class='ocrx_word' id='word_1_99' title='bbox 1106 834 1187 874; x_wconf 80' lang='lat' dir='ltr'><strong>qua</strong></span> <span class='ocrx_word' id='word_1_100' title='bbox 1201 818 1362 873; x_wconf 77' lang='lat' dir='ltr'><strong>feritas</strong></span> <span class='ocrx_word' id='word_1_101' title='bbox 1382 820 1569 874; x_wconf 73' lang='lat' dir='ltr'><strong>quoedam</strong></span> <span class='ocrx_word' id='word_1_102' title='bbox 1593 818 1663 870; x_wconf 80' lang='lat' dir='ltr'><strong>sit,</strong></span> 
     </span>
     <span class='ocr_line' id='line_1_13' title="bbox 239 872 1664 932; baseline 0.004 -20"><span class='ocrx_word' id='word_1_103' title='bbox 239 880 362 928; x_wconf 84' lang='lat' dir='ltr'><strong>atque</strong></span> <span class='ocrx_word' id='word_1_104' title='bbox 381 873 555 928; x_wconf 74' lang='lat' dir='ltr'><strong>agrestis</strong></span> <span class='ocrx_word' id='word_1_105' title='bbox 574 872 821 924; x_wconf 74' lang='lat' dir='ltr'><strong>immanitas,</strong></span> <span class='ocrx_word' id='word_1_106' title='bbox 844 889 934 915; x_wconf 83' lang='lat' dir='ltr'><strong>cum</strong></span> <span class='ocrx_word' id='word_1_107' title='bbox 957 875 1008 916; x_wconf 74' lang='lat' dir='ltr'><strong>sit</strong></span> <span class='ocrx_word' id='word_1_108' title='bbox 1039 883 1077 907; x_wconf 74' lang='lat'><strong>94</strong></span> <span class='ocrx_word' id='word_1_109' title='bbox 1098 875 1356 916; x_wconf 80' lang='lat' dir='ltr'><strong>imrnoderato</strong></span> <span class='ocrx_word' id='word_1_110' title='bbox 1387 874 1664 932; x_wconf 72' lang='lat' dir='ltr'><strong>obstupefacta</strong></span> 
     </span>
     <span class='ocr_line' id='line_1_14' title="bbox 195 929 1662 987; baseline 0.004 -20"><span class='ocrx_word' id='word_1_111' title='bbox 195 935 333 982; x_wconf 84' lang='lat' dir='ltr'><strong>b.potu</strong></span> <span class='ocrx_word' id='word_1_112' title='bbox 354 936 476 984; x_wconf 81' lang='lat' dir='ltr'><strong>atque</strong></span> <span class='ocrx_word' id='word_1_113' title='bbox 494 936 631 983; x_wconf 74' lang='lat' dir='ltr'><strong>pastu,</strong></span> <span class='ocrx_word' id='word_1_114' title='bbox 653 929 856 972; x_wconf 67' lang='lat' dir='ltr'><strong>exsultare</strong></span> <span class='ocrx_word' id='word_1_115' title='bbox 880 947 970 972; x_wconf 82' lang='lat' dir='ltr'><strong>eam</strong></span> <span class='ocrx_word' id='word_1_116' title='bbox 997 932 1038 972; x_wconf 79' lang='lat' dir='ltr'><strong>in</strong></span> <span class='ocrx_word' id='word_1_117' title='bbox 1067 947 1200 972; x_wconf 74' lang='lat' dir='ltr'><strong>somno</strong></span> <span class='ocrx_word' id='word_1_118' title='bbox 1231 931 1568 987; x_wconf 73' lang='lat' dir='ltr'><strong>immoderateque</strong></span> <span class='ocrx_word' id='word_1_119' title='bbox 1586 933 1662 986; x_wconf 76' lang='lat' dir='ltr'><strong>J&#39;a-</strong></span> 
     </span>
     <span class='ocr_line' id='line_1_15' title="bbox 236 985 1702 1043; baseline 0.003 -19"><span class='ocrx_word' id='word_1_120' title='bbox 236 985 355 1025; x_wconf 82' lang='lat' dir='ltr'><strong>ctari.</strong></span> <span class='ocrx_word' id='word_1_121' title='bbox 388 986 526 1041; x_wconf 80' lang='lat' dir='ltr'><strong>itaque</strong></span> <span class='ocrx_word' id='word_1_122' title='bbox 561 985 652 1026; x_wconf 77' lang='lat' dir='ltr'><strong>huic</strong></span> <span class='ocrx_word' id='word_1_123' title='bbox 681 987 815 1028; x_wconf 80' lang='lat' dir='ltr'><strong>omnia</strong></span> <span class='ocrx_word' id='word_1_124' title='bbox 849 988 931 1029; x_wconf 76' lang='lat' dir='ltr'><strong>visa</strong></span> <span class='ocrx_word' id='word_1_125' title='bbox 965 987 1221 1043; x_wconf 78' lang='lat' dir='ltr'><strong>oljiciuntur‚</strong></span> <span class='ocrx_word' id='word_1_126' title='bbox 1244 994 1422 1029; x_wconf 77' lang='lat' dir='ltr'><strong>amente</strong></span> <span class='ocrx_word' id='word_1_127' title='bbox 1440 1002 1488 1028; x_wconf 85' lang='lat' dir='ltr'><strong>ac</strong></span> <span class='ocrx_word' id='word_1_128' title='bbox 1506 988 1662 1029; x_wconf 78' lang='lat' dir='ltr'><strong>ratione</strong></span> <span class='ocrx_word' id='word_1_129' title='bbox 1699 1019 1702 1022; x_wconf 25' lang='grc' dir='ltr'><strong><em>ι</em></strong></span> 
     </span>
     <span class='ocr_line' id='line_1_16' title="bbox 237 1044 1663 1098; baseline 0.004 -18"><span class='ocrx_word' id='word_1_130' title='bbox 237 1055 363 1081; x_wconf 68' lang='lat' dir='ltr'><strong>vacua</strong></span> <span class='ocrx_word' id='word_1_131' title='bbox 381 1059 393 1082; x_wconf 90' lang='lat'><em>:</em></span> <span class='ocrx_word' id='word_1_132' title='bbox 427 1049 471 1082; x_wconf 87' lang='lat' dir='ltr'><strong>ut</strong></span> <span class='ocrx_word' id='word_1_133' title='bbox 501 1050 573 1083; x_wconf 90' lang='lat' dir='ltr'><strong>aut</strong></span> <span class='ocrx_word' id='word_1_134' title='bbox 599 1058 688 1084; x_wconf 83' lang='lat' dir='ltr'><strong>cum</strong></span> <span class='ocrx_word' id='word_1_135' title='bbox 714 1052 845 1085; x_wconf 78' lang='lat' dir='ltr'><strong>matre</strong></span> <span class='ocrx_word' id='word_1_136' title='bbox 863 1055 1003 1098; x_wconf 73' lang='lat' dir='ltr'><strong>corpus</strong></span> <span class='ocrx_word' id='word_1_137' title='bbox 1024 1046 1185 1086; x_wconf 70' lang='lat' dir='ltr'><strong>miscere</strong></span> <span class='ocrx_word' id='word_1_138' title='bbox 1207 1054 1244 1078; x_wconf 61' lang='grc' dir='ltr'><strong>ἰνδ</strong></span> <span class='ocrx_word' id='word_1_139' title='bbox 1261 1044 1457 1095; x_wconf 78' lang='lat' dir='ltr'><strong>videatur,</strong></span> <span class='ocrx_word' id='word_1_140' title='bbox 1480 1052 1551 1085; x_wconf 85' lang='lat' dir='ltr'><strong>aut</strong></span> <span class='ocrx_word' id='word_1_141' title='bbox 1573 1058 1663 1085; x_wconf 79' lang='lat' dir='ltr'><strong>cum</strong></span> 
     </span>
     <span class='ocr_line' id='line_1_17' title="bbox 228 1097 1664 1156; baseline 0.001 -16"><span class='ocrx_word' id='word_1_142' title='bbox 228 1097 376 1152; x_wconf 64' lang='lat' dir='ltr'><strong>‚quovis</strong></span> <span class='ocrx_word' id='word_1_143' title='bbox 395 1098 477 1139; x_wconf 80' lang='lat' dir='ltr'><strong>alio</strong></span> <span class='ocrx_word' id='word_1_144' title='bbox 497 1099 563 1140; x_wconf 81' lang='lat' dir='ltr'><strong>vel</strong></span> <span class='ocrx_word' id='word_1_145' title='bbox 582 1099 752 1150; x_wconf 72' lang='lat' dir='ltr'><strong>homine,</strong></span> <span class='ocrx_word' id='word_1_146' title='bbox 773 1100 837 1141; x_wconf 70' lang='lat' dir='ltr'><strong>vel</strong></span> <span class='ocrx_word' id='word_1_147' title='bbox 855 1101 938 1148; x_wconf 47' lang='lat' dir='ltr'><strong>cito,</strong></span> <span class='ocrx_word' id='word_1_148' title='bbox 964 1117 1065 1155; x_wconf 57' lang='lat' dir='ltr'><strong>soepe</strong></span> <span class='ocrx_word' id='word_1_149' title='bbox 1094 1101 1208 1142; x_wconf 74' lang='lat' dir='ltr'><strong>belua</strong></span> <span class='ocrx_word' id='word_1_150' title='bbox 1228 1118 1240 1149; x_wconf 69' lang='grc' dir='ltr'><strong><em>ς</em></strong></span> <span class='ocrx_word' id='word_1_151' title='bbox 1270 1108 1393 1156; x_wconf 78' lang='lat' dir='ltr'><strong>atque</strong></span> <span class='ocrx_word' id='word_1_152' title='bbox 1420 1101 1545 1142; x_wconf 83' lang='lat' dir='ltr'><strong>etiam</strong></span> <span class='ocrx_word' id='word_1_153' title='bbox 1575 1108 1664 1141; x_wconf 85' lang='lat' dir='ltr'><strong>tru-</strong></span> 
     </span>
     <span class='ocr_line' id='line_1_18' title="bbox 235 1153 1660 1213; baseline 0.004 -21"><span class='ocrx_word' id='word_1_154' title='bbox 235 1153 370 1195; x_wconf 81' lang='lat' dir='ltr'><strong>cidare</strong></span> <span class='ocrx_word' id='word_1_155' title='bbox 400 1155 592 1211; x_wconf 79' lang='lat' dir='ltr'><strong>aliquem,</strong></span> <span class='ocrx_word' id='word_1_156' title='bbox 613 1164 651 1197; x_wconf 86' lang='lat' dir='ltr'><strong>et</strong></span> <span class='ocrx_word' id='word_1_157' title='bbox 685 1156 809 1209; x_wconf 50' lang='lat' dir='ltr'><strong>husie</strong></span> <span class='ocrx_word' id='word_1_158' title='bbox 840 1157 1055 1208; x_wconf 65' lang='lat' dir='ltr'><strong>cruentari,</strong></span> <span class='ocrx_word' id='word_1_159' title='bbox 1088 1156 1298 1213; x_wconf 75' lang='lat' dir='ltr'><strong>multaque</strong></span> <span class='ocrx_word' id='word_1_160' title='bbox 1313 1157 1460 1212; x_wconf 84' lang='lat' dir='ltr'><strong>facere</strong></span> <span class='ocrx_word' id='word_1_161' title='bbox 1488 1157 1660 1211; x_wconf 77' lang='lat' dir='ltr'><strong>impure,</strong></span> 
     </span>
     <span class='ocr_line' id='line_1_19' title="bbox 171 1212 1660 1269; baseline 0.002 -18"><span class='ocrx_word' id='word_1_162' title='bbox 171 1214 217 1251; x_wconf 89' lang='lat'><strong>61</strong></span> <span class='ocrx_word' id='word_1_163' title='bbox 235 1217 358 1266; x_wconf 79' lang='lat' dir='ltr'><strong>atque</strong></span> <span class='ocrx_word' id='word_1_164' title='bbox 379 1219 511 1261; x_wconf 73' lang='lat' dir='ltr'><strong>tcetre,</strong></span> <span class='ocrx_word' id='word_1_165' title='bbox 533 1228 621 1253; x_wconf 82' lang='lat' dir='ltr'><strong>cum</strong></span> <span class='ocrx_word' id='word_1_166' title='bbox 645 1213 871 1254; x_wconf 72' lang='lat' dir='ltr'><strong>temeritate</strong></span> <span class='ocrx_word' id='word_1_167' title='bbox 891 1221 928 1254; x_wconf 81' lang='lat' dir='ltr'><strong>et</strong></span> <span class='ocrx_word' id='word_1_168' title='bbox 951 1213 1214 1268; x_wconf 76' lang='lat' dir='ltr'><strong>impudentia.</strong></span> <span class='ocrx_word' id='word_1_169' title='bbox 1273 1215 1333 1254; x_wconf 80' lang='lat' dir='ltr'><strong>At</strong></span> <span class='ocrx_word' id='word_1_170' title='bbox 1356 1213 1427 1269; x_wconf 72' lang='lat' dir='ltr'><strong>qui</strong></span> <span class='ocrx_word' id='word_1_171' title='bbox 1446 1212 1601 1254; x_wconf 76' lang='lat' dir='ltr'><strong>salubri</strong></span> <span class='ocrx_word' id='word_1_172' title='bbox 1621 1219 1660 1254; x_wconf 82' lang='lat' dir='ltr'><strong>et</strong></span> 
     </span>
     <span class='ocr_line' id='line_1_20' title="bbox 231 1267 1658 1325; baseline 0.002 -19"><span class='ocrx_word' id='word_1_173' title='bbox 231 1267 433 1308; x_wconf 81' lang='lat' dir='ltr'><strong>moderato</strong></span> <span class='ocrx_word' id='word_1_174' title='bbox 456 1268 569 1309; x_wconf 81' lang='lat' dir='ltr'><strong>cultu</strong></span> <span class='ocrx_word' id='word_1_175' title='bbox 590 1276 713 1324; x_wconf 81' lang='lat' dir='ltr'><strong>atque</strong></span> <span class='ocrx_word' id='word_1_176' title='bbox 734 1270 841 1310; x_wconf 70' lang='lat' dir='ltr'><strong>victu</strong></span> <span class='ocrx_word' id='word_1_177' title='bbox 863 1270 990 1325; x_wconf 69' lang='lat' dir='ltr'><strong>quieti</strong></span> <span class='ocrx_word' id='word_1_178' title='bbox 1007 1285 1047 1311; x_wconf 77' lang='lat' dir='ltr'><strong>se</strong></span> <span class='ocrx_word' id='word_1_179' title='bbox 1065 1270 1295 1320; x_wconf 76' lang='lat' dir='ltr'><strong>tradiderit,</strong></span> <span class='ocrx_word' id='word_1_180' title='bbox 1313 1285 1358 1311; x_wconf 82' lang='lat' dir='ltr'><strong>ea</strong></span> <span class='ocrx_word' id='word_1_181' title='bbox 1375 1276 1496 1323; x_wconf 76' lang='lat' dir='ltr'><strong>parte</strong></span> <span class='ocrx_word' id='word_1_182' title='bbox 1516 1269 1658 1320; x_wconf 79' lang='lat' dir='ltr'><strong>animi,</strong></span> 
     </span>
     <span class='ocr_line' id='line_1_21' title="bbox 232 1324 1662 1383; baseline 0.002 -20"><span class='ocrx_word' id='word_1_183' title='bbox 232 1337 328 1378; x_wconf 68' lang='lat' dir='ltr'><strong>quae</strong></span> <span class='ocrx_word' id='word_1_184' title='bbox 348 1324 494 1365; x_wconf 79' lang='lat' dir='ltr'><strong>mentis</strong></span> <span class='ocrx_word' id='word_1_185' title='bbox 513 1334 550 1365; x_wconf 85' lang='lat' dir='ltr'><strong>et</strong></span> <span class='ocrx_word' id='word_1_186' title='bbox 575 1324 730 1366; x_wconf 75' lang='lat' dir='ltr'><strong>consilii</strong></span> <span class='ocrx_word' id='word_1_187' title='bbox 751 1334 822 1374; x_wconf 73' lang='lat' dir='ltr'><strong>est,</strong></span> <span class='ocrx_word' id='word_1_188' title='bbox 845 1326 1006 1383; x_wconf 72' lang='lat' dir='ltr'><strong>agitata</strong></span> <span class='ocrx_word' id='word_1_189' title='bbox 1027 1335 1065 1367; x_wconf 87' lang='lat' dir='ltr'><strong>et</strong></span> <span class='ocrx_word' id='word_1_190' title='bbox 1085 1336 1230 1377; x_wconf 80' lang='lat' dir='ltr'><strong>erecta,</strong></span> <span class='ocrx_word' id='word_1_191' title='bbox 1252 1333 1519 1382; x_wconf 74' lang='lat' dir='ltr'><strong>saturataque</strong></span> <span class='ocrx_word' id='word_1_192' title='bbox 1540 1325 1662 1366; x_wconf 79' lang='lat' dir='ltr'><strong>hona-</strong></span> 
     </span>
     <span class='ocr_line' id='line_1_22' title="bbox 230 1381 1661 1439; baseline 0.003 -21"><span class='ocrx_word' id='word_1_193' title='bbox 230 1393 322 1419; x_wconf 83' lang='lat' dir='ltr'><strong>rum</strong></span> <span class='ocrx_word' id='word_1_194' title='bbox 348 1381 641 1436; x_wconf 77' lang='lat' dir='ltr'><strong>cogitationum</strong></span> <span class='ocrx_word' id='word_1_195' title='bbox 671 1382 828 1437; x_wconf 71' lang='lat' dir='ltr'><strong>epulis.-</strong></span> <span class='ocrx_word' id='word_1_196' title='bbox 862 1398 988 1439; x_wconf 79' lang='lat' dir='ltr'><strong>eaque</strong></span> <span class='ocrx_word' id='word_1_197' title='bbox 1016 1391 1134 1437; x_wconf 84' lang='lat' dir='ltr'><strong>parte</strong></span> <span class='ocrx_word' id='word_1_198' title='bbox 1165 1383 1306 1432; x_wconf 70' lang='lat' dir='ltr'><strong>animi,</strong></span> <span class='ocrx_word' id='word_1_199' title='bbox 1329 1397 1423 1438; x_wconf 69' lang='lat' dir='ltr'><strong>quse</strong></span> <span class='ocrx_word' id='word_1_200' title='bbox 1454 1381 1661 1436; x_wconf 77' lang='lat' dir='ltr'><strong>voluptate</strong></span> 
     </span>
     <span class='ocr_line' id='line_1_23' title="bbox 230 1434 1661 1495; baseline 0.003 -20"><span class='ocrx_word' id='word_1_201' title='bbox 230 1434 374 1486; x_wconf 78' lang='lat' dir='ltr'><strong>alitur,</strong></span> <span class='ocrx_word' id='word_1_202' title='bbox 388 1452 458 1477; x_wconf 74' lang='lat' dir='ltr'><strong>nec</strong></span> <span class='ocrx_word' id='word_1_203' title='bbox 474 1438 610 1493; x_wconf 77' lang='lat' dir='ltr'><strong>inopia</strong></span> <span class='ocrx_word' id='word_1_204' title='bbox 629 1447 779 1489; x_wconf 77' lang='lat' dir='ltr'><strong>enecta,</strong></span> <span class='ocrx_word' id='word_1_205' title='bbox 794 1455 864 1480; x_wconf 74' lang='lat' dir='ltr'><strong>uec</strong></span> <span class='ocrx_word' id='word_1_206' title='bbox 879 1441 1068 1481; x_wconf 72' lang='lat' dir='ltr'><strong>satietate</strong></span> <span class='ocrx_word' id='word_1_207' title='bbox 1084 1439 1278 1495; x_wconf 78' lang='lat' dir='ltr'><strong>affluenti,</strong></span> <span class='ocrx_word' id='word_1_208' title='bbox 1300 1442 1485 1495; x_wconf 81' lang='lat' dir='ltr'><strong>(quorum</strong></span> <span class='ocrx_word' id='word_1_209' title='bbox 1502 1446 1661 1479; x_wconf 83' lang='lat' dir='ltr'><strong>utrum-</strong></span> 
     </span>
     <span class='ocr_line' id='line_1_24' title="bbox 231 1494 1660 1551; baseline 0.001 -19"><span class='ocrx_word' id='word_1_210' title='bbox 231 1505 308 1547; x_wconf 83' lang='lat' dir='ltr'><strong>que</strong></span> <span class='ocrx_word' id='word_1_211' title='bbox 320 1494 615 1551; x_wconf 65' lang='lat' dir='ltr'><strong>praestringere</strong></span> <span class='ocrx_word' id='word_1_212' title='bbox 636 1496 759 1536; x_wconf 78' lang='lat' dir='ltr'><strong>aciem</strong></span> <span class='ocrx_word' id='word_1_213' title='bbox 781 1496 927 1536; x_wconf 71' lang='lat' dir='ltr'><strong>mentis</strong></span> <span class='ocrx_word' id='word_1_214' title='bbox 946 1496 1059 1546; x_wconf 80' lang='lat' dir='ltr'><strong>solet,</strong></span> <span class='ocrx_word' id='word_1_215' title='bbox 1081 1497 1162 1538; x_wconf 71' lang='lat' dir='ltr'><strong>sive</strong></span> <span class='ocrx_word' id='word_1_216' title='bbox 1181 1496 1287 1537; x_wconf 74' lang='lat' dir='ltr'><strong>deest</strong></span> <span class='ocrx_word' id='word_1_217' title='bbox 1309 1503 1473 1537; x_wconf 70' lang='lat' dir='ltr'><strong>waturoe</strong></span> <span class='ocrx_word' id='word_1_218' title='bbox 1493 1494 1660 1550; x_wconf 82' lang='lat' dir='ltr'><strong>qui-ppi-</strong></span> 
     </span>
     <span class='ocr_line' id='line_1_25' title="bbox 229 1550 1657 1608; baseline 0.001 -19"><span class='ocrx_word' id='word_1_219' title='bbox 229 1562 311 1599; x_wconf 84' lang='lat' dir='ltr'><strong>am,</strong></span> <span class='ocrx_word' id='word_1_220' title='bbox 327 1550 409 1591; x_wconf 77' lang='lat' dir='ltr'><strong>sive</strong></span> <span class='ocrx_word' id='word_1_221' title='bbox 428 1551 608 1592; x_wconf 79' lang='lat' dir='ltr'><strong>abundat</strong></span> <span class='ocrx_word' id='word_1_222' title='bbox 628 1560 750 1608; x_wconf 83' lang='lat' dir='ltr'><strong>atque</strong></span> <span class='ocrx_word' id='word_1_223' title='bbox 771 1552 917 1606; x_wconf 72' lang='lat' dir='ltr'><strong>affluit)</strong></span> <span class='ocrx_word' id='word_1_224' title='bbox 939 1552 1014 1594; x_wconf 77' lang='lat' dir='ltr'><strong>illa</strong></span> <span class='ocrx_word' id='word_1_225' title='bbox 1037 1553 1156 1594; x_wconf 79' lang='lat' dir='ltr'><strong>etiam</strong></span> <span class='ocrx_word' id='word_1_226' title='bbox 1178 1552 1299 1593; x_wconf 77' lang='lat' dir='ltr'><strong>tertia</strong></span> <span class='ocrx_word' id='word_1_227' title='bbox 1317 1560 1436 1605; x_wconf 75' lang='lat' dir='ltr'><strong>parte</strong></span> <span class='ocrx_word' id='word_1_228' title='bbox 1452 1551 1594 1601; x_wconf 82' lang='lat' dir='ltr'><strong>animi,</strong></span> <span class='ocrx_word' id='word_1_229' title='bbox 1615 1550 1657 1592; x_wconf 80' lang='lat' dir='ltr'><strong>in</strong></span> 
     </span>
     <span class='ocr_line' id='line_1_26' title="bbox 228 1606 1655 1665; baseline 0.001 -19"><span class='ocrx_word' id='word_1_230' title='bbox 228 1619 311 1660; x_wconf 82' lang='lat' dir='ltr'><strong>qua</strong></span> <span class='ocrx_word' id='word_1_231' title='bbox 340 1606 494 1648; x_wconf 81' lang='lat' dir='ltr'><strong>irarum</strong></span> <span class='ocrx_word' id='word_1_232' title='bbox 523 1609 681 1649; x_wconf 62' lang='lat' dir='ltr'><strong>exsistit</strong></span> <span class='ocrx_word' id='word_1_233' title='bbox 713 1610 847 1660; x_wconf 83' lang='lat' dir='ltr'><strong>ardor,</strong></span> <span class='ocrx_word' id='word_1_234' title='bbox 868 1610 1022 1660; x_wconf 81' lang='lat' dir='ltr'><strong>sedata,</strong></span> <span class='ocrx_word' id='word_1_235' title='bbox 1044 1617 1169 1665; x_wconf 84' lang='lat' dir='ltr'><strong>atque</strong></span> <span class='ocrx_word' id='word_1_236' title='bbox 1197 1608 1389 1649; x_wconf 79' lang='lat' dir='ltr'><strong>restincta</strong></span> <span class='ocrx_word' id='word_1_237' title='bbox 1407 1625 1420 1648; x_wconf 90' lang='lat'><strong>.·</strong></span> <span class='ocrx_word' id='word_1_238' title='bbox 1452 1614 1537 1647; x_wconf 87' lang='lat' dir='ltr'><strong>tum</strong></span> <span class='ocrx_word' id='word_1_239' title='bbox 1568 1622 1655 1647; x_wconf 75' lang='lat' dir='ltr'><strong>eve-</strong></span> 
     </span>
     <span class='ocr_line' id='line_1_27' title="bbox 226 1661 1656 1719; baseline 0.002 -18"><span class='ocrx_word' id='word_1_240' title='bbox 226 1661 326 1713; x_wconf 77' lang='lat' dir='ltr'><strong>niet,</strong></span> <span class='ocrx_word' id='word_1_241' title='bbox 343 1663 496 1704; x_wconf 74' lang='lat' dir='ltr'><strong>duabus</strong></span> <span class='ocrx_word' id='word_1_242' title='bbox 515 1664 643 1705; x_wconf 76' lang='lat' dir='ltr'><strong>animi</strong></span> <span class='ocrx_word' id='word_1_243' title='bbox 664 1665 888 1706; x_wconf 75' lang='lat' dir='ltr'><strong>temerariis</strong></span> <span class='ocrx_word' id='word_1_244' title='bbox 906 1666 1091 1719; x_wconf 71' lang='lat' dir='ltr'><strong>partibus</strong></span> <span class='ocrx_word' id='word_1_245' title='bbox 1107 1664 1350 1718; x_wconf 63' lang='lat' dir='ltr'><strong>compressis,</strong></span> <span class='ocrx_word' id='word_1_246' title='bbox 1370 1671 1411 1703; x_wconf 86' lang='lat' dir='ltr'><strong>ul</strong></span> <span class='ocrx_word' id='word_1_247' title='bbox 1435 1662 1509 1704; x_wconf 80' lang='lat' dir='ltr'><strong>itta</strong></span> <span class='ocrx_word' id='word_1_248' title='bbox 1533 1662 1656 1704; x_wconf 81' lang='lat' dir='ltr'><strong>tertia</strong></span> 
     </span>
     <span class='ocr_line' id='line_1_28' title="bbox 220 1719 1653 1771; baseline 0 -13"><span class='ocrx_word' id='word_1_249' title='bbox 220 1726 322 1771; x_wconf 80' lang='lat' dir='ltr'><strong>pars</strong></span> <span class='ocrx_word' id='word_1_250' title='bbox 341 1720 512 1761; x_wconf 78' lang='lat' dir='ltr'><strong>rationis</strong></span> <span class='ocrx_word' id='word_1_251' title='bbox 533 1727 571 1761; x_wconf 87' lang='lat' dir='ltr'><strong>et</strong></span> <span class='ocrx_word' id='word_1_252' title='bbox 591 1722 735 1761; x_wconf 74' lang='lat' dir='ltr'><strong>mentis</strong></span> <span class='ocrx_word' id='word_1_253' title='bbox 757 1721 925 1771; x_wconf 80' lang='lat' dir='ltr'><strong>eluceat,</strong></span> <span class='ocrx_word' id='word_1_254' title='bbox 948 1730 985 1762; x_wconf 86' lang='lat' dir='ltr'><strong>et</strong></span> <span class='ocrx_word' id='word_1_255' title='bbox 1014 1737 1054 1762; x_wconf 76' lang='lat' dir='ltr'><strong>se</strong></span> <span class='ocrx_word' id='word_1_256' title='bbox 1081 1728 1259 1770; x_wconf 61' lang='lat' dir='ltr'><strong>vegetam</strong></span> <span class='ocrx_word' id='word_1_257' title='bbox 1284 1720 1337 1760; x_wconf 81' lang='lat' dir='ltr'><strong>ad</strong></span> <span class='ocrx_word' id='word_1_258' title='bbox 1356 1719 1653 1769; x_wconf 71' lang='lat' dir='ltr'><strong>somniandum,</strong></span> 
     </span>
     <span class='ocr_line' id='line_1_29' title="bbox 225 1767 1654 1833; baseline 0.001 -19"><span class='ocrx_word' id='word_1_259' title='bbox 225 1788 438 1832; x_wconf 77' lang='lat' dir='ltr'><strong>acremque</strong></span> <span class='ocrx_word' id='word_1_260' title='bbox 462 1777 644 1831; x_wconf 64' lang='lat' dir='ltr'><strong>praebeat</strong></span> <span class='ocrx_word' id='word_1_261' title='bbox 662 1796 674 1818; x_wconf 89' lang='lat'><em>:</em></span> <span class='ocrx_word' id='word_1_262' title='bbox 707 1785 794 1818; x_wconf 82' lang='lat' dir='ltr'><strong>tum</strong></span> <span class='ocrx_word' id='word_1_263' title='bbox 823 1778 859 1817; x_wconf 74' lang='lat' dir='ltr'><strong>ei</strong></span> <span class='ocrx_word' id='word_1_264' title='bbox 892 1778 975 1818; x_wconf 61' lang='lat' dir='ltr'><strong>vica</strong></span> <span class='ocrx_word' id='word_1_265' title='bbox 1007 1767 1153 1833; x_wconf 56' lang='lat' dir='ltr'><strong>quietis</strong></span> <span class='ocrx_word' id='word_1_266' title='bbox 1184 1782 1390 1816; x_wconf 71' lang='lat' dir='ltr'><strong>occurrent</strong></span> <span class='ocrx_word' id='word_1_267' title='bbox 1423 1773 1654 1830; x_wconf 81' lang='lat' dir='ltr'><strong>tranquilla</strong></span> 
     </span>
     <span class='ocr_line' id='line_1_30' title="bbox 141 1831 1652 1890; baseline -0.003 -15"><span class='ocrx_word' id='word_1_268' title='bbox 141 1834 213 1881; x_wconf 81' lang='grc'><strong>30</strong></span> <span class='ocrx_word' id='word_1_269' title='bbox 226 1841 349 1890; x_wconf 81' lang='lat' dir='ltr'><strong>atque</strong></span> <span class='ocrx_word' id='word_1_270' title='bbox 376 1832 546 1875; x_wconf 81' lang='lat' dir='ltr'><strong>veracia.</strong></span> <span class='ocrx_word' id='word_1_271' title='bbox 611 1836 715 1875; x_wconf 85' lang='lat' dir='ltr'><strong>Haec</strong></span> <span class='ocrx_word' id='word_1_272' title='bbox 751 1835 874 1875; x_wconf 82' lang='lat' dir='ltr'><strong>verba</strong></span> <span class='ocrx_word' id='word_1_273' title='bbox 907 1835 996 1889; x_wconf 81' lang='lat' dir='ltr'><strong>ipsa</strong></span> <span class='ocrx_word' id='word_1_274' title='bbox 1027 1833 1210 1876; x_wconf 75' lang='lat' dir='ltr'><strong>Platonis</strong></span> <span class='ocrx_word' id='word_1_275' title='bbox 1239 1832 1437 1886; x_wconf 76' lang='lat' dir='ltr'><strong>expressi.</strong></span> <span class='ocrx_word' id='word_1_276' title='bbox 1496 1831 1652 1886; x_wconf 88' lang='lat' dir='ltr'><strong>Epicu-</strong></span> 
     </span>
     <span class='ocr_line' id='line_1_31' title="bbox 164 1887 1652 1946; baseline -0.003 -15"><span class='ocrx_word' id='word_1_277' title='bbox 164 1903 214 1940; x_wconf 81' lang='lat'><strong>62</strong></span> <span class='ocrx_word' id='word_1_278' title='bbox 226 1905 319 1931; x_wconf 89' lang='lat' dir='ltr'><strong>rum</strong></span> <span class='ocrx_word' id='word_1_279' title='bbox 348 1891 478 1946; x_wconf 83' lang='lat' dir='ltr'><strong>igitur</strong></span> <span class='ocrx_word' id='word_1_280' title='bbox 511 1891 728 1931; x_wconf 82' lang='lat' dir='ltr'><strong>audiemus</strong></span> <span class='ocrx_word' id='word_1_281' title='bbox 761 1890 932 1944; x_wconf 89' lang='lat' dir='ltr'><strong>potius?</strong></span> <span class='ocrx_word' id='word_1_282' title='bbox 967 1905 1146 1944; x_wconf 78' lang='lat' dir='ltr'><strong>namque</strong></span> <span class='ocrx_word' id='word_1_283' title='bbox 1177 1887 1413 1929; x_wconf 78' lang='lat' dir='ltr'><strong>Carneades</strong></span> <span class='ocrx_word' id='word_1_284' title='bbox 1435 1896 1652 1928; x_wconf 85' lang='lat' dir='ltr'><strong>concerta-</strong></span> 
     </span>
     <span class='ocr_line' id='line_1_32' title="bbox 226 1943 1649 1999; baseline -0.003 -12"><span class='ocrx_word' id='word_1_285' title='bbox 226 1947 352 1988; x_wconf 86' lang='lat' dir='ltr'><strong>tionis</strong></span> <span class='ocrx_word' id='word_1_286' title='bbox 373 1947 527 1997; x_wconf 76' lang='lat' dir='ltr'><strong>studio,</strong></span> <span class='ocrx_word' id='word_1_287' title='bbox 549 1947 678 1988; x_wconf 85' lang='lat' dir='ltr'><strong>modo</strong></span> <span class='ocrx_word' id='word_1_288' title='bbox 698 1946 756 1987; x_wconf 83' lang='lat' dir='ltr'><strong>ait</strong></span> <span class='ocrx_word' id='word_1_289' title='bbox 777 1946 872 1996; x_wconf 86' lang='lat' dir='ltr'><strong>hoc,</strong></span> <span class='ocrx_word' id='word_1_290' title='bbox 895 1946 1024 1987; x_wconf 88' lang='lat' dir='ltr'><strong>modo</strong></span> <span class='ocrx_word' id='word_1_291' title='bbox 1044 1945 1163 1986; x_wconf 80' lang='lat' dir='ltr'><strong>illud.</strong></span> <span class='ocrx_word' id='word_1_292' title='bbox 1210 1946 1270 1985; x_wconf 86' lang='lat' dir='ltr'><strong>At</strong></span> <span class='ocrx_word' id='word_1_293' title='bbox 1290 1944 1359 1985; x_wconf 92' lang='lat' dir='ltr'><strong>ille</strong></span> <span class='ocrx_word' id='word_1_294' title='bbox 1378 1943 1478 1999; x_wconf 90' lang='lat' dir='ltr'><strong>quid</strong></span> <span class='ocrx_word' id='word_1_295' title='bbox 1499 1943 1649 1984; x_wconf 86' lang='lat' dir='ltr'><strong>sentit?</strong></span> 
     </span>
     <span class='ocr_line' id='line_1_33' title="bbox 224 2001 1652 2058; baseline -0.002 -15"><span class='ocrx_word' id='word_1_296' title='bbox 224 2003 351 2044; x_wconf 88' lang='lat' dir='ltr'><strong>sentit</strong></span> <span class='ocrx_word' id='word_1_297' title='bbox 380 2014 519 2045; x_wconf 82' lang='lat' dir='ltr'><strong>autem</strong></span> <span class='ocrx_word' id='word_1_298' title='bbox 552 2003 654 2044; x_wconf 90' lang='lat' dir='ltr'><strong>nihil</strong></span> <span class='ocrx_word' id='word_1_299' title='bbox 682 2018 883 2058; x_wconf 83' lang='lat' dir='ltr'><strong>umquam</strong></span> <span class='ocrx_word' id='word_1_300' title='bbox 914 2003 1098 2057; x_wconf 81' lang='lat' dir='ltr'><strong>elegans,</strong></span> <span class='ocrx_word' id='word_1_301' title='bbox 1119 2001 1222 2042; x_wconf 85' lang='lat' dir='ltr'><strong>nihil</strong></span> <span class='ocrx_word' id='word_1_302' title='bbox 1248 2001 1463 2042; x_wconf 83' lang='lat' dir='ltr'><strong>decorum.</strong></span> <span class='ocrx_word' id='word_1_303' title='bbox 1524 2001 1652 2041; x_wconf 84' lang='lat' dir='ltr'><strong>Hunc</strong></span> 
     </span>
     <span class='ocr_line' id='line_1_34' title="bbox 223 2056 1651 2116; baseline -0.003 -16"><span class='ocrx_word' id='word_1_304' title='bbox 223 2074 328 2116; x_wconf 84' lang='lat' dir='ltr'><strong>ergo</strong></span> <span class='ocrx_word' id='word_1_305' title='bbox 348 2069 576 2115; x_wconf 81' lang='lat' dir='ltr'><strong>antepones</strong></span> <span class='ocrx_word' id='word_1_306' title='bbox 601 2060 775 2109; x_wconf 83' lang='lat' dir='ltr'><strong>Platoni,</strong></span> <span class='ocrx_word' id='word_1_307' title='bbox 792 2069 833 2099; x_wconf 86' lang='lat' dir='ltr'><strong>et</strong></span> <span class='ocrx_word' id='word_1_308' title='bbox 852 2059 1012 2099; x_wconf 80' lang='lat' dir='ltr'><strong>Socrati</strong></span> <span class='ocrx_word' id='word_1_309' title='bbox 1029 2060 1042 2099; x_wconf 67' lang='grc' dir='ltr'>Ρ</span> <span class='ocrx_word' id='word_1_310' title='bbox 1067 2059 1138 2114; x_wconf 87' lang='lat' dir='ltr'><strong>qui</strong></span> <span class='ocrx_word' id='word_1_311' title='bbox 1159 2068 1207 2099; x_wconf 90' lang='lat' dir='ltr'><strong>ut</strong></span> <span class='ocrx_word' id='word_1_312' title='bbox 1227 2057 1429 2098; x_wconf 81' lang='lat' dir='ltr'><strong>rationem</strong></span> <span class='ocrx_word' id='word_1_313' title='bbox 1452 2071 1534 2097; x_wconf 91' lang='lat' dir='ltr'><strong>non</strong></span> <span class='ocrx_word' id='word_1_314' title='bbox 1555 2056 1651 2097; x_wconf 90' lang='lat' dir='ltr'><strong>red-</strong></span> 
     </span>
     <span class='ocr_line' id='line_1_35' title="bbox 223 2113 1650 2169; baseline -0.003 -12"><span class='ocrx_word' id='word_1_315' title='bbox 223 2116 383 2166; x_wconf 87' lang='lat' dir='ltr'><strong>derent,</strong></span> <span class='ocrx_word' id='word_1_316' title='bbox 401 2116 651 2157; x_wconf 82' lang='lat' dir='ltr'><strong>auctoritate</strong></span> <span class='ocrx_word' id='word_1_317' title='bbox 667 2125 807 2156; x_wconf 79' lang='lat' dir='ltr'><strong>tamen</strong></span> <span class='ocrx_word' id='word_1_318' title='bbox 827 2117 904 2156; x_wconf 89' lang='lat' dir='ltr'><strong>hos</strong></span> <span class='ocrx_word' id='word_1_319' title='bbox 924 2116 1108 2156; x_wconf 82' lang='lat' dir='ltr'><strong>minutos</strong></span> <span class='ocrx_word' id='word_1_320' title='bbox 1129 2113 1404 2169; x_wconf 86' lang='lat' dir='ltr'><strong>philosophos</strong></span> <span class='ocrx_word' id='word_1_321' title='bbox 1425 2113 1650 2154; x_wconf 86' lang='lat' dir='ltr'><strong>vincerent.</strong></span> 
     </span>
     <span class='ocr_line' id='line_1_36' title="bbox 222 2169 1646 2228; baseline -0.003 -15"><span class='ocrx_word' id='word_1_322' title='bbox 222 2172 249 2213; x_wconf 89' lang='lat' dir='ltr'><strong>J</strong></span> <span class='ocrx_word' id='word_1_323' title='bbox 253 2173 352 2213; x_wconf 89' lang='lat' dir='ltr'><strong>ubet</strong></span> <span class='ocrx_word' id='word_1_324' title='bbox 372 2173 503 2228; x_wconf 82' lang='lat' dir='ltr'><strong>igitur</strong></span> <span class='ocrx_word' id='word_1_325' title='bbox 524 2173 656 2223; x_wconf 80' lang='lat' dir='ltr'><strong>Plato,</strong></span> <span class='ocrx_word' id='word_1_326' title='bbox 678 2173 736 2212; x_wconf 86' lang='lat' dir='ltr'><strong>sic</strong></span> <span class='ocrx_word' id='word_1_327' title='bbox 756 2172 807 2212; x_wconf 82' lang='lat' dir='ltr'><strong>ad</strong></span> <span class='ocrx_word' id='word_1_328' title='bbox 830 2186 1024 2212; x_wconf 84' lang='lat' dir='ltr'><strong>somnum</strong></span> <span class='ocrx_word' id='word_1_329' title='bbox 1053 2171 1258 2226; x_wconf 85' lang='lat' dir='ltr'><strong>proficisci</strong></span> <span class='ocrx_word' id='word_1_330' title='bbox 1279 2170 1525 2225; x_wconf 88' lang='lat' dir='ltr'><strong>corporibus</strong></span> <span class='ocrx_word' id='word_1_331' title='bbox 1547 2169 1646 2210; x_wconf 85' lang='lat' dir='ltr'><strong>affe-</strong></span> 
     </span>
     <span class='ocr_line' id='line_1_37' title="bbox 223 2226 1647 2284; baseline -0.002 -15"><span class='ocrx_word' id='word_1_332' title='bbox 223 2229 316 2280; x_wconf 90' lang='lat' dir='ltr'><strong>ctis,</strong></span> <span class='ocrx_word' id='word_1_333' title='bbox 348 2239 396 2271; x_wconf 91' lang='lat' dir='ltr'><strong>ut</strong></span> <span class='ocrx_word' id='word_1_334' title='bbox 425 2229 529 2270; x_wconf 92' lang='lat' dir='ltr'><strong>nihil</strong></span> <span class='ocrx_word' id='word_1_335' title='bbox 555 2229 622 2279; x_wconf 88' lang='lat' dir='ltr'><strong>sit,</strong></span> <span class='ocrx_word' id='word_1_336' title='bbox 653 2228 768 2284; x_wconf 90' lang='lat' dir='ltr'><strong>quod</strong></span> <span class='ocrx_word' id='word_1_337' title='bbox 796 2242 980 2269; x_wconf 88' lang='lat' dir='ltr'><strong>errorem</strong></span> <span class='ocrx_word' id='word_1_338' title='bbox 1013 2227 1177 2278; x_wconf 83' lang='lat' dir='ltr'><strong>animis,</strong></span> <span class='ocrx_word' id='word_1_339' title='bbox 1206 2226 1647 2283; x_wconf 81' lang='lat' dir='ltr'><strong>perturbationemque</strong></span> 
     </span>
    </p>
   </div>
   <div class='ocr_carea' id='block_1_3' title="bbox 959 2353 1646 2386">
    <p class='ocr_par' dir='ltr' id='par_1_3' title="bbox 959 2353 1646 2386">
     <span class='ocr_line' id='line_1_38' title="bbox 959 2353 1646 2386; baseline -0.006 -1"><span class='ocrx_word' id='word_1_340' title='bbox 959 2355 1119 2386; x_wconf 86' lang='lat' dir='ltr'><strong>desiderat.</strong></span> <span class='ocrx_word' id='word_1_341' title='bbox 1165 2355 1194 2384; x_wconf 85' lang='lat' dir='ltr'><strong>Is</strong></span> <span class='ocrx_word' id='word_1_342' title='bbox 1218 2361 1324 2384; x_wconf 85' lang='lat' dir='ltr'><strong>autem</strong></span> <span class='ocrx_word' id='word_1_343' title='bbox 1345 2360 1390 2384; x_wconf 87' lang='lat' dir='ltr'><strong>est</strong></span> <span class='ocrx_word' id='word_1_344' title='bbox 1412 2364 1429 2383; x_wconf 89' lang='lat' dir='ltr'><strong>e</strong></span> <span class='ocrx_word' id='word_1_345' title='bbox 1449 2353 1582 2384; x_wconf 87' lang='lat' dir='ltr'><strong>lectione</strong></span> <span class='ocrx_word' id='word_1_346' title='bbox 1599 2353 1646 2382; x_wconf 85' lang='lat' dir='ltr'><strong>ob-</strong></span> 
     </span>
    </p>
   </div>
   <div class='ocr_carea' id='block_1_4' title="bbox 268 2354 1645 2437">
    <p class='ocr_par' dir='ltr' id='par_1_4' title="bbox 268 2354 1645 2437">
     <span class='ocr_line' id='line_1_39' title="bbox 268 2354 887 2394; baseline -0.005 -6"><span class='ocrx_word' id='word_1_347' title='bbox 268 2363 306 2388; x_wconf 69' lang='lat'><strong>93</strong></span> <span class='ocrx_word' id='word_1_348' title='bbox 324 2356 455 2386; x_wconf 72' lang='lat' dir='ltr'><strong>Platonis</strong></span> <span class='ocrx_word' id='word_1_349' title='bbox 473 2354 593 2394; x_wconf 77' lang='lat' dir='ltr'><strong>Politia]</strong></span> <span class='ocrx_word' id='word_1_350' title='bbox 614 2357 648 2386; x_wconf 92' lang='lat' dir='ltr'><strong>L.</strong></span> <span class='ocrx_word' id='word_1_351' title='bbox 665 2356 722 2386; x_wconf 85' lang='lat' dir='ltr'><strong>IX.</strong></span> <span class='ocrx_word' id='word_1_352' title='bbox 739 2356 770 2385; x_wconf 87' lang='lat' dir='ltr'><strong>in</strong></span> <span class='ocrx_word' id='word_1_353' title='bbox 788 2356 887 2394; x_wconf 86' lang='lat' dir='ltr'><strong>princ.</strong></span> 
     </span>
     <span class='ocr_line' id='line_1_40' title="bbox 959 2396 1645 2437; baseline -0.001 -11"><span class='ocrx_word' id='word_1_354' title='bbox 959 2397 1132 2437; x_wconf 71' lang='lat' dir='ltr'><strong>stupefizcta,</strong></span> <span class='ocrx_word' id='word_1_355' title='bbox 1160 2408 1225 2427; x_wconf 86' lang='lat' dir='ltr'><strong>non</strong></span> <span class='ocrx_word' id='word_1_356' title='bbox 1251 2407 1267 2427; x_wconf 88' lang='lat' dir='ltr'><strong>e</strong></span> <span class='ocrx_word' id='word_1_357' title='bbox 1295 2397 1461 2436; x_wconf 74' lang='lat' dir='ltr'><strong>lttmefactn.</strong></span> <span class='ocrx_word' id='word_1_358' title='bbox 1507 2396 1645 2425; x_wconf 82' lang='lat' dir='ltr'><strong>Fortasse</strong></span> 
     </span>
    </p>
   </div>
   <div class='ocr_carea' id='block_1_5' title="bbox 268 2397 916 2438">
    <p class='ocr_par' dir='ltr' id='par_1_5' title="bbox 268 2397 916 2438">
     <span class='ocr_line' id='line_1_41' title="bbox 268 2397 916 2438; baseline -0.002 -9"><span class='ocrx_word' id='word_1_359' title='bbox 268 2406 306 2431; x_wconf 82' lang='lat'><strong>94</strong></span> <span class='ocrx_word' id='word_1_360' title='bbox 331 2399 512 2428; x_wconf 78' lang='lat' dir='ltr'><strong>immoderato</strong></span> <span class='ocrx_word' id='word_1_361' title='bbox 534 2399 728 2437; x_wconf 75' lang='lat' dir='ltr'><strong>obstupefacta</strong></span> <span class='ocrx_word' id='word_1_362' title='bbox 746 2397 833 2438; x_wconf 78' lang='lat' dir='ltr'><strong>polu]</strong></span> <span class='ocrx_word' id='word_1_363' title='bbox 851 2399 916 2428; x_wconf 83' lang='lat' dir='ltr'><strong>Da-</strong></span> 
     </span>
    </p>
   </div>
   <div class='ocr_carea' id='block_1_6' title="bbox 212 2441 916 2906">
    <p class='ocr_par' dir='ltr' id='par_1_6' title="bbox 212 2441 916 2906">
     <span class='ocr_line' id='line_1_42' title="bbox 223 2441 916 2471; baseline -0.003 0"><span class='ocrx_word' id='word_1_364' title='bbox 223 2442 321 2471; x_wconf 78' lang='lat' dir='ltr'><strong>visius</strong></span> <span class='ocrx_word' id='word_1_365' title='bbox 349 2452 364 2471; x_wconf 90' lang='lat' dir='ltr'><strong>e</strong></span> <span class='ocrx_word' id='word_1_366' title='bbox 392 2442 457 2471; x_wconf 87' lang='lat' dir='ltr'><strong>Ms.</strong></span> <span class='ocrx_word' id='word_1_367' title='bbox 481 2452 546 2471; x_wconf 85' lang='lat' dir='ltr'><strong>uno</strong></span> <span class='ocrx_word' id='word_1_368' title='bbox 570 2442 685 2471; x_wconf 84' lang='lat' dir='ltr'><strong>Eliensi</strong></span> <span class='ocrx_word' id='word_1_369' title='bbox 709 2441 803 2471; x_wconf 85' lang='lat' dir='ltr'><strong>edidit</strong></span> <span class='ocrx_word' id='word_1_370' title='bbox 826 2448 916 2470; x_wconf 82' lang='lat' dir='ltr'><strong>tume-</strong></span> 
     </span>
     <span class='ocr_line' id='line_1_43' title="bbox 212 2484 916 2523; baseline 0.003 -12"><span class='ocrx_word' id='word_1_371' title='bbox 212 2484 316 2523; x_wconf 77' lang='lat' dir='ltr'><strong>facta,</strong></span> <span class='ocrx_word' id='word_1_372' title='bbox 333 2485 418 2523; x_wconf 87' lang='lat' dir='ltr'><strong>quod</strong></span> <span class='ocrx_word' id='word_1_373' title='bbox 442 2484 494 2514; x_wconf 88' lang='lat' dir='ltr'><strong>ille</strong></span> <span class='ocrx_word' id='word_1_374' title='bbox 516 2485 619 2523; x_wconf 85' lang='lat' dir='ltr'><strong>aptius</strong></span> <span class='ocrx_word' id='word_1_375' title='bbox 639 2484 841 2523; x_wconf 82' lang='lat' dir='ltr'><strong>sequentibus</strong></span> <span class='ocrx_word' id='word_1_376' title='bbox 858 2494 916 2522; x_wconf 85' lang='lat' dir='ltr'><strong>pu-</strong></span> 
     </span>
     <span class='ocr_line' id='line_1_44' title="bbox 223 2526 913 2565; baseline 0 -10"><span class='ocrx_word' id='word_1_377' title='bbox 223 2533 276 2556; x_wconf 86' lang='lat' dir='ltr'><strong>tat.</strong></span> <span class='ocrx_word' id='word_1_378' title='bbox 294 2533 325 2555; x_wconf 85' lang='lat' dir='ltr'><strong>at</strong></span> <span class='ocrx_word' id='word_1_379' title='bbox 339 2526 506 2565; x_wconf 80' lang='lat' dir='ltr'><strong>vulgatum</strong></span> <span class='ocrx_word' id='word_1_380' title='bbox 523 2527 636 2556; x_wconf 84' lang='lat' dir='ltr'><strong>melius</strong></span> <span class='ocrx_word' id='word_1_381' title='bbox 651 2533 707 2556; x_wconf 82' lang='lat' dir='ltr'><strong>est.</strong></span> <span class='ocrx_word' id='word_1_382' title='bbox 735 2526 822 2556; x_wconf 86' lang='lat' dir='ltr'><strong>Sicut</strong></span> <span class='ocrx_word' id='word_1_383' title='bbox 838 2527 913 2556; x_wconf 87' lang='lat' dir='ltr'><strong>ebrii</strong></span> 
     </span>
     <span class='ocr_line' id='line_1_45' title="bbox 222 2569 913 2608; baseline 0 -10"><span class='ocrx_word' id='word_1_384' title='bbox 222 2569 451 2607; x_wconf 81' lang='lat' dir='ltr'><strong>obstupefiunt,</strong></span> <span class='ocrx_word' id='word_1_385' title='bbox 469 2576 504 2598; x_wconf 90' lang='lat' dir='ltr'><strong>ut</strong></span> <span class='ocrx_word' id='word_1_386' title='bbox 518 2570 593 2608; x_wconf 88' lang='lat' dir='ltr'><strong>quid</strong></span> <span class='ocrx_word' id='word_1_387' title='bbox 611 2578 744 2604; x_wconf 80' lang='lat' dir='ltr'><strong>rectum,</strong></span> <span class='ocrx_word' id='word_1_388' title='bbox 762 2570 913 2598; x_wconf 88' lang='lat' dir='ltr'><strong>decorum</strong></span> 
     </span>
     <span class='ocr_line' id='line_1_46' title="bbox 224 2612 913 2650; baseline -0.003 -9"><span class='ocrx_word' id='word_1_389' title='bbox 224 2612 271 2647; x_wconf 86' lang='lat' dir='ltr'><strong>fit,</strong></span> <span class='ocrx_word' id='word_1_390' title='bbox 292 2612 368 2650; x_wconf 87' lang='lat' dir='ltr'><strong>quid</strong></span> <span class='ocrx_word' id='word_1_391' title='bbox 395 2618 500 2649; x_wconf 73' lang='lat' dir='ltr'><strong>agant,</strong></span> <span class='ocrx_word' id='word_1_392' title='bbox 524 2621 588 2640; x_wconf 89' lang='lat' dir='ltr'><strong>non</strong></span> <span class='ocrx_word' id='word_1_393' title='bbox 611 2613 759 2646; x_wconf 82' lang='lat' dir='ltr'><strong>sentiant,</strong></span> <span class='ocrx_word' id='word_1_394' title='bbox 782 2612 913 2648; x_wconf 84' lang='lat' dir='ltr'><strong>ideoque</strong></span> 
     </span>
     <span class='ocr_line' id='line_1_47' title="bbox 222 2653 912 2692; baseline -0.001 -9"><span class='ocrx_word' id='word_1_395' title='bbox 222 2653 382 2683; x_wconf 82' lang='lat' dir='ltr'><strong>exsultant</strong></span> <span class='ocrx_word' id='word_1_396' title='bbox 398 2661 427 2683; x_wconf 86' lang='lat' dir='ltr'><strong>et</strong></span> <span class='ocrx_word' id='word_1_397' title='bbox 442 2663 534 2692; x_wconf 78' lang='lat' dir='ltr'><strong>prava</strong></span> <span class='ocrx_word' id='word_1_398' title='bbox 549 2654 686 2682; x_wconf 79' lang='lat' dir='ltr'><strong>facinora</strong></span> <span class='ocrx_word' id='word_1_399' title='bbox 702 2660 842 2692; x_wconf 83' lang='lat' dir='ltr'><strong>patrant:</strong></span> <span class='ocrx_word' id='word_1_400' title='bbox 867 2654 912 2682; x_wconf 89' lang='lat' dir='ltr'><strong>sic</strong></span> 
     </span>
     <span class='ocr_line' id='line_1_48' title="bbox 222 2696 912 2734; baseline -0.001 -9"><span class='ocrx_word' id='word_1_401' title='bbox 222 2697 316 2726; x_wconf 84' lang='lat' dir='ltr'><strong>etiarn</strong></span> <span class='ocrx_word' id='word_1_402' title='bbox 333 2697 460 2726; x_wconf 84' lang='lat' dir='ltr'><strong>animus</strong></span> <span class='ocrx_word' id='word_1_403' title='bbox 482 2704 586 2734; x_wconf 87' lang='lat' dir='ltr'><strong>stupet</strong></span> <span class='ocrx_word' id='word_1_404' title='bbox 601 2706 616 2725; x_wconf 85' lang='lat' dir='ltr'><strong>e</strong></span> <span class='ocrx_word' id='word_1_405' title='bbox 632 2702 706 2734; x_wconf 85' lang='lat' dir='ltr'><strong>potu</strong></span> <span class='ocrx_word' id='word_1_406' title='bbox 724 2696 912 2725; x_wconf 84' lang='lat' dir='ltr'><strong>immodera-</strong></span> 
     </span>
     <span class='ocr_line' id='line_1_49' title="bbox 223 2738 911 2775; baseline -0.001 -7"><span class='ocrx_word' id='word_1_407' title='bbox 223 2746 267 2775; x_wconf 75' lang='lat' dir='ltr'><strong>to,</strong></span> <span class='ocrx_word' id='word_1_408' title='bbox 284 2746 318 2768; x_wconf 86' lang='lat' dir='ltr'><strong>ut</strong></span> <span class='ocrx_word' id='word_1_409' title='bbox 342 2738 420 2768; x_wconf 86' lang='lat' dir='ltr'><strong>nihil</strong></span> <span class='ocrx_word' id='word_1_410' title='bbox 446 2739 476 2768; x_wconf 89' lang='lat' dir='ltr'><strong>in</strong></span> <span class='ocrx_word' id='word_1_411' title='bbox 499 2739 619 2768; x_wconf 80' lang='lat' dir='ltr'><strong>somnis</strong></span> <span class='ocrx_word' id='word_1_412' title='bbox 644 2738 743 2767; x_wconf 87' lang='lat' dir='ltr'><strong>videat</strong></span> <span class='ocrx_word' id='word_1_413' title='bbox 765 2744 819 2767; x_wconf 85' lang='lat' dir='ltr'><strong>aut</strong></span> <span class='ocrx_word' id='word_1_414' title='bbox 841 2748 911 2767; x_wconf 81' lang='lat' dir='ltr'><strong>sen-</strong></span> 
     </span>
     <span class='ocr_line' id='line_1_50' title="bbox 222 2781 909 2819; baseline 0 -9"><span class='ocrx_word' id='word_1_415' title='bbox 222 2783 288 2817; x_wconf 85' lang='lat' dir='ltr'><strong>tiat,</strong></span> <span class='ocrx_word' id='word_1_416' title='bbox 306 2782 390 2819; x_wconf 86' lang='lat' dir='ltr'><strong>quod</strong></span> <span class='ocrx_word' id='word_1_417' title='bbox 415 2788 536 2812; x_wconf 80' lang='lat' dir='ltr'><strong>rectum</strong></span> <span class='ocrx_word' id='word_1_418' title='bbox 559 2781 610 2817; x_wconf 80' lang='lat' dir='ltr'><strong>sit,</strong></span> <span class='ocrx_word' id='word_1_419' title='bbox 625 2782 692 2816; x_wconf 85' lang='lat' dir='ltr'><strong>sed,</strong></span> <span class='ocrx_word' id='word_1_420' title='bbox 708 2781 781 2810; x_wconf 77' lang='lat' dir='ltr'><strong>ebrii</strong></span> <span class='ocrx_word' id='word_1_421' title='bbox 802 2782 909 2816; x_wconf 86' lang='lat' dir='ltr'><strong>modo,</strong></span> 
     </span>
     <span class='ocr_line' id='line_1_51' title="bbox 222 2824 909 2857; baseline 0 -4"><span class='ocrx_word' id='word_1_422' title='bbox 222 2825 287 2853; x_wconf 80' lang='lat' dir='ltr'><strong>visa</strong></span> <span class='ocrx_word' id='word_1_423' title='bbox 303 2825 434 2854; x_wconf 77' lang='lat' dir='ltr'><strong>absurda</strong></span> <span class='ocrx_word' id='word_1_424' title='bbox 450 2831 480 2853; x_wconf 87' lang='lat' dir='ltr'><strong>et</strong></span> <span class='ocrx_word' id='word_1_425' title='bbox 495 2824 700 2857; x_wconf 86' lang='lat' dir='ltr'><strong>immoderata</strong></span> <span class='ocrx_word' id='word_1_426' title='bbox 716 2824 839 2853; x_wconf 80' lang='lat' dir='ltr'><strong>habeat.</strong></span> <span class='ocrx_word' id='word_1_427' title='bbox 857 2825 909 2853; x_wconf 85' lang='lat' dir='ltr'><strong>hic</strong></span> 
     </span>
     <span class='ocr_line' id='line_1_52' title="bbox 221 2867 910 2906; baseline 0.003 -10"><span class='ocrx_word' id='word_1_428' title='bbox 221 2873 267 2897; x_wconf 80' lang='lat' dir='ltr'><strong>est</strong></span> <span class='ocrx_word' id='word_1_429' title='bbox 289 2876 410 2903; x_wconf 84' lang='lat' dir='ltr'><strong>sensus,</strong></span> <span class='ocrx_word' id='word_1_430' title='bbox 434 2876 532 2906; x_wconf 81' lang='lat' dir='ltr'><strong>quem</strong></span> <span class='ocrx_word' id='word_1_431' title='bbox 556 2873 720 2898; x_wconf 76' lang='lat' dir='ltr'><strong>contextus</strong></span> <span class='ocrx_word' id='word_1_432' title='bbox 745 2867 910 2898; x_wconf 82' lang='lat' dir='ltr'><strong>manifeste</strong></span> 
     </span>
    </p>
   </div>
   <div class='ocr_carea' id='block_1_7' title="bbox 951 2439 1645 2856">
    <p class='ocr_par' dir='ltr' id='par_1_7' title="bbox 956 2439 1645 2565">
     <span class='ocr_line' id='line_1_53' title="bbox 959 2439 1645 2478; baseline -0.001 -8"><span class='ocrx_word' id='word_1_433' title='bbox 959 2447 1065 2470; x_wconf 84' lang='lat' dir='ltr'><strong>tamen</strong></span> <span class='ocrx_word' id='word_1_434' title='bbox 1082 2441 1190 2470; x_wconf 88' lang='lat' dir='ltr'><strong>Cicero</strong></span> <span class='ocrx_word' id='word_1_435' title='bbox 1209 2440 1329 2478; x_wconf 85' lang='lat' dir='ltr'><strong>scripsit</strong></span> <span class='ocrx_word' id='word_1_436' title='bbox 1348 2439 1521 2478; x_wconf 77' lang='lat' dir='ltr'><strong>stupefacta,</strong></span> <span class='ocrx_word' id='word_1_437' title='bbox 1538 2446 1568 2469; x_wconf 87' lang='lat' dir='ltr'><strong>et</strong></span> <span class='ocrx_word' id='word_1_438' title='bbox 1582 2439 1645 2478; x_wconf 89' lang='lat' dir='ltr'><strong>syl·-</strong></span> 
     </span>
     <span class='ocr_line' id='line_1_54' title="bbox 957 2481 1643 2521; baseline 0 -9"><span class='ocrx_word' id='word_1_439' title='bbox 957 2483 1029 2512; x_wconf 87' lang='lat' dir='ltr'><strong>laba</strong></span> <span class='ocrx_word' id='word_1_440' title='bbox 1043 2484 1144 2521; x_wconf 84' lang='lat' dir='ltr'><strong>prima</strong></span> <span class='ocrx_word' id='word_1_441' title='bbox 1159 2489 1231 2512; x_wconf 83' lang='lat' dir='ltr'><strong>nata</strong></span> <span class='ocrx_word' id='word_1_442' title='bbox 1251 2489 1295 2512; x_wconf 84' lang='lat' dir='ltr'><strong>est</strong></span> <span class='ocrx_word' id='word_1_443' title='bbox 1315 2491 1332 2511; x_wconf 90' lang='lat' dir='ltr'><strong>e</strong></span> <span class='ocrx_word' id='word_1_444' title='bbox 1352 2481 1439 2511; x_wconf 86' lang='lat' dir='ltr'><strong>finali</strong></span> <span class='ocrx_word' id='word_1_445' title='bbox 1457 2482 1544 2511; x_wconf 83' lang='lat' dir='ltr'><strong>litera</strong></span> <span class='ocrx_word' id='word_1_446' title='bbox 1557 2482 1643 2513; x_wconf 79' lang='lat' dir='ltr'><strong>verbi</strong></span> 
     </span>
     <span class='ocr_line' id='line_1_55' title="bbox 956 2526 1168 2565; baseline -0.005 -10"><span class='ocrx_word' id='word_1_447' title='bbox 956 2526 1168 2565; x_wconf 71' lang='lat' dir='ltr'><strong>praecedentis.</strong></span> 
     </span>
    </p>

    <p class='ocr_par' dir='ltr' id='par_1_8' title="bbox 951 2564 1643 2856">
     <span class='ocr_line' id='line_1_56' title="bbox 1000 2564 1642 2606; baseline -0.002 -8"><span class='ocrx_word' id='word_1_448' title='bbox 1000 2575 1037 2599; x_wconf 85' lang='lat'><strong>95</strong></span> <span class='ocrx_word' id='word_1_449' title='bbox 1056 2564 1222 2605; x_wconf 77' lang='lat' dir='ltr'><strong>videamur]</strong></span> <span class='ocrx_word' id='word_1_450' title='bbox 1242 2567 1320 2596; x_wconf 83' lang='lat' dir='ltr'><strong>Haec</strong></span> <span class='ocrx_word' id='word_1_451' title='bbox 1336 2574 1381 2596; x_wconf 86' lang='lat' dir='ltr'><strong>est</strong></span> <span class='ocrx_word' id='word_1_452' title='bbox 1395 2567 1489 2596; x_wconf 79' lang='lat' dir='ltr'><strong>lectio</strong></span> <span class='ocrx_word' id='word_1_453' title='bbox 1504 2566 1642 2606; x_wconf 82' lang='lat' dir='ltr'><strong>vulgata.</strong></span> 
     </span>
     <span class='ocr_line' id='line_1_57' title="bbox 953 2609 1642 2649; baseline 0 -10"><span class='ocrx_word' id='word_1_454' title='bbox 953 2611 1006 2639; x_wconf 86' lang='lat' dir='ltr'><strong>sed</strong></span> <span class='ocrx_word' id='word_1_455' title='bbox 1023 2611 1167 2639; x_wconf 83' lang='lat' dir='ltr'><strong>Davisius</strong></span> <span class='ocrx_word' id='word_1_456' title='bbox 1185 2611 1217 2639; x_wconf 91' lang='lat' dir='ltr'><strong>in</strong></span> <span class='ocrx_word' id='word_1_457' title='bbox 1241 2609 1360 2648; x_wconf 78' lang='lat' dir='ltr'><strong>aliquot</strong></span> <span class='ocrx_word' id='word_1_458' title='bbox 1377 2610 1452 2640; x_wconf 85' lang='lat' dir='ltr'><strong>Mss.</strong></span> <span class='ocrx_word' id='word_1_459' title='bbox 1470 2611 1580 2649; x_wconf 85' lang='lat' dir='ltr'><strong>repetit</strong></span> <span class='ocrx_word' id='word_1_460' title='bbox 1593 2609 1642 2638; x_wconf 77' lang='lat' dir='ltr'><strong>vi-</strong></span> 
     </span>
     <span class='ocr_line' id='line_1_58' title="bbox 953 2652 1643 2692; baseline 0.001 -12"><span class='ocrx_word' id='word_1_461' title='bbox 953 2653 1068 2688; x_wconf 82' lang='lat' dir='ltr'><strong>deatur,</strong></span> <span class='ocrx_word' id='word_1_462' title='bbox 1084 2662 1218 2691; x_wconf 84' lang='lat' dir='ltr'><strong>eamque</strong></span> <span class='ocrx_word' id='word_1_463' title='bbox 1233 2654 1357 2692; x_wconf 79' lang='lat' dir='ltr'><strong>recepit.</strong></span> <span class='ocrx_word' id='word_1_464' title='bbox 1402 2653 1453 2682; x_wconf 91' lang='lat' dir='ltr'><strong>Sic</strong></span> <span class='ocrx_word' id='word_1_465' title='bbox 1471 2659 1501 2682; x_wconf 85' lang='lat' dir='ltr'><strong>et</strong></span> <span class='ocrx_word' id='word_1_466' title='bbox 1524 2652 1643 2682; x_wconf 84' lang='lat' dir='ltr'><strong>habent</strong></span> 
     </span>
     <span class='ocr_line' id='line_1_59' title="bbox 956 2694 1642 2727; baseline 0 -3"><span class='ocrx_word' id='word_1_467' title='bbox 956 2695 1017 2725; x_wconf 90' lang='lat' dir='ltr'><strong>Ms.</strong></span> <span class='ocrx_word' id='word_1_468' title='bbox 1042 2695 1148 2725; x_wconf 82' lang='lat' dir='ltr'><strong>Guelf.</strong></span> <span class='ocrx_word' id='word_1_469' title='bbox 1171 2696 1239 2724; x_wconf 88' lang='lat' dir='ltr'><strong>edd.</strong></span> <span class='ocrx_word' id='word_1_470' title='bbox 1259 2703 1332 2725; x_wconf 71' lang='lat' dir='ltr'><strong>vett.</strong></span> <span class='ocrx_word' id='word_1_471' title='bbox 1356 2696 1435 2725; x_wconf 83' lang='lat' dir='ltr'><strong>Ven.</strong></span> <span class='ocrx_word' id='word_1_472' title='bbox 1462 2703 1551 2727; x_wconf 86' lang='lat'>1494.</span> <span class='ocrx_word' id='word_1_473' title='bbox 1570 2694 1642 2724; x_wconf 91' lang='lat' dir='ltr'><strong>Me-</strong></span> 
     </span>
     <span class='ocr_line' id='line_1_60' title="bbox 952 2738 1641 2778; baseline -0.001 -11"><span class='ocrx_word' id='word_1_474' title='bbox 952 2738 1026 2768; x_wconf 90' lang='lat' dir='ltr'><strong>diol.</strong></span> <span class='ocrx_word' id='word_1_475' title='bbox 1042 2739 1170 2768; x_wconf 82' lang='lat' dir='ltr'><strong>Ascens.</strong></span> <span class='ocrx_word' id='word_1_476' title='bbox 1184 2738 1298 2769; x_wconf 84' lang='lat' dir='ltr'><strong>Victor.</strong></span> <span class='ocrx_word' id='word_1_477' title='bbox 1315 2740 1418 2778; x_wconf 85' lang='lat' dir='ltr'><strong>itaque</strong></span> <span class='ocrx_word' id='word_1_478' title='bbox 1434 2745 1463 2767; x_wconf 86' lang='lat' dir='ltr'><strong>et</strong></span> <span class='ocrx_word' id='word_1_479' title='bbox 1479 2738 1542 2777; x_wconf 89' lang='lat' dir='ltr'><strong>ipse</strong></span> <span class='ocrx_word' id='word_1_480' title='bbox 1557 2746 1641 2767; x_wconf 86' lang='lat' dir='ltr'><strong>rece-</strong></span> 
     </span>
     <span class='ocr_line' id='line_1_61' title="bbox 951 2780 1639 2820; baseline 0 -10"><span class='ocrx_word' id='word_1_481' title='bbox 951 2781 993 2820; x_wconf 82' lang='lat' dir='ltr'><strong>pi.</strong></span> <span class='ocrx_word' id='word_1_482' title='bbox 1017 2781 1144 2811; x_wconf 76' lang='lat' dir='ltr'><strong>refertur</strong></span> <span class='ocrx_word' id='word_1_483' title='bbox 1159 2788 1267 2812; x_wconf 84' lang='lat' dir='ltr'><strong>autern</strong></span> <span class='ocrx_word' id='word_1_484' title='bbox 1283 2782 1320 2812; x_wconf 79' lang='lat' dir='ltr'><strong>ad</strong></span> <span class='ocrx_word' id='word_1_485' title='bbox 1337 2788 1479 2813; x_wconf 86' lang='lat' dir='ltr'><strong>mentem</strong></span> <span class='ocrx_word' id='word_1_486' title='bbox 1491 2780 1571 2819; x_wconf 86' lang='lat' dir='ltr'><strong>ejus,</strong></span> <span class='ocrx_word' id='word_1_487' title='bbox 1585 2781 1639 2820; x_wconf 83' lang='lat' dir='ltr'><strong>qui</strong></span> 
     </span>
     <span class='ocr_line' id='line_1_62' title="bbox 951 2831 1100 2856; baseline 0.007 -2"><span class='ocrx_word' id='word_1_488' title='bbox 951 2831 1100 2856; x_wconf 77' lang='lat' dir='ltr'><strong>somnlat.</strong></span> 
     </span>
    </p>
   </div>
  </div>
 </body>
</html>
