1732 3105
66 208 167 276 P·³3·
469 193 549 245 M.
575 191 855 244 TULLII
893 187 1334 243 CICERONIS

159 268 923 376 ‘ACADEMICARUM
970 304 1589 378 QUAESTIONUM

642 442 848 484 LIBER
879 440 1158 490 PRIMUS,

875 555 930 580 AD

398 640 477 686 M.
512 635 940 686 TERENTIUM
976 634 1398 682 VARRONEM.

690 806 1111 845 ARGUMENTUM.

185 886 341 937 Quatuor
367 883 493 920 omnino
523 882 620 920 libros
653 880 933 919 Academicarum
961 880 1240 930 Disputatiouum
1269 878 1402 929 scripsit
1433 877 1561 924 Cicero,
1584 879 1622 917 in

231 937 354 990 quibus
371 950 494 975 omnem
511 936 757 987 Philosophiam
777 934 973 973 Academiae
989 948 1063 971 cum
1077 933 1202 971 veteris
1217 942 1289 970 tum
1307 945 1409 969 novae
1423 932 1625 983 explicavit,

230 991 292 1029 sed
307 991 372 1035 ita,
392 1001 430 1028 ut
446 991 558 1040 facile
586 990 839 1040 intelligeretur,
857 989 895 1026 id
908 988 998 1040 quod
1015 988 1080 1039 ipse
1085 988 1241 1036 fatetur,
1262 1001 1302 1023 v.
1321 999 1350 1023 c.
1370 986 1438 1037 Ep.
1462 985 1513 1024 ad
1528 986 1623 1026 Div.

233 1046 303 1083 IX.
325 1051 361 1082 8.
382 1058 416 1082 se
433 1058 558 1082 novam
576 1044 681 1082 veteri
697 1043 874 1094 praeferre.
930 1043 1051 1092 Itaque
1078 1041 1214 1079 induxit
1237 1040 1430 1084 Varronem,
1448 1039 1623 1086 Antiochi,

232 1099 364 1149 qnintae
382 1098 578 1136 Academiae
604 1097 791 1140 conditoris,
809 1105 841 1133 et
867 1105 1012 1137 veterem
1034 1094 1257 1132 Academiam
1277 1094 1472 1131 instaurare
1489 1093 1624 1144 cupien-

232 1154 292 1195 tis,
309 1165 343 1188 se
361 1161 471 1189 autem
492 1152 642 1189 Philonis
667 1160 781 1201 partes
808 1150 1046 1201 suscipientem,
1070 1149 1128 1200 qui
1155 1157 1291 1198 quartae
1309 1146 1507 1184 Academia>
1523 1157 1625 1199 caput

219 1207 357 1256 fuerat,
375 1215 406 1242 et
434 1219 534 1242 no-vae
552 1204 748 1242 Academiae
769 1203 900 1254 placita
921 1211 1086 1245 tenuerat,
1103 1201 1160 1238 sed
1175 1201 1238 1244 ita,
1258 1210 1297 1237 ut
1316 1199 1402 1238 nihil
1417 1201 1504 1253 inter
1528 1211 1624 1239 vete-

232 1272 302 1296 rem
330 1266 361 1295 et
388 1272 512 1296 novam
541 1259 694 1295 interesse
720 1256 922 1306 disputaret,
940 1270 980 1294 v.
1003 1256 1048 1292 L.
1065 1256 1094 1292 I.
1113 1269 1143 1292 c.
1161 1260 1199 1292 4.
1220 1263 1251 1291 et
1273 1253 1411 1291 Luculli
1428 1267 1458 1291 c.
1479 1260 1517 1292 4.
1537 1254 1628 1304 quod

236 1311 417 1350 Antiochus
436 1311 531 1354 libro,
550 1323 643 1362 quem
665 1310 694 1347 S
700 1309 763 1347 OS
768 1309 830 1346 US
857 1309 1083 1359 inscripserat,
1102 1306 1266 1356 negabat.
1322 1307 1454 1345 Horum
1481 1316 1626 1358 quatuor

232 1365 391 1403 librorum
408 1365 508 1415 primi
533 1370 668 1401 tantum
684 1362 922 1412 fragmentum
941 1361 999 1398 hoc
1018 1369 1138 1405 restat,
1157 1361 1192 1396 in
1209 1373 1272 1410 quo
1286 1369 1362 1410 post
1373 1361 1627 1411 praefationem,

231 1432 311 1469 quae
336 1417 376 1455 de
403 1418 555 1454 instituto
583 1415 805 1466 Philosophiae
832 1415 946 1452 latinis
974 1414 1095 1451 litteris
1123 1411 1341 1450 illustrandae
1363 1413 1452 1463 agit,
1471 1421 1504 1449 et
1521 1411 1625 1451 >oeca-

232 1472 353 1508 sionem
372 1471 526 1507 sermonis
545 1470 764 1513 demonstrat,
784 1482 813 1505 c.
840 1474 918 1505 1-3.
980 1468 1086 1505 Varro
1098 1466 1259 1516 primum,
1277 1465 1354 1502 inde
1372 1478 1395 1502 a
1416 1466 1556 1504 Socrate
1573 1480 1626 1504 re-

229 1533 345 1575 petens
372 1536 474 1575 usque
500 1523 551 1560 ad
573 1523 776 1566 Arcesilam,
798 1519 1021 1571 Philosophiae
1046 1520 1206 1557 rationem
1225 1519 1369 1569 exponit,
1389 1532 1418 1556 c.
1437 1525 1549 1558 4-13.
1568 1520 1628 1558 de·

233 1577 311 1614 inde
333 1577 446 1615 Cicero
470 1576 515 1613 ab
533 1575 686 1613 Arcesila
713 1574 842 1625 incipit,
872 1583 905 1610 et
931 1574 965 1610 in
996 1571 1172 1611 Carneade
1197 1572 1331 1609 desinit.
1388 1572 1532 1610 Summa
1558 1587 1628 1611 ser-

233 1631 338 1667 monis
362 1630 562 1668 Varroniani
581 1629 654 1667 haec
671 1637 720 1665 est
737 1645 749 1664 :
781 1628 951 1666 Socratem
973 1627 1122 1678 primum
1139 1626 1276 1677 coepisse
1291 1624 1333 1663 de
1351 1625 1497 1663 moribus
1518 1628 1628 1678 magis

234 1697 337 1735 quam
355 1683 397 1721 de
415 1697 525 1720 rerum
544 1692 672 1720 natura
691 1681 877 1732 disputare,
899 1681 933 1717 in
953 1693 1022 1730 qua
1041 1680 1112 1717 sola
1131 1679 1310 1730 superiores
1334 1679 1517 1731 philosophi
1542 1695 1627 1718 ver-

234 1738 302 1774 sati
320 1746 432 1781 erant,
451 1745 555 1787 atque
573 1737 609 1772 in
627 1735 776 1772 omnibus
803 1734 1003 1771 sermonibus
1031 1747 1130 1770 usum
1149 1746 1215 1770 esse
1232 1733 1294 1770 illa
1314 1735 1467 1785 εἴξωνείᾳ,
1483 1747 1553 1784 qua
1571 1735 1626 1772 ni-

236 1789 286 1828 hil
311 1803 345 1827 se
371 1791 456 1827 scire
481 1790 616 1832 diceret,
637 1789 701 1826 nisi
728 1788 767 1825 id
790 1788 915 1839 ipsum,
933 1787 1022 1838 quod
1048 1786 1135 1823 nihil
1159 1787 1268 1824 sciret.
1324 1787 1442 1834 Hujus
1460 1787 1627 1838 discipuli,

236 1844 405 1886 Platonis,
419 1844 620 1880 auctoritate
631 1856 733 1879 unam
747 1850 778 1878 et
793 1841 1039 1878 consentientem
1059 1839 1186 1877 duobus
1204 1839 1380 1877 vocabulis
1400 1839 1627 1892 Philosophiae

222 1897 379 1946 fhrmam
399 1897 590 1934 institutam
608 1909 689 1940 esse,
710 1894 984 1932 Academicorum
998 1901 1030 1931 et
1051 1894 1361 1944 Peripateticorum,
1377 1893 1436 1944 qui
1449 1903 1575 1931 certam
1592 1904 1628 1933 et

235 1951 429 2001 completam
444 1949 662 2000 philosophiae
674 1948 868 1998 formulam
884 1947 1132 1998 composuerint,
1161 1946 1222 1983 sed
1247 1946 1456 1985 Socraticam
1482 1947 1626 1989 dubita:

237 2005 368 2047 tionem,
387 2013 419 2040 et
429 2003 469 2040 de
482 2003 631 2040 omnibus
645 2002 743 2039 rebus
754 2003 824 2039 sine
836 2002 1020 2039 assensione
1036 2000 1233 2051 disputandi
1251 1999 1527 2044 consuetudinem,
1545 2001 1627 2044 reli<

237 2058 383 2107 querint‚
395 2066 496 2108 atque
507 2057 556 2093 ita
570 2065 675 2094 artem
688 2055 909 2106 Philosophiae
919 2054 1097 2103 ffeerint‚
1109 2067 1138 2091 c.
1149 2059 1188 2092 4.
1211 2053 1388 2104 Triplicem
1398 2063 1510 2106 autem
1509 2053 1629 2102 fuisse

231 2110 486 2161 philosophandi
497 2110 670 2153 rationem,
683 2122 809 2153 unam,
817 2110 860 2145 de
868 2109 944 2145 vita
953 2115 989 2145 et
1003 2108 1178 2150 moribus,
1189 2120 1268 2157 quae
1278 2120 1301 2143 a
1312 2117 1440 2144 natura
1447 2114 1628 2158 peteretur,

237 2165 294 2200 cui
308 2163 512 2214 parendum,
530 2164 564 2199 in
583 2177 650 2214 qua
668 2176 832 2199 summum
853 2162 971 2199 bonum
998 2160 1213 2212 quaerendum
1232 2159 1389 2205 dicerent,
1407 2174 1436 2198 c.
1457 2168 1494 2198 5.
1513 2161 1551 2199 6.
1571 2162 1626 2211 al-v

235 2223 368 2262 teram,
386 2219 429 2254 de
448 2225 596 2260 natura,
615 2230 694 2266 quae
710 2216 926 2253 contineretur
951 2229 994 2252 ex
1017 2214 1183 2263 effectione
1199 2221 1231 2250 et
1252 2215 1410 2258 materia,
1430 2228 1533 2266 quam
1547 2213 1627 2261 fin<

232 2279 328 2320 geret
347 2279 377 2307 et
383 2271 554 2320 formaret
574 2269 699 2318 affectio
717 2283 746 2307 c.
769 2275 806 2315 7.
826 2274 861 2307 8.
879 2270 953 2306 coll.
971 2282 1000 2305 c.
1018 2274 1055 2306 2.
1076 2268 1237 2310 tertiam,
1255 2281 1333 2318 quae
1361 2267 1400 2305 in
1428 2268 1569 2314 ratione
1588 2275 1626 2310 et

236 2323 437 2361 differendo
464 2333 673 2367 versaretur,
693 2322 829 2360 ductam
857 2323 951 2359 illam
979 2319 1109 2372 quidem
1128 2334 1150 2357 a
1168 2321 1331 2363 sensibus,
1352 2320 1413 2358 sed
1428 2317 1495 2366 ita,
1511 2331 1551 2358 ut
1559 2321 1625 2370 ju-

236 2377 361 2413 dicium
375 2377 535 2414 veritatis
553 2390 616 2412 non
634 2375 782 2412 sensibus
788 2375 1010 2425 fallentibus,
1032 2374 1091 2411 sed
1107 2375 1207 2411 menti
1221 2373 1437 2419 tribueretur,
1456 2389 1534 2426 quae
1551 2370 1623 2412 sola

237 2439 393 2472 cerneret,
420 2430 510 2480 quod
534 2440 659 2479 semper
685 2435 779 2472 esset,
799 2429 950 2479 simplex,
967 2437 999 2464 et
1018 2428 1118 2464 unius
1143 2426 1242 2470 modi,
1261 2435 1293 2464 et
1312 2428 1393 2473 tale,
1412 2428 1511 2479 quale
1527 2438 1624 2473 esset,

237 2497 340 2534 quam
375 2483 493 2520 ideam
524 2482 774 2532 appellavisset.
833 2483 971 2519 Omnem
1006 2493 1029 2516 a
1059 2480 1206 2517 sensibus
1239 2480 1377 2518 ductam
1407 2481 1622 2531 cognitionem

235 2535 432 2586 opinabilem
451 2544 584 2572 tantum
605 2548 685 2578 esse,
704 2535 873 2572 scientiam
892 2542 1024 2571 tantum
1042 2534 1077 2570 in
1095 2534 1200 2571 animi
1219 2534 1413 2571 motionibus
1431 2544 1462 2572 et
1481 2535 1624 2572 rationi-

237 2590 298 2626 bus
317 2590 420 2626 inesse
437 2602 466 2626 c.
489 2597 527 2635 9.
583 2588 792 2625 Aristotelem
809 2588 925 2625 deinde
937 2587 1085 2638 primum
1112 2586 1206 2624 ideas
1232 2587 1456 2636 labefactasse
1469 2604 1483 2624 .·
1515 2587 1622 2625 Theo-

231 2643 409 2694 phrastum
428 2655 580 2691 negasse,
599 2643 633 2678 in
651 2642 781 2678 virtute
798 2641 868 2678 sola
881 2642 1026 2691 positum
1045 2653 1124 2685 esse,
1145 2640 1237 2677 beate
1255 2643 1375 2678 vivere
1390 2657 1400 2685 ;
1431 2641 1622 2679 Stratonem

235 2705 338 2732 totum
358 2709 391 2732 se
410 2695 459 2732 ad
474 2705 612 2732 naturae
629 2694 860 2731 obscuritatem
882 2694 1067 2736 contulisse,
1086 2707 1113 2730 c.
1141 2699 1199 2731 10.
1257 2694 1416 2731 Zenonem
1435 2703 1548 2731 autem
1567 2694 1621 2731 in-

227 2750 349 2800 primis
376 2748 585 2800 disciplinam
604 2749 766 2798 corrigere
792 2757 946 2785 conatum
965 2760 1040 2790 esse,
1060 2756 1091 2783 et
1112 2746 1264 2796 plurima
1283 2747 1462 2798 initriplici
1478 2746 1540 2784 illa
1558 2760 1620 2784 ra-

232 2804 318 2840 tione
336 2815 491 2848 novasse,
508 2816 538 2840 c.
562 2809 577 2840 1
590 2807 622 2840 1.
644 2807 702 2840 12.
725 2801 849 2840 Zenoni
867 2801 983 2840 deinde
1000 2813 1033 2837 se
1050 2800 1231 2851 opposuisse
1242 2802 1448 2844 Arcesilam,
1466 2814 1529 2838 non
1542 2810 1618 2852 per-
