1768 3095
561 120 740 158 LIBER
768 119 1074 157 QUARTUS.
1488 121 1540 154 25

101 240 266 290 partem
304 229 498 279 dicendo,
535 227 720 278 eliciant,
755 234 799 269 et
835 237 1054 282 tamquam
1093 226 1330 281 exprimant
1368 227 1541 283 aliquid,

103 289 217 346 quod
248 297 321 329 aut
350 286 493 328 verum
513 284 581 336 sit,
600 294 673 326 aut
694 283 748 325 ad
768 283 811 325 id
831 298 958 339 quam
984 283 1175 338 proxime
1204 282 1390 324 accedat.
1448 286 1541 326 Ne·
1555 300 1578 331 8

104 361 187 402 que
207 346 315 386 inter
333 354 424 393 πως,
443 351 486 383 et
511 354 599 392 eos,
621 341 693 397 qui
724 355 768 382 se
797 341 901 381 scire
928 339 1196 391 arbitrantur,
1218 339 1448 395 quidquam
1476 341 1541 381 in·-

101 410 242 453 terest,
264 401 341 441 nisi
362 399 476 456 quod
496 397 558 440 illi
579 411 663 439 non
682 398 892 448 dubitant,
912 397 1012 453 quin
1032 411 1082 437 ea
1100 411 1196 437 vera
1214 398 1313 448 sint,
1343 411 1438 451 quae
1466 397 1541 438 de-

101 458 305 500 fendunt?
335 471 412 498 nos
443 455 679 511 probabilia
706 455 842 496 multa
874 454 1094 504 habemus,
1123 469 1219 509 quae
1254 453 1371 508 sequi
1401 453 1540 505 facile,

102 515 307 557 affirmare
324 514 391 554 vix
406 524 651 578 possumus.
711 513 810 553 Hoc
842 520 985 552 autem
1016 510 1233 551 liberiores
1253 518 1296 550 et
1315 509 1540 551 solutiores

103 586 258 620 sumus,
279 569 394 626 quod
413 578 580 624 mtegra·
598 567 719 610 nobis
746 578 811 609 est
834 567 1054 624 judicandi
1074 576 1261 623 potestas
1280 582 1291 607 ε
1322 580 1414 617 nec,
1438 575 1476 599 14
1491 575 1542 608 ut

100 627 254 678 omnia,
276 642 370 682 quae
391 626 636 681 praescripta
669 634 712 666 et
742 626 861 681 quasi
893 625 1100 680 imperata
1128 624 1225 674 sint,
1247 623 1540 674 defendamus,

99 683 347 724 necessitate
369 683 454 724 ulla
472 682 680 738 cogimur.
739 683 853 723 Nam
874 682 1004 722 ceteri
1025 681 1207 736 primum
1225 689 1322 721 ante
1343 689 1540 721 tenentur

99 740 302 790 adstricti,
336 754 479 796 quam,
517 739 619 795 quid
655 747 763 780 esset
798 739 1024 794 optimum,
1054 737 1249 794 judicare
1280 746 1537 792 potuerunt:

97 796 248 838 deinde
265 796 550 837 infirmissimo
580 804 770 852 tempore
801 796 936 837 aetatis
968 804 1042 836 aut
1068 793 1262 836 obsecuti
1281 793 1420 834 amico
1444 793 1536 834 cui-

97 853 209 904 dam,
238 862 312 895 aut
343 865 428 894 una
459 852 652 909 alicujus,
687 867 813 909 quem
850 854 1034 908 primum
1072 851 1310 901 audierunt,
1346 850 1537 891 oratione

96 911 224 965 capti,
242 910 295 951 de
325 910 448 951 rebus
478 909 705 965 incognitis
727 908 935 965 judicant,
956 918 1013 960 et,
1034 908 1086 949 ad
1110 921 1417 963 quamcunque>r
1440 916 1537 949 sunt

95 966 359 1023 disciplinam
396 967 513 1022 quasi
546 975 798 1022 tempestate
831 965 973 1015 delati,
1009 965 1062 1006 ad
1094 979 1202 1015 eam,
1233 973 1449 1020 tamquam·
1482 962 1535 1004 ad

96 1038 256 1074 saxum,
275 1023 582 1065 adhaerescunt.
642 1024 771 1073 Nam,
793 1023 908 1079 quod
939 1022 1087 1063 dicunt
1114 1021 1259 1062 omnia
1289 1035 1332 1061 se
1363 1020 1572 1067 credere9

94 1081 147 1131 ei,
167 1095 292 1136 quem
317 1080 514 1137 judicent
537 1079 666 1121 fuisse
695 1078 956 1135 sapientem}
986 1079 1227 1134 probarem,
1254 1077 1288 1118 si
1321 1076 1363 1117 id
1394 1078 1533 1133 ipsum

95 1137 283 1178 rudeset
301 1136 459 1178 indocti
483 1137 674 1193 judicare
694 1136 955 1191 potuissent:
991 1137 1202 1189 (Statuere
1232 1134 1360 1184 enim,
1381 1134 1454 1189 qui
1478 1135 1534 1175 sit

95 1194 271 1249 sapiens,
291 1194 354 1235 vel
374 1195 556 1234 maxime
574 1193 740 1234 videtur
757 1207 846 1234 esse
868 1192 1082 1248 sapientis)
1109 1192 1198 1242 sed,
1217 1200 1267 1232 ut
1285 1198 1534 1246 potuerunt,

95 1250 290 1290 omnibus
321 1251 445 1291 rebus
477 1250 644 1301 auditis,
664 1250 846 1305 cognitis
872 1251 1000 1290 etiam
1021 1249 1278 1304 reliquorum
1299 1247 1534 1298 sententiis,

86 1306 409 1361 judicaverunt:
441 1316 514 1347 aut
534 1322 577 1347 re
597 1307 727 1346 semel
756 1306 901 1347 audita
926 1306 979 1346 ad
1008 1306 1132 1346 unius
1164 1319 1208 1345 se
1235 1304 1534 1345 auctoritatem

93 1363 376 1403 contulerunt.
438 1363 520 1403 Sed
551 1363 690 1403 nescio
723 1378 807 1418 quo
839 1362 969 1403 modo
990 1361 1177 1417 plerique
1197 1375 1334 1401 errare
1352 1361 1532 1411 malunt,

91 1432 269 1474 eamque
289 1419 558 1470 sententiam,
578 1434 705 1474 quam
727 1419 1041 1468 adamaverunt,
1057 1417 1368 1473 pugnacissime
1386 1417 1532 1458 defen-

91 1474 204 1526 dere,
221 1490 347 1531 quam
365 1476 454 1516 sine
470 1476 713 1532 pertinacia,
735 1485 772 1507 1⁵
787 1476 888 1531 quid
908 1475 1246 1516 constantissime
1266 1473 1444 1525 dicatur,
1459 1488 1532 1514 ex-

91 1546 269 1588 quirere.

147 1589 316 1630 Quibus
337 1587 389 1629 de
408 1588 534 1629 rebus
554 1597 597 1629 et
619 1589 719 1629 alias
739 1603 849 1643 saepe
870 1587 992 1629 nobis
1012 1587 1148 1628 multa
1167 1586 1345 1643 quaesita
1373 1595 1416 1627 et
1447 1586 1532 1627 dis·
1544 1595 1575 1626 b.

89 1654 238 1699 putata
256 1654 369 1699 sunt,
387 1657 432 1685 et
452 1645 665 1700 quondam
688 1646 731 1686 in
752 1645 969 1686 Hortensii
989 1644 1100 1695 villa,
1123 1659 1217 1700 quae
1247 1653 1311 1684 est
1342 1643 1394 1684 ad
1420 1643 1533 1685 Bau-

88 1701 168 1753 los,
187 1716 283 1743 cum
314 1716 366 1742 eo
399 1701 593 1752 Catulus,
615 1712 657 1742 et
688 1702 906 1752 Lucullus,
935 1716 1096 1757 nosque
1122 1701 1201 1757 ipsi
1231 1699 1435 1756 postridie
1462 1715 1533 1741 ve-

91 1758 313 1810 nissemus,
335 1774 461 1814 quam
482 1759 596 1814 apud
615 1759 817 1799 Catulum
838 1759 1081 1799 fuissemus.
1103 1773 1190 1813 quo
1211 1757 1382 1813 quidem
1404 1756 1532 1798 etiam

89 1816 293 1856 maturius
328 1816 531 1865 venimus,
564 1816 678 1870 quod
712 1826 802 1856 erat
832 1816 1127 1865 constitutum,
1160 1815 1195 1855 si
1228 1824 1375 1855 ventus
1404 1814 1531 1866 esset,

89 1872 271 1913 Lucullo
307 1873 347 1912 in
383 1872 731 1927 Neapolitanum,
765 1872 870 1912 inihi
900 1873 942 1912 in
980 1871 1283 1927 Pompeianum
1320 1870 1532 1925 navigare.

92 1927 202 1968 Cum
233 1929 365 1984 igitur
394 1943 531 1983 pauca
562 1929 604 1968 in
635 1939 759 1985 xysto
789 1929 921 1970 locuti
953 1943 1155 1978 essemus,
1183 1937 1274 1968 tum
1303 1927 1454 1968 eodem
1487 1927 1531 1968 in

88 1985 231 2039 spacio
251 1985 536 2026 consedimus.
595 1986 681 2026 Hic
704 1985 898 2036 Catulus,
917 1986 1010 2026 Etsi
1041 1985 1144 2034 heri,
1164 1985 1315 2041 inquit,
1335 1983 1393 2034 id,
1414 1983 1529 2040 quod
1543 1999 1575 2037 4

88 2042 369 2096 quaerebatur,
397 2056 518 2098 paene
548 2041 803 2097 explicatum
835 2052 913 2093 est,
933 2052 982 2083 ut
1010 2052 1103 2083 tota
1124 2043 1210 2082 fere
1240 2041 1419 2096 quaestio
1442 2051 1593 2097 tra-10

87 2107 202 2138 ctata
221 2099 410 2140 videatur
427 2115 437 2148 3
470 2107 610 2139 tamen
640 2112 838 2154 exspecto
862 2114 924 2150 ea,
945 2114 1040 2155 quae
1060 2108 1102 2139 te
1122 2098 1337 2153 pollicitus
1358 2112 1418 2148 es,
1440 2098 1527 2137 Lu-

86 2154 212 2206 culle,
233 2156 286 2196 ab
305 2156 522 2196 Antiocho
543 2155 698 2206 audita,
721 2155 949 2196 dicturum.
1006 2155 1232 2211 Equidem,
1252 2154 1389 2210 inquit
1410 2154 1530 2194 Hor-

87 2212 260 2263 tensius,
296 2212 375 2253 feci
410 2212 519 2267 plus,
557 2226 683 2267 quam
718 2212 881 2253 vellem.
914 2221 1049 2253 totam
1079 2212 1193 2252 enim
1224 2225 1312 2252 rem
1346 2210 1529 2251 Lucullo

90 2274 128 2300 16
144 2268 349 2323 integram
372 2269 521 2309 servari
543 2269 746 2324 oportuit.
778 2279 818 2309 et
851 2279 991 2309 tamen
1023 2269 1202 2309 fortasse
1228 2277 1389 2308 servata
1408 2275 1486 2307 est.
1504 2281 1530 2306 a

86 2339 156 2366 me
188 2326 300 2367 enim
333 2340 396 2377 ea,
427 2340 521 2382 quae
556 2326 598 2366 in
629 2334 802 2381 promtu
836 2336 967 2376 erant,
988 2324 1101 2365 dicta
1131 2333 1257 2365 sunt:
1289 2338 1314 2364 a
1344 2322 1528 2363 Lucullo

827 2469 935 2508 scripta
955 2469 1011 2509 (sic
1028 2470 1076 2498 ed.
1092 2466 1185 2507 Vcn.)
1199 2468 1270 2505 sint,
1287 2467 1371 2504 quasi
1384 2466 1529 2506 imperata

827 2512 1021 2552 defendamus.

872 2563 907 2585 15
926 2555 999 2596 quid
1018 2554 1243 2584 constantissime
1263 2551 1392 2591 dicatur]
1412 2552 1433 2583 ἱ.
1448 2561 1476 2581 e.
1492 2558 1529 2582 ut

86 2469 182 2507 lebat,
198 2471 283 2509 quod
299 2477 328 2500 et
344 2471 377 2500 in
392 2470 478 2500 libris
495 2471 559 2500 suis
577 2480 642 2500 non
666 2479 783 2509 repere-

85 2520 143 2550 rat,
160 2520 196 2543 ut
212 2523 270 2543 nec
286 2514 445 2550 Davisius,
462 2515 516 2552 qui
533 2521 562 2543 et
578 2514 617 2543 ab
637 2514 686 2543 ed.
703 2513 784 2543 Ven.

88 2563 180 2590 1471.
204 2556 311 2586 abesse
338 2563 476 2588 testatur.
523 2557 634 2595 Itaque
663 2563 694 2586 et
724 2566 781 2586 nos

84 2599 270 2630 delevimus.

132 2649 169 2672 14
186 2649 217 2671 ut
234 2642 341 2679 omnia,
364 2653 430 2684 quae
447 2642 623 2681 praescripta
646 2648 674 2670 et
698 2641 782 2682 quasi

87 2684 228 2724 imperata
257 2685 327 2721 sint,
357 2685 556 2725 defendamus]
590 2686 670 2715 Haec
699 2685 780 2714 mihi

85 2737 209 2767 semper
223 2728 334 2757 vitiosa
347 2729 414 2758 visa
432 2735 518 2758 sunt.
564 2729 601 2757 In
624 2728 709 2757 libris
726 2737 782 2757 au-

86 2769 153 2799 xilii
173 2772 211 2800 ad
235 2771 455 2809 corrigendum
472 2770 648 2800 nihildum
672 2771 783 2809 reperi-

87 2822 172 2843 mus.
214 2814 294 2844 Puto
313 2823 380 2844 esse
402 2814 594 2853 corrigenda,
610 2815 675 2843 sic:
700 2813 783 2854 quasi

82 2855 257 2895 praescripta
273 2864 300 2886 et
316 2856 459 2896 imperala
474 2857 544 2894 sint,
558 2864 613 2887 aut
629 2868 695 2898 quae
712 2862 782 2895 per-

826 2599 911 2637 qucd
934 2599 994 2628 sibi
1017 2605 1140 2628 constet
1162 2598 1248 2631 satis,
1266 2599 1406 2636 adeoque
1429 2596 1526 2625 etiarn

828 2648 1007 2671 constanter
1022 2641 1144 2670 defendi
1162 2642 1268 2679 possit.

869 2689 907 2714 16
925 2684 1067 2722 inlegram
1082 2683 1198 2712 servari
1221 2680 1357 2722 opormit]
1376 2684 1525 2715 Davisius

825 2728 858 2756 in
875 2727 993 2766 aliquot
1017 2728 1096 2756 Mss.
1111 2727 1313 2756 Alemannus
1329 2727 1362 2755 in
1378 2728 1464 2766 regio
1479 2736 1526 2756 re-

825 2771 904 2809 perit
919 2778 1081 2805 servatam,
1103 2776 1139 2799 ut
1157 2775 1188 2800 et
1212 2771 1244 2799 in
1267 2770 1316 2799 ed.
1331 2769 1413 2801 Ven.
1432 2775 1524 2804 1471.

825 2814 910 2853 quod
926 2823 1036 2843 verum
1053 2819 1140 2852 puto.
