1778 3095
575 107 754 144 LIBER
791 104 1035 142 PRIMUS.
1445 109 1525 151 239

106 229 184 258 nec
220 214 440 273 quisquam
479 213 663 269 attingit,
691 220 843 269 praeter
875 226 964 262 eos,
995 210 1068 267 qui
1105 208 1281 251 eandem
1314 209 1528 253 licentiam

105 272 312 314 scribendi
333 272 411 315 sibi
440 269 628 326 permitti
650 269 811 311 volunt.
868 269 1014 311 Quare
1037 275 1074 298 14
1090 266 1124 307 si
1143 265 1302 322 aliquid
1321 266 1529 309 Oratoriae

106 327 242 369 laudis
264 338 404 370 nostra
429 326 645 368 attulimus
672 326 887 376 industria,
917 324 1054 366 multo
1083 322 1308 364 studiosius
1338 321 1527 377 philoso-

106 384 219 439 phiae
258 386 391 427 fontes
429 382 676 438 aperiemuS,
714 397 738 424 e
772 382 925 438 quibus
960 381 1086 422 etiam
1128 378 1253 420 nilla
1288 378 1529 419 manabant.

108 440 206 492 Sed,
227 450 272 483 ut
289 439 555 490 Aristoteles,
577 439 635 481 vir
662 454 828 480 summo
856 438 1041 494 ingenio,
1072 436 1254 478 scientiae
1274 435 1410 490 copia,
1430 433 1576 481 cum4

104 505 246 538 motus
264 505 371 537 esset
400 496 595 537 Isocratis
624 496 801 537 rhetoris
825 495 976 550 gloria,
1008 501 1046 526 16
1060 493 1211 534 docere
1238 493 1365 533 etiam
1384 491 1565 547 coepit,7

105 552 385 594 adolescentes
407 552 557 603 dicere,
579 560 622 593 et
639 552 903 608 prudentiam
933 566 1030 592 cum
1058 548 1297 605 eloquentia
1320 548 1531 604 jungere:

106 609 164 650 sic
184 609 302 650 nobis
323 608 461 664 placet
488 617 521 645 17
542 623 616 650 nec
642 609 865 665 pristinum
893 606 1059 649 dicendi
1087 606 1273 648 studium
1304 605 1532 661 deponere,

107 665 206 706 etin
226 665 305 706 hac
323 665 498 722 majore,
528 674 571 707 et
599 667 791 707 uberiore
815 676 903 706 arte
936 663 1098 706 versari.
1126 663 1234 703 hanc
1263 662 1375 703 enim
1394 662 1533 717 perfe-

110 729 220 761 ctam
251 721 563 777 philosophiam
595 737 760 777 semper
785 722 986 778 judicavi,
1017 736 1110 777 quae
1131 720 1183 761 de
1204 718 1397 759 maximis
1414 733 1531 773 quae-

108 777 311 818 stionibus
344 779 514 833 copiose
542 789 698 834 posset,
730 787 957 834 ornateque
987 777 1149 819 dicere:
1181 776 1223 816 in
1257 790 1384 830 quam
1414 789 1531 815 exer-

107 832 351 875 citationem
384 835 442 875 ita
476 850 552 876 nos
586 836 771 876 studiose
814 844 850 866 18
869 835 1074 890 [operam]
1119 831 1326 882 dedimus,
1364 840 1411 872 ut
1440 831 1535 887 jam

106 889 230 930 etiam
254 891 418 932 scholas
439 892 685 933 Graecorum
707 907 823 932 more
850 891 1003 932 habere
1028 890 1301 931 auderemus:
1334 896 1381 928 ut
1401 901 1534 943 nuper

108 954 230 987 tuum
247 956 344 1002 post
363 948 592 989 discessum
611 949 652 989 in
668 948 923 999 Tusculano,
944 962 1041 988 cum
1056 954 1193 987 essent
1208 945 1347 1000 plures
1364 958 1536 985 mecum

109 1002 346 1054 familiares,
366 1005 533 1055 tentavi,
555 1005 657 1061 quid
678 1005 720 1045 in
748 1020 798 1046 eo
825 1019 978 1060 genere
1005 1017 1189 1058 possem.
1212 1012 1260 1042 ut
1280 1001 1388 1041 enim
1413 1009 1539 1042 antea

108 1057 428 1101 declamitabam
451 1077 610 1113 causas,
633 1062 748 1118 quod
770 1076 892 1102 nemo
914 1075 982 1102 me
1012 1060 1168 1101 diutius
1198 1058 1322 1099 fecit:
1363 1057 1421 1098 sic
1443 1057 1535 1098 haec

108 1131 218 1157 nunc
247 1117 350 1158 mihi
381 1118 517 1159 senilis
548 1129 611 1160 est
632 1118 898 1160 declamatio.
959 1119 1115 1158 Ponere
1138 1115 1359 1171 jubebam,
1378 1113 1430 1154 de
1451 1127 1537 1168 quo

111 1174 204 1228 quis
241 1174 382 1214 audire
409 1174 556 1216 vellet:
606 1176 659 1216 ad
694 1175 734 1216 id
768 1183 840 1216 aut
880 1174 1039 1224 sedens,
1081 1182 1153 1213 aut
1191 1170 1409 1212 ambulans
1450 1169 1535 1211 dis-

111 1230 325 1285 putabam.
386 1233 535 1286 Itaque
566 1231 728 1273 dierum
767 1232 950 1287 quinque
987 1230 1167 1279 scholas,
1202 1237 1249 1269 ut
1286 1227 1425 1268 Graeci
1459 1241 1570 1282 ap-8

111 1285 284 1340 pellant,
306 1288 346 1328 in
366 1288 543 1329 totidem
563 1288 690 1329 libros
712 1289 886 1329 contuli.
918 1288 1042 1328 fiebat
1071 1296 1212 1327 autem
1243 1284 1315 1335 ita,
1346 1293 1407 1335 ut,
1437 1298 1536 1324 curn

112 1342 161 1391 is,
182 1342 251 1397 qui
273 1343 416 1385 audire
448 1344 584 1394 vellet,
617 1344 802 1395 dixisset,
835 1344 936 1400 quid
972 1344 1050 1385 sibi
1085 1342 1306 1390 videretur,
1337 1349 1429 1381 tum
1454 1354 1538 1395 ego

108 1408 255 1439 contra
276 1400 473 1441 dicerem.
494 1401 584 1441 haec
604 1409 667 1441 est
686 1401 811 1452 enim,
826 1410 874 1441 ut
890 1400 984 1451 scis,
998 1409 1128 1448 vetuS‚
1145 1407 1188 1438 et
1201 1397 1415 1438 Socratica
1432 1398 1540 1437 ratio

109 1463 257 1495 contra
274 1456 443 1497 alterius
464 1457 704 1512 opinionem
732 1457 974 1498 disserendi.
1004 1472 1099 1497 nam
1127 1456 1186 1495 ita
1206 1453 1418 1504 facillime,
1438 1452 1540 1508 quid

108 1510 454 1553 verisimillimum
475 1523 598 1563 esset,
616 1514 784 1554 inveniri
801 1527 922 1569 posse
938 1513 1131 1553 Socrates
1152 1510 1444 1551 arbitrabatur.
1466 1508 1541 1550 sed

109 1581 195 1621 quo
230 1569 496 1610 commodius
533 1569 838 1624 disputationes
871 1577 1024 1610 nostrae
1063 1567 1337 1623 explicentur,
1373 1566 1432 1606 sic
1469 1579 1541 1607 eas

109 1637 331 1678 exponam,
371 1625 491 1681 quasi
529 1634 681 1681 agatur
717 1640 797 1677 res,
837 1640 921 1667 non
961 1627 1079 1681 quasi
1116 1631 1316 1664 narretur.
1347 1636 1451 1678 ergo
1482 1622 1542 1663 ita

108 1689 302 1723 nascetur
319 1682 552 1723 exordium.

166 1737 222 1778 A.
244 1739 413 1780 Malum
434 1739 540 1780 mihi
564 1739 725 1781 videtur
744 1753 834 1780 esse
858 1738 995 1779 Mors.
1054 1739 1120 1779 M.
1144 1738 1269 1789 Iisne,
1290 1737 1363 1794 qui
1382 1722 1588 1777 mortui-5

112 1803 224 1845 sunt,
244 1809 298 1835 an
326 1795 389 1846 iis,
419 1796 572 1851 quibus
603 1796 869 1837 moriendum
899 1797 990 1836 est?
1023 1794 1080 1835 A.
1102 1795 1318 1850 Utrisque.
1376 1796 1442 1835 M.
1463 1793 1578 1840 Est9

111 1851 310 1892 miserum
331 1852 476 1907 igitur,
504 1854 701 1908 quoniam
729 1852 904 1894 malum.
963 1852 1019 1893 A.
1044 1851 1184 1893 Certe.
1213 1852 1280 1892 M.
1300 1852 1416 1905 Ergo
1436 1857 1479 1890 et
1498 1849 1542 1899 ii,

113 1907 266 1962 quibus
285 1908 421 1949 evenit
444 1908 550 1964 jam,
580 1918 629 1950 ut
665 1917 940 1959 morerentur,
972 1916 1013 1949 et
1048 1908 1090 1959 ii,
1123 1908 1275 1964 quibus
1294 1916 1540 1949 eventurum
1553 1906 1583 1969 Ξ
1601 1902 1670 1928 150’

113 1972 192 2015 est,
213 1964 367 2005 miseri.
412 1966 467 2005 A.
490 1965 602 2006 Mihi
620 1965 679 2006 ita
695 1965 869 2007 videtur.
927 1966 993 2005 M.
1016 1980 1142 2006 nemo
1163 1979 1265 2020 ergo
1286 1978 1370 2004 non
1390 1963 1540 2004 miser?
1576 1962 1583 1969 ’

113 2019 169 2061 A.
193 2021 364 2062 Prorsus
386 2035 525 2062 nemo.
568 2023 634 2062 M.
651 2023 706 2062 Et
727 2022 912 2078 quidem,
931 2021 965 2063 si
982 2021 1059 2062 tibi
1078 2031 1270 2063 constare
1289 2020 1361 2070 vis,
1381 2033 1545 2070 omnes,

114 2077 355 2134 quicunque
386 2077 473 2118 nati
502 2087 614 2127 sunt,
644 2087 828 2129 eruntve,
860 2093 944 2118 non
977 2078 1115 2120 solum
1147 2077 1303 2129 miseri,
1324 2076 1396 2118 sed
1417 2076 1544 2118 etiam

115 2147 279 2190 semper
312 2133 467 2175 miseri.
499 2149 595 2175 nam
633 2135 667 2175 si
706 2135 820 2176 solos
857 2149 930 2175 eos
969 2134 1127 2176 diceres
1160 2135 1352 2184 miseros,
1392 2133 1547 2189 quibus

160 2287 198 2311 14
221 2279 245 2310 εὶ
271 2278 388 2322 aliquid
413 2278 560 2310 Oratort'ae
590 2278 698 2317 laudis]
732 2279 807 2309 Cor-

115 2332 219 2354 rexere
234 2324 378 2363 quidam,
402 2323 436 2352 in
459 2323 508 2352 his
532 2323 639 2353 Davis.
655 2322 747 2353 laudi.
763 2329 808 2352 at-

115 2376 178 2404 que
204 2367 247 2396 ita
272 2373 303 2396 et
326 2367 445 2396 habent
468 2366 614 2405 quaedam
639 2366 708 2395 edd.
732 2372 807 2395 vett.

118 2409 248 2440 Mediol.
265 2410 324 2439 &c.
340 2419 404 2439 non
427 2417 552 2438 necesse
567 2415 640 2438 erat.
657 2407 808 2437 attulimus

119 2452 220 2482 referri
236 2458 336 2491 potest
350 2452 389 2482 ad
410 2451 548 2487 Latinos,
573 2452 746 2486 Romanos,
761 2451 809 2480 his

118 2494 224 2524 attulit
243 2495 371 2525 laudem
391 2494 570 2524 oratoriam.
616 2494 679 2523 Ms.
702 2493 809 2524 Guelf.

120 2536 216 2567 habet
231 2536 334 2567 laudis.

163 2587 199 2611 15
224 2579 277 2608 illa
302 2578 473 2618 manabant]
503 2578 584 2609 Ferri
615 2585 726 2618 potest.
756 2579 809 2609 sed

119 2621 208 2652 valde
230 2622 332 2662 placet
354 2622 467 2652 Pearcii
490 2622 639 2652 correctio
659 2622 809 2658 manabat,

118 2670 156 2693 ut
169 2666 207 2695 ad
222 2666 389 2696 oratoriam
406 2665 534 2695 laudern
550 2665 712 2704 pertineat.

165 2711 202 2737 16
224 2707 314 2737 dicere
326 2708 413 2737 etiam
436 2708 533 2746 caepit,
558 2707 742 2737 adolescentes
764 2707 812 2736 do-

120 2747 194 2787 eer'e]
227 2750 355 2780 Falsum
381 2756 427 2780 est
455 2750 656 2780 Aristotelem
682 2750 810 2779 dixisse.-

122 2792 143 2820 i.
160 2800 188 2821 e.
210 2800 363 2822 oratorem
392 2794 499 2832 egisse.
544 2793 604 2822 Sed
634 2799 740 2822 motus
766 2793 812 2822 111-

121 2833 204 2863 vidia
228 2844 300 2873 erga
325 2835 506 2871 Isocratem,
533 2836 589 2874 qui
614 2835 740 2865 scholas
766 2836 812 2865 di-

851 2280 940 2309 cendi
965 2279 1105 2315 haberet,
1128 2279 1222 2318 coepit
1245 2285 1275 2307 et
1301 2279 1364 2317 ipse
1389 2277 1547 2307 rhetorem

851 2332 950 2361 agere.
969 2323 1072 2360 itaque
1088 2332 1142 2360 pro
1162 2321 1254 2350 dicere
1275 2321 1446 2359 legendum
1462 2320 1548 2350 vide-

851 2372 902 2394 tur
927 2365 1022 2394 dome
1048 2371 1077 2393 et
1107 2370 1176 2403 post
1198 2364 1371 2393 delendum
1395 2364 1456 2392 hoc
1480 2372 1548 2392 ver—

852 2408 942 2438 bum.
992 2407 1152 2436 Bentleius
1176 2407 1320 2442 correxit,
1345 2405 1437 2434 dicere
1459 2405 1548 2435 etiam

853 2451 939 2490 coepit
953 2450 993 2478 ad
1014 2449 1219 2478 adolescentes:
1243 2450 1327 2488 quod
1344 2459 1409 2477 non
1432 2448 1548 2487 placet.

851 2494 1012 2532 optimum
1036 2493 1158 2522 videtur
1179 2492 1273 2521 verba
1295 2491 1388 2520 dicere
1408 2498 1439 2520 et
1453 2491 1549 2521 docere

852 2542 1041 2575 permutare.

898 2585 932 2613 17
959 2578 1196 2616 nec—deponere,
1209 2574 1285 2616 &c.]
1303 2576 1455 2605 Usitatius
1470 2576 1550 2605 foret

854 2628 977 2650 et-non
994 2621 1138 2660 deponere,
1153 2627 1190 2649 et.
1229 2620 1287 2648 Sed
1305 2625 1334 2648 et
1350 2619 1423 2648 alibi
1440 2618 1551 2648 Cicero

853 2666 898 2694 sic
913 2675 962 2693 nec
985 2664 1034 2693 vel
1057 2674 1146 2704 neque
1168 2663 1269 2702 ponit,
1294 2668 1445 2700 sequente
1462 2667 1502 2698 et,
1517 2670 1549 2691 v.

854 2709 892 2737 ad
909 2708 963 2736 Or.
980 2717 1034 2745 pro
1052 2707 1164 2736 Quint.
1185 2713 1212 2735 1.
1229 2712 1259 2734 et
1275 2704 1363 2734 Clav.
1380 2705 1412 2733 in
1429 2714 1529 2744 neque.

901 2756 937 2779 18
962 2756 1074 2788 operam
1091 2747 1230 2785 dedimus]
1252 2753 1364 2786 operam
1386 2747 1466 2776 mihi
1483 2755 1552 2776 sus-

856 2799 986 2832 pectum
1014 2798 1072 2827 est,
1102 2798 1243 2830 putoque
1269 2789 1453 2819 delendum.
1498 2788 1550 2817 Sic

856 2836 917 2865 vidi
935 2842 964 2864 et
980 2834 1134 2873 placuisse
1151 2833 1307 2863 Lambino
1322 2839 1353 2861 et
1365 2831 1444 2861 aliis.
