1768 3095
585 113 766 151 LIBER
795 113 1041 151 PRIMUS.
1477 122 1524 154 81

139 223 248 263 dolore
265 224 412 262 detracto
427 238 437 267 3
466 220 557 273 quod
571 222 644 271 ipsa
661 222 724 258 illa
743 221 900 259 molestiae
917 219 1077 263 detractio
1095 222 1349 258 consecutionem
1367 224 1528 275 volupta-

138 279 183 315 tis
211 278 348 327 afferat.
378 291 406 314 c.
431 283 491 313 11.
552 275 758 325 Voluptatem
791 284 901 311 autem
933 287 1001 311 esse
1027 287 1193 311 summum
1221 274 1355 320 bonum,
1387 276 1527 315 dolorem

138 345 302 369 summum
322 331 460 371 malum,
479 341 520 365 ex
538 342 571 365 eo
585 329 737 378 intelligi,
757 327 848 379 quod
863 327 952 364 nihil
968 327 1097 364 beatius
1112 341 1180 365 esse
1187 329 1291 378 possit
1309 342 1355 373 e0,
1376 330 1435 379 qui
1446 341 1526 380 per-

134 386 242 435 petuis
252 385 405 434 fruatur
421 383 531 419 animo
549 391 581 418 et
598 392 726 432 corpore
751 380 998 432 voluptatibus,
1017 381 1108 418 nullo
1134 381 1242 430 dolore
1260 395 1317 418 nec
1335 382 1527 432 impediente

96 476 100 478 ,
138 451 196 475 nec
222 436 438 488 impendente,
459 435 510 472 nil
533 445 648 472 contra
667 436 818 471 miserius
845 448 890 476 eo,
915 436 972 485 qui
1003 435 1158 471 maximis
1176 436 1340 483 confectus
1358 436 1402 472 sit
1421 438 1526 474 animi

98 532 102 535 ,
139 491 339 541 corporisque
357 487 538 533 doloribus,
553 489 648 526 nulla
662 499 716 538 spe
724 489 995 539 proposita,jore
1009 489 1124 525 melius
1141 489 1335 539 aliquando,
1354 489 1450 527 nulla
1468 505 1525 528 ne-

137 557 198 595 que
209 552 373 594 praesente
398 555 501 591 neque
527 551 718 592 exspectata
747 542 936 591 voluptate,
954 556 983 578 c.
1007 548 1066 579 12.
1129 542 1197 592 Qui
1225 543 1259 579 in
1288 557 1356 580 uno
1382 544 1525 590 virtute,

136 598 274 633 nominis
292 595 461 647 splendore
478 597 581 645 copti,
599 610 763 632 summum
785 595 902 631 bonum
925 602 1066 646 ponant,
1085 609 1149 631 non
1167 595 1295 640 videre,
1314 610 1386 633 eom
1407 611 1449 634 ne
1464 611 1524 634 ex-

131 650 306 699 petendam
324 649 455 700 quidem
482 648 604 691 videri,
632 650 696 685 nisi
722 649 928 699 ‘voluptatem
951 648 1102 697 efficeret,
1121 658 1153 685 et
1174 657 1257 686 esset
1283 651 1426 686 omnium
1447 652 1524 688 vir-

136 711 246 740 tutum
271 703 408 754 quidam
435 701 484 739 ad
508 703 717 753 voluptatem
742 716 870 738 cursus.
891 716 920 739 c.
945 708 1004 739 13.
1033 702 1090 739 16.
1151 702 1294 739 Nullum
1324 704 1432 753 igitur
1457 718 1524 742 esse

134 769 273 793 errorem
292 757 326 792 in
350 757 428 807 ipsis
447 755 598 802 finibus,
619 755 678 792 sed
701 757 736 791 in
763 755 815 792 his
843 755 955 797 rebus,
976 769 993 792 e
1010 755 1132 806 quibus
1149 755 1351 804 efficiantur.
1409 758 1528 795 Fateri

135 819 246 847 autem
266 823 310 852 se,
331 809 436 846 animi
463 808 670 859 voluptatem
695 819 727 845 et
753 809 891 845 dolorem
909 822 926 846 e
945 820 1074 858 corpore
1095 811 1186 846 nasci
1203 826 1214 845 .·
1243 810 1304 847 sed
1327 824 1393 847 esse
1412 821 1523 849 tamen

133 864 238 900 animi
254 863 463 913 voluptatem
481 872 512 899 et
530 862 668 899 dolorem
687 864 841 910 mojorem
862 875 908 906 eo,
928 864 986 913 qui
1004 863 1039 898 in
1058 874 1186 913 corpore
1202 864 1260 903 sit.
1281 864 1372 914 qnod
1394 876 1523 916 corpore

129 917 313 967 praesentia
333 926 467 952 tantum
490 917 682 959 sentiamus,
703 918 813 952 animo
837 916 1012 966 praeterita
1041 916 1142 952 etiam
1170 926 1202 953 et
1216 918 1363 965 futuro,
1384 933 1521 968 quorum

134 984 261 1019 magna
279 971 335 1006 vis
353 970 397 1005 sit
417 969 466 1005 od
479 969 687 1020 voluptatem
707 979 738 1006 et
759 969 897 1006 dolorem
926 969 1131 1018 augendum,
1151 981 1254 1021 prout
1281 973 1408 1022 sopiens
1427 973 1520 1022 quis·

134 1037 198 1074 que
222 1031 284 1060 aut
310 1024 435 1060 stultus
458 1024 516 1060 sit.
573 1024 693 1073 Itaque
714 1024 897 1073 Epicurum
922 1023 1035 1066 etiam,
1057 1024 1177 1060 nemini
1202 1024 1268 1060 nisi
1292 1027 1434 1076 sapienti
1459 1040 1520 1063 vo—

134 1077 294 1128 luptatem
315 1077 421 1118 illam,
441 1076 561 1112 nemini
589 1077 653 1112 nisi
680 1077 782 1112 stulto
807 1076 945 1113 dolorem
965 1076 1119 1114 tribuere.
1137 1091 1168 1114 c.
1192 1084 1252 1124 17.
1273 1092 1346 1129 sqq.
1407 1080 1523 1130 Neque

133 1130 266 1168 tandem
285 1131 480 1172 amicitiam,
499 1130 559 1166 isto
576 1144 700 1166 summo
719 1129 796 1166 bono
814 1133 1002 1175 constituto,
1022 1131 1106 1173 tolli,
1128 1131 1216 1181 quod
1237 1133 1379 1168 omnium
1399 1146 1520 1175 rerum,

133 1199 220 1234 quas
239 1184 288 1221 ad
304 1185 459 1220 suaviter
473 1183 659 1220 vivendum
674 1184 837 1233 sapientia
853 1185 1111 1234 comparaverit,
1124 1183 1212 1221 nihil
1228 1186 1336 1232 majus
1354 1187 1519 1230 amicitia,

134 1238 186 1274 m'l
189 1237 376 1284 jucundius
397 1237 452 1274 sit.

82 1313 243 1386 NON
261 1359 376 1385 eram
406 1344 586 1395 nescius,
606 1345 751 1397 Brute,
771 1360 884 1397 cum,
905 1360 999 1402 quae
1031 1346 1207 1387 summis
1227 1347 1422 1402 ingeniis,
1444 1362 1516 1389 ex·
1533 1354 1560 1401 1

81 1400 319 1456 quisitaque
339 1401 530 1442 doctrina
547 1401 790 1457 philosophi
811 1403 964 1443 Graeco
993 1417 1187 1444 sermone
1214 1404 1516 1457 tractavissent,
1531 1428 1548 1459 1

82 1471 132 1500 ea
150 1456 312 1498 Latinis
342 1457 490 1499 litteris
520 1458 828 1509 mandaremus,
850 1459 956 1509 fore,
986 1469 1034 1500 ut
1065 1459 1132 1501 hic
1165 1469 1309 1501 noster
1334 1461 1453 1502 labor
1473 1462 1517 1514 in

80 1513 211 1554 varias
232 1514 576 1569 reprehensiones
596 1515 839 1555 incurreret.
871 1530 967 1556 nam
998 1516 1267 1571 quibusdam,
1287 1525 1330 1557 et
1350 1517 1399 1558 iis
1422 1519 1515 1573 qui-

80 1569 178 1611 dem
206 1583 291 1610 non
319 1570 552 1611 admodum
583 1571 777 1621 indoctis,
809 1582 946 1612 totum
979 1572 1062 1613 hoc
1087 1571 1295 1628 displicet,
1324 1573 1513 1628 philoso-

79 1625 214 1682 phari.
244 1626 417 1682 quidam
444 1636 584 1668 autem
614 1637 626 1659 1
647 1642 731 1668 non
760 1627 802 1668 id
835 1637 922 1669 tam
954 1628 1284 1684 reprehendunt,
1304 1630 1339 1670 si
1369 1630 1516 1672 remis-

81 1683 166 1725 sius
201 1692 377 1739 agatur:
407 1683 482 1725 sed
513 1692 678 1724 tantum
711 1684 912 1736 studium,
934 1694 1106 1741 tamque
1137 1685 1317 1727 multam
1342 1701 1514 1742 operam

79 1741 318 1795 ponendam
337 1740 380 1780 in
399 1754 451 1780 eo
472 1754 557 1781 non
576 1742 844 1782 arbitrantur.
903 1743 1039 1784 Erunt
1056 1742 1199 1793 etiam,
1220 1752 1262 1783 et
1283 1743 1327 1784 hi
1343 1743 1516 1799 quidem

78 1795 232 1840 eruditi
264 1797 429 1838 Graecis
457 1796 621 1848 litteris,
642 1807 958 1839 contemnentes
989 1800 1177 1851 Latinas,
1201 1800 1273 1855 qui
1304 1814 1347 1840 se
1376 1799 1519 1842 dicant

79 1852 122 1893 in
144 1852 305 1894 Graecis
323 1853 514 1909 legendis
543 1868 716 1909 operam
737 1855 862 1895 malle
881 1870 1143 1896 consumere.
1205 1857 1423 1897 Postremo
1443 1857 1519 1898 ali-

78 1922 185 1964 quos
202 1910 367 1950 futuros
386 1910 591 1965 suspicor,
613 1911 683 1966 qui
705 1926 773 1952 me
793 1912 847 1952 ad
866 1912 966 1953 alias
987 1913 1146 1954 litteras
1167 1922 1317 1954 vocent
1337 1931 1346 1954 ε
1379 1928 1515 1969 genus

79 1964 162 2015 hoc
193 1965 417 2017 scribendi,
436 1967 514 2007 etsi
547 1967 600 2008 sit
631 1968 817 2023 elegans,
839 1982 1030 2023 personae
1055 1978 1213 2021 tamen,
1234 1979 1277 2011 et
1297 1969 1515 2026 dignitatis

77 2035 168 2073 esse
188 2031 360 2078 negent.
422 2022 584 2063 Contra
612 2038 717 2078 quos
749 2039 894 2065 omnes
924 2025 1148 2067 dicendum
1172 2027 1352 2068 breviter
1370 2028 1549 2070 existi-2

77 2092 164 2119 mo.
201 2093 459 2135 quamquam
495 2079 775 2135 philosophiae
814 2081 983 2137 quidem
1020 2083 1375 2138 vituperatoribus
1415 2085 1515 2126 satis

77 2149 326 2190 responsum
346 2144 409 2176 est
431 2150 482 2176 eo
504 2136 627 2187 libro,
648 2151 733 2192 quo
764 2152 788 2177 a
821 2138 943 2179 nobis
971 2139 1242 2196 philosophia
1271 2141 1442 2182 defensa
1472 2151 1515 2182 et

77 2191 316 2233 collaudata
335 2201 412 2242 est,
434 2207 531 2233 cum
552 2203 663 2233 esset
683 2203 879 2234 accusata
905 2204 947 2235 et
978 2196 1210 2251 vituperata
1238 2198 1292 2238 ab
1322 2199 1514 2239 Horten-

77 2248 154 2289 sio.
185 2249 258 2305 qui
278 2249 501 2290 libercum
523 2259 566 2290 et
586 2250 663 2290 tibi
682 2252 885 2304 probatus
914 2251 1133 2301 videretur,
1154 2265 1196 2294 et
1215 2254 1281 2305 iis,
1302 2269 1408 2309 quos
1430 2269 1512 2310 ego

78 2318 200 2359 posse
222 2305 416 2362 judicare
447 2306 683 2356 arbitrarer,
715 2306 834 2361 plura
863 2309 1042 2363 suscepi,
1062 2309 1230 2361 veritus,
1262 2325 1314 2350 ne
1344 2325 1513 2351 movere

77 2360 298 2403 hominum
330 2362 469 2403 studia
498 2362 671 2413 viderer,
697 2371 714 2394 2
731 2364 908 2404 retinere
930 2379 1013 2404 non
1038 2380 1177 2420 posse.
1235 2367 1324 2423 Qui
1353 2377 1512 2418 autem,

76 2417 111 2458 s'i
144 2419 326 2460 maxime
361 2419 442 2459 hoc
476 2419 654 2474 placeat,
685 2420 943 2461 moderatius
979 2429 1120 2462 tamen
1152 2423 1194 2463 id
1227 2423 1374 2464 volunt
1410 2425 1513 2475 fieri,

75 2473 287 2517 difficilem
327 2475 537 2531 quandam
573 2477 894 2532 temperantiam
930 2479 1149 2533 postulant
1183 2479 1226 2520 in
1261 2495 1326 2532 eo,
1359 2481 1558 2537 3quodb·

96 2647 100 2654 ,
121 2622 133 2646 1
153 2627 206 2645 non
232 2616 264 2645 id
290 2624 350 2647 ram
381 2618 602 2659 reprehendunt]
634 2620 713 2650 Mss.
743 2628 774 2650 et
860 2627 878 2650 8
902 2622 979 2663 quod
997 2624 1085 2653 semel
1103 2623 1274 2666 admissum]
1298 2627 1349 2656 Sic
1374 2627 1442 2657 edd.
1466 2637 1513 2667 pr.

76 2659 146 2688 edd.
175 2666 249 2690 vett.
275 2670 389 2691 omnes
419 2662 538 2691 habent
565 2670 677 2692 tantum
707 2674 772 2693 non
815 2673 855 2693 ex
870 2674 933 2703 quo
950 2674 1018 2705 post
1034 2668 1155 2698 factum
1169 2669 1237 2707 jam
1253 2670 1368 2699 missum
1384 2679 1402 2698 a
1419 2671 1513 2700 Lam·
1535 2700 1537 2702 ,

77 2708 149 2737 tarn,
164 2704 248 2741 quod
264 2705 386 2742 pn'mus
401 2705 485 2734 dedit
500 2705 669 2736 Victorius.
707 2707 772 2737 Da-
815 2707 892 2738 bino
918 2710 1029 2740 eodem
1052 2720 1159 2741 sensu.
1182 2722 1259 2741 nam
1287 2719 1460 2751 utrumque
1475 2715 1513 2743 de

75 2745 171 2773 visius
185 2746 280 2776 edidit
295 2756 312 2775 e
327 2747 511 2785 conjectura
527 2755 598 2778 tum.
813 2751 903 2788 equis
928 2753 1063 2783 dicitur:
1088 2762 1117 2783 et
1136 2755 1181 2784 sic
1206 2755 1285 2785 Mss.
1301 2756 1431 2795 quidam
1457 2757 1513 2785 ha-

97 2786 283 2859 »vssbr‘g'n‘r‘
304 2800 359 2818 non
379 2790 477 2831 posse]
509 2791 560 2821 Sc.
589 2797 637 2822 sat
667 2791 770 2821 multa
813 2793 899 2864 pent.
925 2796 1048 2834 praetuli
1072 2798 1246 2836 antiquius,
1264 2806 1299 2829 ut
1318 2805 1350 2827 et
1366 2799 1512 2829 Davisius

74 2837 132 2858 scr·
157 2838 196 2858 en
219 2839 249 2860 o.
826 2836 899 2866 ecit.

135 2882 249 2912 VOL.
272 2862 340 2914 1'v.
364 2885 403 2913 Ρ.
428 2887 459 2914 1.
835 2889 865 2916 G
