1778 3095
591 126 775 165 LIBER
809 125 1106 163 QUINTUS.
1221 135 1225 138 ·
1489 131 1568 164 205

136 238 305 295 poetice
323 235 487 302 loquar)
510 233 793 291 praetermissa
823 232 890 274 sit.
950 231 1215 282 Quinetiam,
1238 244 1336 272 cum
1357 231 1410 272 de
1429 247 1569 276 rerum
1583 244 1617 277 b.

136 296 279 347 initiis,
299 306 498 349 omnique
526 290 687 331 mundo
711 298 749 322 14
765 289 898 330 locuti
927 297 1081 339 essent,
1101 296 1149 328 ut
1170 287 1306 328 multa
1334 302 1419 328 non
1439 291 1572 332 modo

136 351 343 407 probabili
363 347 741 405 argumentatione,
759 345 831 387 sed
849 345 975 386 etiam
992 344 1226 385 necessaria
1245 343 1572 387 mathematico-

137 423 231 448 rum
249 408 406 449 ratione
426 402 728 445 concluderent
748 420 758 444 ε
789 401 1017 443 maximam
1046 401 1267 442 materiam
1283 414 1334 441 ex
1352 401 1476 441 rebus
1497 415 1574 456 per

137 478 182 504 se
202 460 456 517 investigatis
476 460 530 501 ad
549 474 689 501 rerum
721 459 987 500 occultarum
1013 457 1304 513 cognitionem
1325 456 1570 499 attulerunt.

137 520 383 560 Persecutus
405 526 468 558 est
484 516 737 558 Aristoteles
757 515 1035 556 animantium
1056 514 1249 555 omnium
1269 522 1403 565 ortus,
1422 513 1570 565 victus,

136 575 303 631 figuras.
360 572 678 629 Theophrastus
699 580 842 613 autem
872 571 1066 626 stirpium
1089 579 1271 621 naturas,
1293 570 1572 626 omniumque

134 632 221 672 fere
251 644 405 681 rerum,
427 645 521 686 quae
553 644 576 670 e
607 638 718 670 terra
746 628 1037 684 gignerentur,
1058 641 1205 669 causas
1225 635 1354 682 atque
1373 627 1573 678 rationes,

134 702 217 742 qua
236 701 286 727 ex
307 687 550 742 cognitione
570 685 732 727 facilior
751 687 864 726 facta
882 693 946 725 est
970 683 1237 739 investigatio
1268 697 1408 724 rerum
1428 684 1573 725 occul-

134 743 406 784 tissimarum.
465 742 796 798 Disserendique
816 742 869 782 ab
890 740 1039 782 iisdem
1062 755 1147 782 non
1167 739 1387 781 dialectice
1417 739 1574 791 solum,

135 799 208 840 sed
228 800 355 840 etiam
387 799 567 841 oratorie
598 807 811 855 praecepta
840 806 938 839 sunt
967 797 1148 839 tradita:
1179 797 1232 838 ab
1257 795 1574 852 Aristoteleque

132 856 321 912 principe
341 855 392 897 de
414 856 590 912 singulis
612 857 737 897 rebus
757 855 799 896 in
817 863 1042 910 utramque
1072 863 1237 910 partem
1268 852 1435 894 dicendi
1456 867 1575 894 exer-

133 912 277 954 citatio
298 921 363 954 est
381 913 587 963 instituta,
603 921 652 954 ut
672 927 757 953 non
778 919 926 952 contra
945 910 1088 951 omnia
1107 924 1287 965 semper,
1309 910 1419 951 sicut
1438 909 1572 951 Arce-

132 968 245 1020 silas,
276 969 447 1021 diceret,
480 978 524 1010 et
554 978 711 1019 tamen,
742 977 791 1009 ut
817 968 860 1008 in
893 967 1089 1008 omnibus
1114 967 1254 1017 rebus,
1286 966 1493 1023 quidquid
1522 980 1575 1007 ex

133 1033 312 1081 utraque
342 1035 460 1082 parte
492 1025 575 1066 dici
606 1033 764 1081 posset,
796 1033 1078 1079 expromeret.
1137 1023 1250 1064 Cum
1277 1032 1419 1064 autem
1451 1022 1574 1064 tertia

134 1096 230 1137 pars
260 1083 367 1124 bene
396 1082 560 1123 vivendi
589 1091 801 1138 praecepta
833 1091 1053 1136 quaereret,
1074 1094 1124 1121 ea·
1151 1094 1320 1135 quoque
1340 1089 1404 1120 est
1424 1080 1478 1121 ab
1498 1080 1572 1121 iis-

135 1137 233 1179 dem
255 1154 339 1180 non
360 1139 498 1180 solum
530 1138 584 1180 ad
615 1138 786 1194 privatae
815 1139 909 1178 vitae
939 1138 1159 1187 rationem,
1181 1137 1254 1178 sed
1283 1135 1409 1177 etiam
1435 1135 1489 1177 ad
1508 1150 1573 1177 re-

135 1195 495 1251 rumpublicarum
526 1196 759 1236 rectionem
789 1194 934 1235 relata.
966 1202 1003 1226 1⁵
1021 1194 1217 1234 omnium·
1236 1194 1322 1234 fere
1341 1193 1575 1244 civitatum,

136 1267 221 1292 non
242 1253 421 1294 Graeciae
451 1251 604 1302 solum,
625 1251 699 1292 sed
726 1251 853 1291 etiam
883 1250 1109 1300 Barbariae,
1130 1250 1183 1291 ab
1210 1249 1457 1300 Aristotele,
1479 1263 1573 1290 mo—

137 1323 217 1358 reS,
251 1308 458 1359 instituta,
506 1308 746 1363 disciplinas
762 1323 775 1358 ;
821 1313 857 1339 16
875 1321 899 1348 a
937 1306 1232 1361 Theophrasto
1280 1306 1398 1361 leges
1446 1306 1574 1347 etiam

136 1365 429 1420 cognovimus.
460 1379 644 1420 cumque
680 1372 857 1419 uterque
891 1378 1040 1404 eorum
1072 1362 1297 1414 docuisset,
1332 1362 1502 1418 qualem
1532 1362 1577 1403 in

135 1421 353 1475 republica
378 1422 610 1476 principem
641 1434 733 1461 esse
765 1419 1020 1469 conveniret,
1040 1419 1232 1474 pluribus
1254 1427 1456 1475 praeterea
1475 1433 1576 1459 cum

135 1477 381 1532 scripsisset,
403 1477 475 1533 qui
496 1486 604 1518 esset
623 1478 810 1532 optimus
830 1476 1072 1531 reipublicae
1097 1484 1232 1517 status
1252 1492 1261 1516 ε
1293 1475 1376 1516 hoc
1393 1475 1577 1530 amplius

133 1532 466 1588 Theophrastus,
487 1549 582 1589 quae
610 1542 753 1574 essent
782 1533 826 1573 in
856 1532 1073 1588 republica
1101 1531 1394 1573 inclinationes
1419 1546 1576 1583 rerum,

133 1597 177 1629 et
206 1598 423 1630 momenta
452 1599 708 1645 temporum,
730 1589 884 1644 quibus
915 1597 1026 1629 esset
1054 1588 1379 1639 moderandum,
1406 1596 1578 1629 utcum-

134 1659 218 1700 que
240 1660 305 1687 res
325 1646 573 1702 postularet.
632 1646 744 1688 Vitae
765 1653 906 1686 autem
926 1644 1130 1700 degendae
1151 1645 1258 1686 ratio
1279 1645 1461 1686 maxime
1481 1645 1575 1700 qui—

134 1702 233 1743 dem
253 1702 333 1743 illis
359 1703 517 1758 placuit
537 1703 690 1758 quieta,
712 1703 754 1743 in
776 1701 1134 1756 contemplatione
1156 1710 1199 1742 et
1219 1701 1465 1757 cognitione
1495 1715 1574 1756 po—

134 1758 214 1799 sita
233 1773 370 1800 rerum
394 1776 402 1800 :
435 1775 529 1815 quae
557 1759 655 1815 quia
686 1759 863 1800 deorum
894 1767 983 1799 erat
1012 1758 1107 1799 vitae
1138 1758 1366 1808 simillima,
1387 1757 1574 1813 sapiente

134 1815 221 1855 visa
240 1825 304 1857 est
327 1816 588 1871 dignissima,
609 1824 736 1872 atque
770 1816 834 1856 his
863 1815 916 1856 de
946 1815 1072 1856 rebus
1103 1824 1146 1856 et
1176 1814 1395 1870 splendida
1414 1823 1478 1855 est
1498 1829 1572 1855 eo-

1590 544 1637 577 10

1590 1057 1632 1101 1.1

134 1886 230 1913 rum
259 1880 302 1912 et
332 1873 503 1913 illustris
529 1873 677 1913 oratio.
737 1873 805 1913 De
835 1886 1002 1913 summo
1031 1880 1175 1913 autem
1207 1872 1337 1922 bono,
1357 1871 1456 1926 quia
1485 1854 1701 1922 dung-12..

135 1942 292 1982 genera
310 1929 515 1970 librorum
538 1938 648 1978 sunt,
670 1944 801 1969 unum
821 1928 1080 1984 populariter
1102 1928 1321 1983 scriptum,
1343 1928 1459 1983 quod
1479 1930 1571 1977 ἔξω·
1584 1939 1618 1987 5

134 1985 272 2048 τεςξκὸν
292 1985 588 2041 appellabant3
620 1985 798 2026 alterum
828 1985 1028 2035 limatius,
1051 1985 1168 2040 quod
1193 1985 1235 2025 in
1258 1985 1572 2026 commentariis
1589 2013 1637 2045 12

135 2041 394 2096 reliquerunt
412 2058 421 2080 :
451 2056 537 2082 non
557 2056 721 2097 semper
739 2041 852 2082 idem
874 2041 1012 2082 dicere
1042 2041 1233 2082 videntur
1251 2058 1260 2082 ε
1293 2056 1369 2082 nec
1390 2041 1433 2082 in
1454 2056 1572 2082 sum-

135 2110 205 2137 ma
225 2107 367 2139 tamen
386 2098 477 2153 ipsa
495 2108 570 2139 aut
588 2099 762 2139 varietas
792 2106 856 2138 est
885 2097 985 2147 ulla,
1006 2098 1118 2152 apud
1148 2098 1227 2139 hos
1258 2098 1445 2153 quidem,
1466 2112 1574 2153 quos

135 2154 359 2204 nominavi,
381 2163 455 2195 aut
475 2155 582 2195 inter
602 2155 715 2209 ipsos
736 2154 954 2195 dissensio.
987 2154 1060 2194 sed
1090 2169 1189 2195 cum
1210 2155 1333 2195 beata
1353 2155 1435 2196 vita
1456 2170 1573 2210 quae·

134 2218 263 2261 ratur,
294 2211 422 2266 idque
453 2211 507 2251 sit
534 2226 682 2261 unum,
715 2210 831 2266 quod
861 2210 1130 2266 philosophia
1163 2220 1351 2265 spectare
1381 2220 1424 2252 et
1454 2211 1575 2266 sequi

134 2265 313 2309 debeat:
346 2268 452 2308 sitne
486 2282 534 2308 ea
569 2277 660 2309 tota
692 2268 771 2308 sita
801 2267 844 2307 in
874 2275 1083 2322 potestate
1113 2267 1325 2322 sapientis,
1357 2282 1408 2306 an
1440 2267 1574 2322 possit

134 2330 208 2363 aut
232 2323 489 2373 labefactari,
509 2333 583 2364 aut
612 2324 716 2379 eripi
745 2324 870 2364 rebus
902 2323 1096 2373 adversis,
1118 2323 1159 2363 in
1179 2337 1229 2363 eo
1252 2338 1572 2378 nonnumquam

134 2380 279 2422 variari
315 2381 423 2422 inter
454 2394 528 2421 eos
560 2390 603 2421 et
640 2380 824 2421 dubitari
861 2379 1039 2421 videtur.
1078 2379 1191 2434 quod
1229 2381 1411 2420 maxime
1446 2380 1573 2420 efficit

134 2435 416 2492 Theophrasti
437 2436 489 2477 de
518 2437 643 2477 beata
672 2437 756 2477 vita
786 2436 918 2477 liber:
950 2436 992 2476 in
1022 2450 1107 2491 quo
1133 2436 1318 2477 multum
1339 2435 1573 2477 admodum

135 2491 314 2534 fortunae
335 2493 471 2534 datur.
492 2492 606 2548 quod
627 2493 659 2534 si
681 2493 739 2534 ita
760 2507 802 2534 se
823 2493 991 2542 habeat,
1012 2507 1097 2533 non
1117 2492 1251 2547 possit
1274 2492 1442 2533 beatam
1463 2506 1571 2547 prae-

136 2557 244 2590 stare
263 2551 389 2595 vitam
410 2550 625 2605 sapientia.
656 2550 748 2590 haec
777 2549 882 2590 mihi
913 2548 1076 2590 videtur
1104 2548 1336 2599 delicatior,
1357 2558 1405 2590 ut
1429 2549 1487 2589 ita
1507 2548 1572 2590 di-

135 2619 243 2656 cam,
263 2607 516 2662 molliorque
549 2607 671 2658 ratio,
691 2621 819 2662 quam
850 2605 1012 2647 virtutis
1042 2605 1102 2646 vis
1131 2606 1397 2662 gravitasque
1422 2613 1571 2661 postu-

182 2766 220 2789 14
236 2758 322 2790 locuti
337 2767 436 2797 essent,
452 2761 498 2801 ut]
516 2762 566 2792 An
583 2762 699 2793 excidit
715 2762 758 2791 ita
772 2761 790 2792 ἕ
923 2767 960 2792 16
983 2773 1001 2789 α
1024 2759 1211 2800 Theophrasto
1238 2759 1312 2799 leges
1336 2757 1440 2800 etiam]
1468 2761 1575 2790 Libros

182 2807 218 2831 15
245 2803 367 2834 omnium
382 2804 454 2845 fere
479 2804 650 2843 civitatum]
681 2806 718 2836 In
746 2805 832 2835 libris
874 2804 1085 2843 Theophrasti
1121 2804 1161 2833 de
1190 2802 1312 2841 legibus
1342 2809 1576 2834 commemorat

138 2842 304 2876 Politicis.-
876 2848 969 2886 Diog.
987 2847 1143 2883 Laertius,
1159 2853 1190 2875 et
1205 2845 1268 2874 alii.
