1778 3095
571 169 751 208 LIBER
782 168 1024 207 PRIMUS.
1428 175 1506 209 425

86 289 138 317 ea
156 276 308 318 frustra
326 276 495 319 habebit
523 275 654 316 deus:
685 290 761 317 nec
786 284 955 317 externa
983 274 1133 331 magis,
1153 289 1279 331 quam
1299 275 1509 318 interiora.
1550 311 1555 314 .

89 332 192 383 Cor,
223 334 456 389 pulmones,
482 331 617 388 jecur,
648 340 786 373 cetera
802 347 814 382 3
845 346 939 387 quae
972 331 1160 373 detracta
1188 331 1382 381 utilitate,
1409 333 1508 388 quid
1521 344 1569 386 93

89 388 244 430 habent
266 388 515 430 venustatis?
549 387 887 444 quandoquidem
917 387 1008 428 haec
1037 402 1127 428 esse
1160 388 1201 428 in
1233 387 1311 428 deo
1342 399 1512 444 propter

88 446 415 499 pulcritudinem
451 444 588 485 vultis.
648 445 799 485 Istisne
838 444 1010 484 fidentes
1048 444 1221 484 somniis
1260 459 1341 485 non
1386 446 1514 487 modo

88 502 308 556 Epicurus,
342 510 384 541 et
419 500 706 551 Metrodorus,
739 510 782 541 et
815 499 1082 541 Hermachus
1116 509 1263 541 contra
1299 501 1514 557 Pythago-

88 571 193 608 ram,
231 558 459 606 Platonem,
493 557 876 612 Empedoclemque
904 556 1112 607 dixernnt,
1142 557 1214 597 sed
1250 557 1515 599 meretricula

88 614 216 654 etiam
250 614 474 654 Leontium
513 623 659 654 contra
694 612 1033 667 Theophrastum
1075 613 1255 653 scribere
1292 628 1393 654 ausa
1429 614 1511 655 sit?

87 670 193 710 scito
214 669 284 710 illa
305 669 472 725 quidem
504 684 695 710 sermone
715 679 758 710 et
777 669 939 720 Attico,
958 678 998 701 20
1013 668 1084 709 sed
1116 679 1269 710 tamen.
1328 670 1513 711 Tantum

89 725 259 780 Epicuri
290 726 437 767 hortus
469 726 616 767 habuit
643 726 835 766 licentiae.
866 735 906 766 et
937 725 1080 766 soletis
1101 728 1246 781 queri:
1279 727 1396 767 Zeno
1419 727 1513 782 qui-

85 781 181 822 dem
216 782 341 822 etiam
372 782 577 837 litigabat.
610 782 711 838 quid
743 783 879 823 dicam
914 782 1169 823 Albutium?
1205 797 1300 822 nam
1334 783 1512 824 Phaedro

89 837 193 878 nihil
221 838 472 893 elegantius,
504 839 603 879 nihil
633 839 870 879 humanius.
901 838 972 878 sed
1002 838 1345 880 stomachabatur
1372 855 1510 892 senex,
1522 856 1553 886 p.
1568 854 1620 880 «ιο.

86 893 121 934 si
143 894 242 949 quid
263 895 446 950 asperius
475 895 688 936 dixeram?
723 910 818 935 cum
854 895 1058 949 Epicurus
1090 896 1551 938 contumeliosissime&

87 950 361 992 Aristotelem
394 951 624 992 vexaverit:
658 950 855 991 Phaedoni
884 952 1099 991 Socratico
1126 951 1364 1006 turpissime
1383 953 1515 994 male-

85 1006 264 1048 dixerit:
297 1007 548 1057 Metrodori,
582 1007 736 1048 sodalis
768 1007 846 1057 sui,
880 1007 1064 1057 fratrem,
1087 1007 1385 1060 Timocratem,
1417 1011 1515 1066 quia

87 1063 228 1104 nescio
250 1063 350 1119 quid
370 1064 409 1103 in
433 1063 699 1118 philosophia
720 1063 971 1114 dissentiret,
990 1063 1089 1104 totis
1110 1063 1391 1106 voluminibus
1412 1081 1515 1107 con-

86 1119 260 1160 ciderit:
291 1121 332 1160 in
352 1120 648 1161 Democritum
679 1121 830 1175 ipsum,
851 1135 976 1175 quem
1008 1129 1178 1161 secutus
1198 1131 1276 1171 est,
1298 1121 1423 1164 fuerit
1453 1125 1515 1164 in-

83 1185 256 1230 gratus:
289 1176 622 1230 Nausiphanem,
643 1178 891 1232 magistrum
921 1191 1058 1227 suum,
1081 1185 1117 1208 21
1134 1190 1159 1217 a
1178 1191 1262 1232 quo
1283 1177 1383 1218 nihil
1404 1179 1511 1220 didi-

85 1241 213 1282 cerat,
249 1242 333 1272 tam
366 1232 476 1273 male
509 1233 729 1288 acceperit.
789 1234 906 1273 Zeno
937 1233 1106 1288 quidem
1142 1247 1226 1274 non
1256 1248 1327 1274 eos
1358 1234 1596 1286 solum,34

85 1289 158 1343 qui
180 1298 269 1329 tum
291 1298 421 1337 erant,
445 1297 482 1320 22
498 1289 825 1343 Apollodorum,
847 1289 1028 1345 Syllum,
1049 1300 1210 1331 ceteros
1240 1290 1394 1345 figebat
1421 1307 1511 1333 ma-

86 1344 271 1394 ledictis;
304 1345 376 1385 sed
396 1346 610 1386 Socratem
633 1346 785 1400 ipsum,
805 1356 1020 1400 parentem
1043 1346 1337 1401 philosophiae,
1360 1349 1512 1390 Latino

85 1401 211 1441 verbo
246 1411 381 1451 utens,
403 1410 441 1433 23
459 1416 641 1443 scurram
671 1402 861 1443 Atticum
892 1402 1053 1456 [fuisse]
1080 1403 1273 1444 dicebat:
1307 1403 1512 1460 Chrysip-

85 1470 187 1511 pum
212 1473 437 1513 numquam
463 1459 538 1498 nisi
561 1458 822 1513 Chesippum
845 1459 1033 1499 vocabat.
1061 1468 1107 1499 tu
1128 1459 1216 1513 ipse
1239 1459 1381 1514 paullo
1403 1463 1577 1514 ante‚94

86 1527 185 1553 cum
220 1523 433 1568 tamquam
471 1524 660 1555 senatum
695 1514 1043 1569 philosophorum
1083 1516 1291 1565 recitares,
1323 1531 1514 1559 summos

85 1569 416 1624 virosdesipere,
437 1570 624 1621 delirare,
647 1571 863 1611 dementes
895 1585 985 1611 esse
1016 1571 1196 1612 dicebas.
1256 1573 1451 1628 Quorum
1481 1575 1515 1616 si

86 1639 212 1666 nemo
248 1635 287 1658 24
302 1640 441 1666 verum
477 1626 579 1667 vidit
613 1627 663 1666 de
696 1635 843 1667 natura
874 1627 1064 1677 deorum,
1099 1629 1323 1669 verendum
1356 1639 1433 1681 est,
1465 1645 1516 1672 ne

87 1681 201 1722 nulla
221 1683 273 1723 sit
294 1683 482 1723 omnino.
543 1684 655 1723 Nam
677 1683 769 1732 ista,
791 1698 885 1738 quae
906 1698 976 1724 vos
997 1683 1149 1734 dicitis,
1169 1694 1267 1726 sunt
1288 1693 1377 1726 tota
1395 1701 1516 1728 com-

87 1738 299 1790 menticia,
335 1747 372 1770 2⁵
389 1739 453 1779 vix
487 1738 618 1794 digna
648 1739 939 1780 lucubratione
975 1740 1247 1781 anicularum.
1286 1756 1368 1782 non
1403 1744 1515 1784 enim

88 1795 264 1846 sentitis,
286 1810 413 1850 quam
447 1796 580 1835 multa
610 1796 725 1837 vobis
758 1796 1019 1851 suscipienda
1052 1797 1149 1847 sint,
1171 1797 1204 1837 si
1234 1798 1516 1852 impetraritis‚

86 1859 136 1891 ut
155 1852 451 1902 concedamus,
473 1851 647 1892 eandem
679 1867 770 1893 esse
799 1852 1033 1903 hominum,
1056 1862 1098 1893 et
1125 1853 1299 1894 deorum
1323 1854 1515 1910 figuram.

89 1906 238 1947 Omnis
269 1907 423 1958 cultus,
444 1918 487 1948 et
506 1908 666 1948 curatio
688 1909 874 1964 corporis
894 1909 976 1949 erit‘
993 1909 1138 1950 eadem
1161 1909 1400 1952 adhibenda
1420 1912 1516 1963 deo,

88 1977 183 2017 quae
214 1963 436 2004 adhibetur
468 1963 652 2005 homini:
686 1965 913 2020 ingressus,
946 1979 1106 2016 cursus,
1138 1967 1365 2017 accubitio,
1395 1968 1516 2010 incli-

89 2019 218 2069 natio,
241 2020 384 2070 sessio,
414 2020 732 2074 comprehensio
749 2037 760 2071 ;
792 2020 845 2061 ad
875 2029 1107 2063 extremum
1142 2022 1269 2063 etiam
1301 2038 1452 2075 sermo,
1474 2034 1517 2068 et

88 2075 239 2116 oratio.
298 2078 410 2117 Nam
444 2076 558 2132 quod
591 2087 634 2118 et
666 2091 800 2117 mares
830 2076 944 2129 deos,
965 2088 1008 2119 et
1028 2078 1216 2120 faeminas
1243 2094 1334 2120 esse
1363 2081 1515 2132 dicitis,
1527 2093 1577 2134 95

89 2131 192 2187 quid
225 2143 420 2187 sequatur
453 2132 612 2173 videtis.
671 2133 876 2188 Equidem
913 2134 1055 2175 mirari
1082 2136 1182 2176 satis
1214 2150 1298 2177 non
1326 2151 1516 2192 possum,

88 2187 200 2229 unde
221 2188 274 2229 ad
294 2189 392 2230 istas
415 2189 629 2243 opiniones
650 2199 785 2230 vester
803 2189 873 2230 ille
893 2190 1085 2246 princeps
1105 2193 1275 2233 venerit.
1330 2194 1412 2234 Sed
1432 2195 1517 2235 cla-

88 2258 203 2286 mare
225 2259 307 2286 non
329 2245 530 2296 desinitis,
551 2245 816 2287 retinendum
841 2245 923 2287 hoc
951 2261 1056 2298 esse,
1077 2247 1180 2289 deus
1201 2257 1250 2290 ut
1271 2249 1418 2292 beatus
1438 2251 1518 2291 im-

133 2388 173 2412 20
196 2382 245 2411 sed
266 2381 373 2420 tamen]
400 2383 598 2421 Int.scripsit
619 2390 739 2418 contra,
756 2392 780 2413 s.
867 2389 905 2412 Ω.)
930 2394 1058 2413 scurram
1073 2383 1139 2413 Att.
1152 2384 1250 2424 fuisse
1271 2384 1400 2427 dicebat]
1422 2386 1518 2418 Haud

88 2433 164 2454 ausa
186 2432 242 2454 est.
287 2425 384 2455 Valde
399 2436 431 2455 se
447 2426 479 2455 in
494 2426 526 2454 h.
544 2425 564 2455 1.
581 2427 696 2456 torsere
718 2427 782 2455 fru-

89 2474 152 2496 stra
166 2468 221 2497 viri
237 2469 331 2498 docti.

134 2516 169 2539 21
189 2522 207 2538 a
224 2522 276 2551 quo
291 2510 367 2539 nihil
386 2509 539 2549 didicerat]
566 2510 712 2540 Davisius
736 2520 782 2540 re-

90 2551 149 2581 fert
164 2553 201 2581 ad
218 2552 259 2587 id,
275 2555 358 2591 quod
380 2554 533 2592 Epicurus
555 2562 587 2582 se
609 2551 782 2582 ἀυτοδὶδακ-

92 2605 138 2622 rrov
152 2595 280 2624 dixerat.
325 2597 465 2626 Pearcius
481 2597 617 2634 conjecit
630 2596 779 2625 nonnihil:

91 2638 176 2676 quod
193 2647 257 2666 non
273 2639 412 2677 displicet
426 2651 432 2668 :
457 2649 533 2669 nam
551 2638 678 2677 vulgata
693 2648 783 2669 com-

93 2680 227 2709 modum
243 2691 373 2710 sensum
389 2691 452 2711 non
471 2682 575 2712 habet.
592 2692 667 2711 nam
685 2682 716 2711 in
734 2682 782 2712 his

91 2722 192 2752 verbis
207 2724 298 2753 debet
321 2733 385 2753 esse
408 2733 514 2759 causa,
530 2734 625 2763 quare
641 2725 724 2754 male
740 2725 784 2754 fe-

92 2766 169 2794 cerit
195 2766 360 2804 Epicurus,
387 2775 463 2796 cum
490 2769 676 2806 magistrum
700 2768 783 2797 male

95 2812 246 2838 tractaret.

138 2856 176 2879 22
203 2850 415 2890 Apollodorum,
441 2850 567 2892 Syllum]
593 2862 622 2882 v.
639 2853 726 2882 Clav.
753 2853 784 2882 in

93 2890 202 2930 syllas.

825 2425 1024 2465 dubiefuisse
1039 2427 1211 2456 delendum
1226 2434 1282 2457 est.

868 2476 908 2498 24
924 2479 1026 2497 verum
1039 2468 1134 2509 vidit]
1153 2470 1205 2500 Sic
1221 2471 1283 2501 Ms.
1301 2471 1407 2502 Guelf.
1423 2479 1453 2503 et
1468 2473 1521 2504 alii

826 2512 910 2550 apud
937 2512 1116 2548 Davssium,
1141 2514 1196 2552 qui
1227 2520 1257 2543 et
1281 2514 1326 2543 sic
1349 2516 1456 2553 edidit,
1485 2523 1522 2546 ut

821 2554 901 2584 olim
929 2555 1040 2585 Lamb.
1086 2556 1191 2595 Vulgo
1220 2556 1313 2588 videt.
1342 2567 1447 2589 sermo
1477 2566 1523 2590 est

825 2598 864 2626 de
881 2598 1026 2627 mortuis.

869 2647 907 2670 25
925 2640 983 2669 vix
997 2640 1086 2680 digna
1109 2639 1305 2671 lucubratione
1319 2643 1518 2684 anicularum]

827 2683 1018 2712 Lucubratio
1049 2685 1118 2714 haec
1148 2685 1228 2714 mihi
1257 2695 1425 2725 nunquam
1454 2687 1522 2726 pla-

826 2727 913 2755 cuit:
939 2735 997 2755 nec
1015 2733 1061 2756 est
1082 2736 1186 2757 sermo
1208 2728 1246 2757 de
1268 2728 1364 2759 libris.
1381 2730 1521 2768 approba-

827 2768 900 2798 tione
915 2776 968 2798 aut
992 2769 1095 2798 simile
1120 2771 1209 2809 quid,
1234 2771 1350 2801 melius
1373 2772 1522 2802 conveni-

828 2818 894 2840 ret:
929 2812 987 2841 nisi
1015 2811 1174 2842 lucubratio
1198 2813 1295 2844 etiam
1325 2815 1363 2844 de
1389 2814 1522 2844 lectione

828 2860 984 2884 nocturna
999 2854 1123 2885 dicitur.
