1778 3095
604 153 786 191 LIBER
818 153 1058 190 PRIMUS.
1464 157 1540 191 411

119 262 311 307 volumus
329 274 544 318 reponere,
565 273 772 315 nusquam
791 273 961 314 prorsus
982 262 1194 314 appareat.
1250 256 1313 299 At
1345 260 1543 313 Persaeus,
1560 260 1626 311 15

118 318 307 375 ejusdem
336 317 519 359 Zenonis
550 316 731 366 auditor,
752 330 824 355 eos
850 314 953 356 dicit
979 329 1069 356 esse
1088 313 1254 355 habitos
1275 313 1390 365 deos,
1411 331 1435 356 a
1454 319 1546 372 qui·
1558 336 1610 371 38

118 375 199 417 bus
229 390 383 430 magna
410 373 567 414 utilitas
597 372 651 413 ad
680 372 773 413 vitae
803 371 965 412 cultum
995 379 1105 412 esset
1129 371 1320 412 inventa:
1351 371 1548 429 ipsasque

116 446 182 472 res
202 431 339 481 utiles,
358 438 400 470 et
421 429 637 479 salutares,
657 428 834 469 deorum
853 442 942 469 esse
960 427 1173 469 vocabulis
1193 437 1480 482 nuncupatas:
1501 438 1550 471 ut

116 502 170 528 ne
192 488 273 528 hoc
295 485 461 541 quidem
486 485 657 535 diceret,
680 485 752 527 illa
771 484 935 525 inventa
956 498 1047 525 esse
1067 483 1259 534 deorum,
1282 484 1355 524 sed
1373 484 1464 539 ipsa
1484 485 1549 525 di-

116 544 223 585 vina.
283 544 381 597 Quo
403 541 505 597 quid
524 540 761 591 absurdius,
783 555 910 596 quam
939 549 1013 582 aut
1032 555 1097 581 res
1117 539 1305 581 sordidas
1326 549 1453 596 atque
1475 541 1549 582 de-

116 601 272 649 formes
292 599 466 639 deosum
489 597 648 639 honore
669 597 844 648 afficere,
866 606 939 638 aut
967 597 1158 638 homines
1182 597 1273 653 jam
1308 606 1444 638 morte
1474 597 1550 638 de-

115 656 239 706 letos,
255 669 455 708 reponere
474 654 516 695 in
536 654 654 705 deos,
673 669 855 710 quorum
878 654 1014 694 omnis
1031 653 1169 695 cultus
1190 661 1298 693 esset
1320 654 1485 695 futurus
1503 654 1548 695 in

114 711 261 761 luctu?
293 712 389 752 ,Iam
410 725 505 751 vero
530 710 811 767 Chrysippus,
833 711 905 765 qui
927 710 1164 751 Stoicorum
1195 710 1457 752 somniorum
1478 725 1547 752 va—
1559 717 1612 761 39

115 763 309 812 ferrimus
328 767 507 816 habetur
526 762 742 822 interpres,
762 782 960 822 magnam
983 767 1151 807 turbam
1170 777 1406 822 congregat
1425 767 1547 822 igno-

114 821 257 874 torum
283 823 476 873 deorum,
508 834 634 879 atque
663 824 723 864 ita
754 824 1015 879 ignotorum,
1044 831 1093 864 ut.
1123 837 1195 863 eos
1226 838 1277 863 ne
1307 823 1551 879 conjectura

114 880 284 936 quidem
305 880 530 920 informare
552 881 775 936 possimus,
798 895 895 920 cum
925 894 1044 920 mens
1072 888 1216 920 nostra
1245 879 1407 935 quidvis
1435 880 1549 921 vide-

114 947 209 986 atur
235 937 493 991 cogitatione
523 951 647 991 posse
673 936 915 991 depingere.
945 936 1004 976 ait
1033 936 1160 986 enim,
1181 936 1262 977 vim
1297 936 1478 977 divinam
1506 936 1550 977 in

113 994 274 1037 ratione
297 1008 385 1033 esse
405 994 583 1048 positam
607 1001 649 1033 et
668 993 869 1033 universae
891 1001 1049 1033 naturae
1070 993 1212 1033 animo
1233 1002 1360 1048 atque
1380 1002 1548 1034 mente:

113 1050 337 1105 ipsumque
357 1049 580 1100 mundum,
601 1049 729 1090 deum
749 1049 852 1089 dicit
872 1063 975 1100 esse,
997 1058 1040 1090 et
1069 1048 1161 1104 ejus
1189 1049 1318 1090 animi
1338 1050 1546 1091 fusionem
1559 1066 1590 1097 p.
1605 1062 1656 1088 10.

112 1104 344 1163 universam
361 1123 370 1146 z
403 1115 494 1147 tum
514 1106 605 1162 ejus
629 1106 759 1161 ipsius
779 1105 1077 1161 principatum,
1100 1105 1173 1161 qui
1193 1106 1237 1146 in
1257 1114 1397 1146 mente
1416 1115 1459 1148 et
1478 1121 1546 1148 ra·-
1556 1110 1586 1131 a·

113 1163 229 1204 tione
256 1171 453 1214 versetur,
486 1176 843 1218 communemque
873 1176 1014 1203 rerum
1047 1171 1239 1203 naturam
1262 1170 1301 1200 70
1314 1163 1549 1205 universam

114 1217 242 1274 atque
269 1219 411 1259 onmia
435 1219 719 1260 continentem
738 1236 747 1260 :
779 1228 870 1260 tum
894 1226 929 1255 71
949 1219 1121 1259 fatalem
1142 1219 1239 1269 vim,
1261 1227 1304 1260 et
1325 1220 1551 1261 necessita-

115 1284 202 1316 tem
224 1290 362 1316 rerum
384 1276 618 1316 futurarum
641 1293 650 1316 ε
681 1276 824 1330 ignem
844 1283 1062 1330 praeterea,
1083 1284 1126 1316 et
1144 1289 1259 1326 eum,
1279 1290 1405 1332 quem
1426 1285 1551 1318 antea

115 1331 217 1382 dixi,
234 1331 392 1372 aethera
411 1348 420 1372 :
452 1341 544 1372 tum
562 1346 624 1383 ea,
639 1347 734 1387 quae
750 1340 900 1372 natura
917 1332 1093 1372 fluerent
1109 1341 1237 1387 atque
1254 1342 1485 1385 manarent,
1502 1341 1552 1374 ut

113 1398 158 1443 et
177 1402 344 1443 aquam,
365 1396 408 1428 et
428 1396 596 1438 terram,
619 1398 662 1430 et
681 1394 776 1430 aera
795 1404 805 1438 3
836 1388 983 1439 solem,
1001 1388 1161 1438 lunam,
1182 1388 1329 1439 sidera,
1350 1389 1552 1430 universi-

113 1452 330 1500 tatemque
358 1458 511 1495 rerum,
543 1460 625 1501 qua
654 1445 798 1485 omnia
826 1445 1168 1495 continerentur3
1200 1454 1327 1500 atque
1357 1445 1551 1486 homines

114 1501 245 1552 etiam
275 1515 361 1552 eos,
392 1501 464 1557 qui
494 1501 856 1543 immortalitatem
886 1509 1026 1541 essent
1055 1503 1285 1543 consecuti.
1346 1502 1616 1558 Idemque40

113 1557 316 1611 disputat,
351 1558 507 1598 aethera
541 1572 632 1599 esse
662 1572 775 1608 eum,
806 1571 934 1612 quem
966 1557 1156 1598 homines
1185 1558 1335 1599 Jovem
1365 1559 1552 1614 appella-

112 1623 230 1665 rent:
261 1613 417 1668 quique
447 1619 518 1654 aer
547 1628 621 1669 per
651 1614 784 1654 maria
811 1623 1015 1664 manaret,
1035 1627 1132 1655 eum
1152 1629 1244 1655 esse
1270 1616 1552 1670 Neptunum:

114 1678 355 1725 terramque
382 1685 474 1711 eam
505 1684 611 1720 esse,
633 1686 726 1726 quae
749 1670 880 1711 Ceres
902 1670 1125 1711 diceretur.
1159 1671 1368 1726 similique
1390 1672 1554 1714 ratione

112 1726 375 1781 persequitur
408 1727 613 1768 vocabula
647 1726 907 1782 reliquorum
938 1726 1130 1768 deorum.
1191 1727 1394 1783 Idemque
1425 1729 1553 1771 etiam

112 1782 220 1837 legis
251 1792 464 1837 perpetuae
495 1792 537 1825 et
567 1792 733 1824 aeternae
763 1784 862 1833 vim,
885 1798 978 1839 quae
1013 1783 1132 1838 quasi
1162 1783 1246 1824 dux
1277 1784 1373 1825 vitae
1397 1793 1440 1825 et
1460 1799 1552 1826 ma-

113 1839 247 1898 gistra
277 1839 511 1880 officiorum
542 1841 609 1890 sit,
639 1841 788 1881 Jovem
818 1840 921 1880 dicit
952 1854 1057 1890 esse,
1085 1840 1348 1896 eandemque
1379 1841 1552 1883 fatalem

114 1895 406 1946 necessitatem
430 1897 626 1951 appellat,
649 1897 945 1951 sempiternam
975 1911 1114 1937 rerum
1144 1897 1379 1938 futurarum
1400 1898 1552 1939 verita-

114 1959 233 1992 tem:
264 1967 446 2006 quorum
479 1953 582 1992 nihil
614 1952 696 1993 tale
717 1961 794 2002 est,
815 1961 864 1993 ut
891 1953 934 1993 iu
964 1967 1015 1993 eo
1043 1953 1100 1994 vis
1122 1952 1261 1994 divina
1281 1954 1415 1995 inesse
1437 1955 1550 1996 vide-

114 2015 223 2051 atur.
283 2010 338 2048 Et
359 2008 449 2048 haec
471 2008 640 2064 quidem
662 2009 703 2048 in
722 2009 858 2063 primo
878 2009 987 2050 libro
1016 2009 1068 2049 cle
1097 2018 1246 2050 natura
1265 2010 1442 2052 deorum
1461 2028 1471 2052 ε
1508 2011 1550 2052 in
1562 2018 1616 2052 41

116 2064 303 2115 secundo
325 2074 466 2105 autem
488 2064 576 2106 vult
596 2064 769 2119 Orphei,
792 2066 962 2116 Musaei,
984 2066 1178 2117 Hesiodi,
1201 2067 1466 2123 Homerique
1486 2068 1550 2109 fa-

116 2120 249 2162 bellas
279 2121 601 2162 accommodare
620 2128 658 2157 7⁴2
676 2121 728 2161 ad
757 2135 819 2171 ea,
841 2137 936 2177 quae
967 2122 1054 2178 ipse
1084 2123 1223 2177 primo
1252 2123 1361 2165 libro
1391 2125 1443 2165 de
1473 2123 1554 2165 diis

116 2177 427 2219 immortalibus
457 2177 634 2219 dixerit:
666 2187 714 2218 ut
740 2178 868 2218 etiam
889 2179 1099 2219 veterrimi
1117 2185 1271 2234 poetae,
1294 2181 1366 2236 qui
1387 2179 1477 2221 haec
1500 2196 1553 2221 ne

117 2234 318 2289 suspicati
338 2233 507 2289 quidem
529 2235 626 2285 sint,
646 2234 777 2274 Stoici
798 2235 926 2275 fuisse
947 2235 1175 2276 videantur.
1222 2237 1365 2278 Quem
1386 2237 1553 2292 Dioge-

116 2304 191 2330 nes
225 2290 487 2345 Babylonius
521 2304 781 2345 consequens
812 2291 855 2331 in
889 2305 940 2331 eo
971 2290 1094 2340 libro,
1126 2292 1198 2347 qui
1218 2292 1468 2333 'inscribitur
1498 2292 1552 2333 de

116 2346 325 2397 Minerva,
347 2356 515 2402 partum
546 2347 677 2398 Jovis,
698 2355 925 2403 ortumque
956 2347 1124 2403 virginis
1155 2347 1207 2389 ad
1235 2347 1552 2405 physiologiam

117 2402 357 2454 traducens,
380 2410 418 2440 73
436 2403 622 2459 dijungit
642 2418 666 2462 a
685 2403 840 2445 fabula.
1457 2406 1460 2408 ’

164 2499 204 2529 70
230 2494 367 2524 universa
396 2502 484 2537 atque
512 2493 623 2536 omnia]
654 2496 812 2535 Nuspiam

119 2538 191 2569 haec
205 2538 300 2567 verba
320 2539 365 2568 sic
386 2540 560 2577 conjuncta
577 2540 684 2578 reperi.
708 2539 814 2578 itaque

119 2580 203 2623 gnihi
218 2580 314 2609 dubia
327 2591 450 2620 semper
463 2584 532 2611 haee
547 2582 639 2612 lectio
655 2583 725 2612 fuit.
750 2582 814 2613 Ms.

121 2622 228 2653 Guelf.
250 2623 344 2652 habet
370 2625 548 2661 universam,
566 2632 601 2655 ut
627 2632 657 2654 et
681 2624 758 2655 alter
781 2626 814 2655 in

118 2674 222 2704 marg.
247 2666 296 2695 ed.
321 2666 355 2695 L.
376 2667 606 2706 conjungitque
629 2678 705 2697 curn
730 2675 814 2696 natu-

122 2719 185 2738 ram
199 2719 209 2737 .·
231 2709 315 2746 quod
339 2718 403 2737 non
426 2710 587 2748 displicet:
612 2718 720 2750 estque
735 2717 765 2740 et
782 2711 815 2740 in

121 2751 190 2780 aliis
215 2751 292 2780 Mss.
317 2751 466 2789 probante
486 2753 634 2782 Buherio.
659 2763 734 2782 nam
751 2754 815 2782 Da-

121 2794 190 2823 visii
207 2794 354 2823 correctio
371 2794 533 2823 immensam
550 2806 615 2826 non
631 2796 744 2835 placet,
757 2806 816 2826 nec

120 2842 171 2869 cst
185 2845 201 2865 e
217 2836 314 2865 libris.

169 2885 204 2915 71
218 2878 352 2919 fatalem
367 2877 444 2919 vim]
465 2879 560 2910 Haud
577 2880 754 2911 dubitanter
770 2890 816 2911 re·

858 2494 925 2534 cepi
942 2505 1018 2526 curn
1034 2495 1163 2526 Davisio
1178 2502 1207 2526 et
1223 2496 1361 2526 Buherio
1377 2506 1394 2526 e
1408 2496 1471 2526 Ms.
1490 2497 1554 2527 Eli·

858 2540 925 2574 ensi
941 2539 1006 2568 vim
1019 2549 1074 2578 pro
1089 2539 1232 2576 umbram,
1250 2541 1335 2578 quod
1352 2540 1444 2570 nihili
1460 2547 1516 2570 est.

902 2588 917 2616 7
924 2589 941 2611 2
965 2583 1005 2611 ad
1018 2594 1063 2618 etz,
1081 2593 1146 2623 quae
1168 2582 1226 2620 ipse
1242 2583 1337 2621 primo
1356 2582 1555 2612 libro—dixe«

860 2623 914 2664 rit]
935 2625 1014 2655 Puto
1038 2626 1225 2655 Ciceronem
1247 2626 1405 2666 scripsisse
1426 2625 1554 2656 dixerat.

856 2674 927 2697 turn
942 2676 1012 2707 post
1027 2675 1103 2703 sunt,
1120 2678 1186 2698 non
1201 2668 1270 2698 sint.

903 2716 939 2745 73
963 2711 1091 2749 disjungit
1113 2709 1272 2751 aslibttla]
1291 2710 1368 2740 Edd.
1381 2711 1554 2750 superiores

857 2753 986 2792 ded-'ungit
1008 2755 1093 2792 quod
1116 2761 1146 2782 et
1168 2764 1185 2782 e
1210 2754 1272 2783 Ms.
1292 2763 1337 2783 m.
1359 2754 1389 2782 L.
1407 2760 1556 2783 notatum

859 2802 915 2826 est.
938 2796 990 2825 alii
1006 2797 1116 2825 dedere
1132 2796 1282 2835 disjungit.
1311 2796 1397 2825 Edidi
1413 2795 1554 2834 dg'jzcngit,

858 2839 941 2876 quod
958 2849 1040 2877 Saepe
1057 2839 1089 2869 in
1106 2838 1236 2878 dijungi!
1251 2845 1281 2869 et
1295 2837 1434 2878 digjungit
1450 2844 1555 2870 muta-

859 2887 930 2910 tum
947 2889 1003 2911 est.
