1778 3095
584 111 764 150 LIBER
792 110 1084 149 QUINTUS.
1454 117 1530 152 385

100 234 248 264 omnes
268 230 422 278 partes,
440 228 487 262 ut
507 220 560 260 ab
580 220 672 260 aliis
691 218 825 274 possit
845 218 936 274 ipsa
955 232 1029 273 per
1045 231 1147 267 sese,
1170 216 1324 257 nullius
1344 220 1529 260 auctori-

99 286 186 319 tate
220 279 432 335 adjuncta,
462 276 658 332 judicari.
692 284 734 317 et
770 275 968 331 quoniam
1003 274 1154 315 videris
1190 273 1272 313 hoc
1313 273 1430 324 velle,
1466 286 1527 327 ut,

98 349 377 391 quaecumque
406 332 740 374 dissentientium
770 331 1121 386 philosophorum
1160 329 1363 369 sententia
1392 332 1444 370 sit
1473 332 1526 372 de

98 391 264 443 finibus,
286 401 427 433 tamen
447 389 574 430 virtus
595 389 694 429 satis
727 389 880 429 habeat
907 387 959 428 ad
987 387 1114 427 vitam
1142 387 1309 427 beatam
1330 387 1526 440 praesidii,

95 448 213 503 quod
232 447 400 504 quidem
422 445 681 487 Carneadem
711 445 924 500 disputare
952 444 1124 485 solitum
1153 442 1420 497 accepimus:
1454 445 1525 484 sed

94 503 144 555 is,
173 513 220 545 ut
247 513 392 545 contra
423 503 605 553 Stoicos,
636 516 740 557 quos
769 501 1075 542 studiosissime
1104 514 1269 554 semper
1297 498 1525 550 refellebat,

93 568 138 601 et
158 568 305 601 contra
324 573 504 615 quorum
525 558 785 613 disciplinam
817 558 1032 613 ingenium
1062 556 1153 612 ejus
1182 565 1389 596 exarserat
1405 571 1416 606 3
1449 571 1524 597 nos

90 616 198 657 illud
218 616 386 672 quidem
409 630 507 657 cum
528 629 632 671 pace
647 616 838 670 agemus.
859 614 892 655 si
911 613 1020 654 enim
1037 612 1170 655 Stoici
1192 613 1291 653 fines
1314 612 1522 653 bonorum

89 681 201 714 recte
220 681 482 728 posuerunt3
511 672 706 713 confecta
725 686 790 712 res
816 679 908 712 est:
939 684 1107 711 necesse
1135 679 1198 710 est
1227 683 1391 723 semper
1418 669 1519 710 bea-

89 736 180 770 tum
217 743 307 770 esse
343 730 589 784 sapientem.
650 727 732 769 Sed
774 742 1008 784 quaeramus
1047 740 1387 782 unamquamque
1424 727 1520 767 reli-
1532 736 1583 769 84

90 799 272 840 quorum
293 786 556 837 sententiam,
583 786 619 827 si
649 784 735 826 fieri
762 793 915 840 potest,
946 793 992 824 ut
1022 783 1103 825 hoc
1133 782 1381 838 praeclarum
1402 784 1521 838 quasi

88 841 304 882 decretum
323 842 458 883 beatae
477 842 570 883 vitae
597 842 730 898 possit
756 840 946 882 omnium
978 840 1209 890 sententiis,
1230 849 1273 880 et
1293 839 1520 895 disciplinis
1535 882 1561 900 o

84 898 319 939 convenire.
360 899 485 940 :Sunt
513 908 654 940 autem
685 898 751 938 hae
782 897 833 938 de
864 897 1031 946 finibus,
1063 907 1112 938 ut
1142 897 1306 952 opinor,
1331 900 1563 948 retentae,0

85 953 354 1011 defensaeque
389 955 634 997 sententiae:
676 954 860 1010 primum
895 954 1104 1009 simplices
1138 962 1366 1009 quattuor:
1398 953 1516 995 Nihil
1530 961 1561 990 Ρ·
1576 958 1649 982 2⁴⁵·

85 1010 263 1063 bonum,
299 1012 378 1053 nisi
417 1012 658 1063 honestum,
706 1020 754 1052 ut
802 1010 957 1052 Stoici:
1006 1010 1129 1051 Nihil
1172 1010 1346 1060 bonum,
1389 1003 1558 1052 unisia·

84 1067 293 1123 voluptas,
324 1078 371 1109 ut
401 1069 636 1124 Epicurus:
668 1067 790 1109 Nihil
820 1068 996 1117 bonum,
1026 1067 1104 1108 nisi
1132 1067 1314 1107 vacuitas
1345 1066 1517 1119 doloris,

83 1132 133 1164 ut
153 1125 442 1182 Hieronymus
460 1142 469 1165 :
501 1125 623 1167 Nihil
643 1125 819 1174 bonum,
843 1124 920 1165 nisi
952 1133 1110 1165 naturae
1138 1123 1283 1179 primis
1304 1123 1424 1164 bonis
1445 1134 1518 1165 aut

82 1181 295 1232 omnibus,
333 1191 408 1223 aut
445 1182 638 1223 maximis
676 1182 773 1232 frui,
810 1190 858 1222 ut
889 1180 1124 1222 Carneades
1164 1188 1310 1221 contra
1350 1180 1516 1221 Stoicos

83 1236 327 1279 disserebat.
387 1238 494 1279 Haee
520 1239 650 1294 igitur
679 1238 910 1293 simplicia:
941 1237 1013 1278 illa
1040 1237 1183 1278 mixta.
1242 1236 1341 1277 Tria
1360 1251 1515 1292 genera
1528 1240 1575 1272 85

80 1292 307 1345 bonorum,
340 1295 523 1336 maxima
556 1295 698 1346 animi,
731 1294 915 1335 secunda
947 1294 1149 1348 corporis,
1180 1302 1350 1334 externa
1379 1294 1514 1345 tertia,

84 1358 120 1381 1⁵
138 1359 185 1391 ut
206 1351 482 1407 Peripatetici,
502 1366 579 1393 nec
598 1352 735 1393 multo
752 1360 908 1391 veteres
925 1350 1169 1391 Academici
1190 1364 1308 1390 secus
1326 1367 1334 1390 :
1367 1351 1514 1406 volup-

78 1414 212 1448 tatem
245 1422 344 1449 cum
377 1408 598 1450 honestate
634 1408 940 1457 Dinomachus,
978 1415 1021 1447 et
1049 1406 1247 1462 Callipho
1277 1406 1513 1461 copulavit:

76 1462 351 1505 indolentiam
399 1474 541 1505 autem
588 1465 799 1506 honestati
838 1462 1137 1518 Peripateticus
1176 1463 1394 1504 Diodorus
1441 1464 1516 1505 ad»

70 1518 227 1573 junxit.
289 1522 370 1562 Hae
392 1530 490 1562 sunt
510 1521 742 1571 sententiae,
757 1536 850 1576 quae
868 1520 1107 1561 stabilitatis
1124 1519 1281 1574 aliquid
1303 1519 1513 1562 habeant:

76 1589 172 1616 nam
202 1576 427 1628 Aristonis,
454 1578 694 1634 Pyrrhonis,
724 1577 893 1626 Herilli,
919 1576 1306 1631 nonnullorumque
1334 1576 1512 1618 aliorum

75 1642 347 1674 evanuerunt.
406 1635 466 1674 Hi
503 1634 603 1690 quid
639 1634 802 1690 possint
837 1634 1041 1683 obtinere,
1082 1632 1312 1683 videamus,
1348 1635 1513 1676 omissis

75 1688 258 1730 Stoicis:
307 1705 488 1746 quorum
529 1692 628 1732 satis
674 1690 816 1732 videor
862 1689 1096 1731 defendisse
1135 1690 1398 1731 sententiam.
1456 1692 1512 1732 Et

76 1745 449 1801 Peripateticorum
480 1748 650 1803 quidem
682 1747 888 1802 explicata
913 1761 1040 1787 causa
1060 1755 1146 1786 est:
1185 1755 1338 1801 praeter
1368 1747 1509 1787 Theo-

72 1800 308 1856 phrastum,
327 1813 368 1845 et
387 1804 421 1844 si
442 1805 513 1860 qui
532 1805 651 1845 illum
680 1803 826 1855 secuti,
855 1802 1105 1844 imbecillius
1127 1803 1298 1844 horrent
1318 1803 1510 1845 dolorem

72 1866 116 1898 et
145 1859 445 1901 reformidant:
479 1861 664 1916 Reliquis
695 1860 864 1916 quidem
894 1861 993 1901 licet
1023 1860 1160 1900 facere
1189 1859 1246 1911 id,
1277 1861 1391 1916 quod
1423 1861 1509 1902 fere

73 1912 246 1966 faciunt,
287 1925 334 1957 ut
371 1917 620 1972 gravitatem
662 1917 997 1972 dignitatemque
1035 1916 1198 1957 virtutis
1238 1927 1508 1973 exaggerent.

72 1970 217 2012 Quam
250 1987 348 2014 cum
381 1973 434 2013 ad
466 1974 617 2014 caelum
649 1972 888 2023 extulerint,
927 1973 1041 2029 quod
1084 1973 1221 2013 facere
1261 1975 1507 2030 eloquentes

71 2025 263 2069 homines
295 2029 463 2084 copiose
502 2031 663 2071 solent:
694 2030 854 2085 reliqua
894 2037 994 2070 16ex
1033 2030 1257 2071 collatione
1290 2031 1412 2072 facile
1444 2041 1507 2072 est

70 2092 287 2126 conterere
309 2094 434 2142 atque
453 2095 736 2128 contemnere.
768 2101 842 2126 nec
873 2086 984 2127 enim
1016 2087 1114 2127 licet
1139 2088 1202 2137 iis,
1235 2088 1307 2143 qui
1335 2087 1505 2129 laudem

67 2154 165 2181 cum
188 2141 334 2182 dolore
356 2143 582 2197 petendam
608 2152 641 2180 17
658 2158 747 2185 esse
769 2143 923 2194 dicant,
950 2157 1118 2198 negare,
1137 2158 1210 2184 eos
1229 2158 1319 2185 esse
1339 2144 1503 2197 beatos,

67 2196 140 2252 qui
160 2197 273 2238 illam
299 2198 441 2255 adepti
467 2201 563 2241 sint.
624 2202 894 2257 Quamquam
924 2199 1036 2239 enim
1063 2200 1146 2240 sint
1175 2200 1217 2240 in
1248 2201 1502 2256 quibusdam
1517 2202 1569 2238 86

66 2253 214 2296 malis:
246 2265 385 2296 tamen
417 2255 498 2297 hoc
530 2271 683 2298 nomen
713 2257 826 2297 beati
855 2256 984 2312 longe
1011 2265 1053 2297 et
1084 2256 1166 2297 late
1198 2265 1327 2312 patet.
1386 2259 1500 2299 Nam
1515 2261 1582 2308 31

69 2317 115 2349 ut
151 2321 394 2366 quaestuosa
428 2322 677 2364 mercatura,
718 2314 936 2354 fructuosa
970 2312 1103 2355 aratio
1140 2313 1310 2364 dicitur,
1347 2329 1431 2355 non
1468 2314 1503 2355 si

65 2364 196 2408 altera
214 2383 378 2424 semper
397 2370 514 2410 omni
545 2371 714 2421 damno,
742 2370 874 2411 altera
902 2369 1019 2410 omni
1051 2370 1310 2425 tempestatis
1330 2371 1503 2412 calami—

111 2503 149 2527 14
172 2498 228 2528 nisi
253 2500 532 2542 voluptatem—nisi
560 2503 754 2543 vacuitatem]
850 2512 885 2534 15
911 2510 943 2532 ut
961 2502 1164 2543 Peripatetici]
1185 2511 1216 2532 ut
1232 2510 1344 2543 putem
1364 2514 1430 2535 esse
1450 2506 1503 2535 de-

67 2540 130 2571 Ms.
161 2541 269 2573 Guelf.
299 2544 447 2584 valuptas,
480 2547 627 2577 vacuitas.
659 2557 758 2587 quam
804 2547 951 2583 lendum,
976 2547 1284 2588 intelligendumque
1307 2557 1323 2577 e
1347 2557 1433 2588 seqq.
1459 2559 1502 2577 co·

66 2591 172 2613 veram
199 2584 369 2616 lectionem
388 2597 454 2618 esse
477 2598 561 2629 puto.
588 2600 664 2620 nam
688 2601 758 2621 sen·
798 2589 956 2630 pulavere.

66 2628 171 2656 tentiae
194 2636 358 2667 ponuntur
380 2631 543 2663 absolute:
567 2641 598 2663 et
621 2635 663 2664 ita
683 2644 759 2664 con·
849 2639 886 2663 16
911 2644 947 2662 ex
959 2631 1123 2673 collatione]
1136 2633 1216 2663 Puto
1227 2642 1293 2664 esse
1309 2633 1499 2673 analogiam.

64 2670 150 2717 venit
186 2671 302 2702 melius
340 2672 454 2704 ultimo
491 2675 567 2705 bonis
592 2677 673 2718 frui.
720 2678 758 2707 ln
802 2686 831 2706 v.
849 2676 938 2706 Clav.
956 2678 989 2706 in
1008 2677 1040 2705 h.
1056 2685 1087 2706 v.

63 2721 179 2750 pnmo,
201 2714 278 2743 nihil
304 2715 405 2745 bonum
434 2718 490 2747 nisi
511 2718 666 2757 honestum,
690 2721 759 2750 sine
848 2725 883 2754 17
910 2730 966 2748 esse
988 2717 1102 2758 dicant]
1128 2718 1234 2757 Vulgo
1258 2718 1367 2748 dicunt.
1400 2719 1495 2754 male,

65 2755 162 2785 dubio
178 2757 422 2797 intelligendum
435 2767 485 2790 est.
497 2768 568 2792 turn
584 2772 662 2793 cum
679 2763 760 2793 Ben-
803 2771 839 2792 ut
862 2770 932 2802 post
953 2762 1052 2801 adepti
1075 2769 1152 2798 sunt,
1176 2772 1232 2801 pro
1255 2772 1319 2801 quo
1342 2762 1499 2792 edidimus

66 2797 139 2827 ‹leio
154 2805 186 2828 et
201 2800 329 2832 Davisio
346 2802 448 2833 addidi
470 2803 583 2842 doloris,
608 2807 759 2845 probante
803 2805 850 2834 ad.
867 2805 935 2835 sint.
952 2805 1050 2834 dicant
1065 2813 1095 2834 et
1110 2806 1158 2834 ed.
1178 2812 1237 2835 vet.
1255 2814 1305 2844 ap.
1323 2806 1500 2835 Euhenum

65 2840 216 2873 Buheno.
803 2848 910 2886 habet,
927 2849 981 2887 qui
998 2849 1042 2878 :ic
1057 2855 1087 2877 et
1103 2856 1180 2877 curn
1197 2848 1326 2878 Dav-isio
1341 2849 1436 2877 dedit.

125 2895 237 2925 vot..
259 2898 328 2927 lv.
352 2899 391 2927 P.
415 2900 447 2927 1.
810 2903 834 2928 C
858 2904 879 2929 C
