1778 3095
199 155 281 194 414
584 157 663 195 DE
690 151 956 197 NATURA
982 158 1248 199 DEORUM

199 269 250 304 ut
269 263 412 305 omnia
429 263 625 305 omnibus
657 271 695 300 79
710 265 879 320 paribus
905 267 1022 323 paria
1048 267 1340 324 respondeant.
1371 266 1477 309 hanc
1509 270 1625 312 urowa

198 317 289 372 μίαν
309 320 493 376 appellat
524 321 746 375 Epicurus,
765 321 808 363 id
833 332 910 374 est,
934 324 1184 379 aequabilem
1214 324 1502 366 tributionem.
1561 327 1625 368 Ex

199 375 281 425 hac
311 377 442 432 igitur
468 376 574 417 illud
604 377 794 429 efficitur,
816 379 849 420 si
881 380 1123 421 mortalium
1156 390 1272 422 tanta
1301 381 1532 422 multitudo
1557 382 1626 433 sit,

199 445 291 473 esse
312 433 613 474 immortalium
644 449 727 475 non
763 437 967 476 minorem
985 453 993 477 :
1025 447 1081 487 et,
1103 438 1151 488 si,
1173 453 1266 493 quae
1287 438 1538 489 interimant,
1560 438 1625 478 in-*

199 489 475 530 numerabilia
495 489 591 540 sint,
612 492 738 532 etiam
761 506 822 542 ea,
846 507 940 547 quae
959 505 1217 544 conservent,
1238 494 1396 534 infinita
1427 509 1516 535 esse
1551 494 1625 535 de-

132 553 182 586 51
196 544 311 586 bere.
371 547 426 586 Et
454 561 641 602 quaerere
671 563 697 588 a
729 549 863 598 nobis,
885 548 1031 598 Balbe,
1053 550 1210 601 soletis,
1232 566 1325 606 quae
1346 551 1429 591 vita
1449 550 1627 592 deorum

196 601 264 651 sit,
286 616 466 657 quaeque
486 603 538 643 ab
558 603 607 644 iis
630 604 808 659 degatur
828 613 942 645 aetas,
988 606 1050 645 Ea
1070 606 1274 657 videlicet,
1297 622 1381 663 qua
1401 607 1504 648 nihil
1525 607 1626 647 bea*

195 657 293 707 tius,
315 658 419 699 nihil
439 659 634 701 omnibus
662 661 782 701 bonis
811 660 1047 702 affluentius
1076 663 1253 716 cogitari
1282 671 1436 719 potest.
1469 672 1507 695 80
1522 663 1627 704 nihil

194 713 308 754 enim
327 715 415 770 agit
433 733 442 756 ε
474 716 599 756 nullis
621 716 971 772 occupationibus
992 727 1055 758 est
1075 718 1339 772 irnplicatus:
1361 719 1476 760 nulla
1497 733 1627 774 opera

193 770 394 812 molitur:
426 787 501 812 sua
523 772 739 827 sapientia,
761 782 802 814 et
823 773 974 813 virtute
993 773 1178 828 gaudet:
1200 775 1326 816 habet
1347 776 1626 830 exploratum,

193 826 283 868 fore
305 842 348 867 se
367 842 533 883 semper
550 843 648 869 cum
671 829 714 869 in
735 829 940 880 maximis,
963 839 1054 870 tum
1073 830 1114 870 in
1138 831 1303 871 aeternis
1324 832 1624 886 voluptatibus.

109 879 183 927 20
194 884 322 924 Hunc
341 884 468 925 deum
489 884 566 925 rite
585 885 757 926 beatum
777 886 1030 935 dixerimus3
1061 896 1244 927 vestrum
1264 902 1360 928 vero
1381 888 1623 930 laboriosis⁴

127 955 181 986 52
193 940 361 981 simum.
392 941 477 981 sive
501 941 613 983 enim
642 941 732 998 ipse
760 942 959 993 mundus,
990 942 1093 983 deus
1124 954 1202 994 est,
1234 943 1335 998 quid
1364 952 1506 998 potest
1533 959 1625 986 esse

192 997 331 1037 minus
353 998 557 1052 quietum,
577 1013 703 1054 quam
727 999 842 1040 nullo
864 1009 1023 1054 puncto
1045 1000 1247 1055 temporis
1269 1000 1519 1051 intermisso,
1535 1015 1625 1042 vera

191 1052 274 1093 sari
308 1053 468 1094 circum
502 1069 622 1095 axem
656 1055 749 1096 eceli
782 1055 1017 1096 admirabili
1049 1057 1291 1098 celeritate?
1325 1056 1403 1097 nisi
1431 1056 1624 1112 quietum

190 1117 350 1160 autem,
374 1111 477 1151 nihil
511 1112 681 1152 beatum
715 1121 791 1153 est.
823 1112 905 1152 sive
935 1113 978 1153 in
1001 1113 1095 1167 ipso
1114 1113 1276 1154 mundo
1297 1113 1400 1153 deus
1420 1112 1529 1153 inest
1547 1113 1624 1155 ali-

191 1166 301 1222 quiS,
326 1167 397 1222 qui
420 1176 554 1222 regat,
575 1169 646 1224 qui
673 1169 897 1224 gubernet,
918 1168 990 1224 qui
1011 1183 1156 1210 cursus
1177 1178 1399 1219 astrorum,
1419 1170 1623 1211 mutatio-

191 1237 265 1263 nes
301 1231 556 1279 temporum,
592 1239 733 1265 rerum
772 1224 1079 1266 vicissitudines
1114 1226 1365 1280 ordinesque
1395 1235 1625 1278 conservet,

191 1288 320 1321 terras
359 1289 402 1321 et
433 1281 565 1321 maria
595 1282 900 1336 contemplans,
930 1280 1152 1322 hominum
1181 1282 1408 1323 commoda
1438 1282 1625 1339 vitasque

189 1344 360 1377 tueatur
377 1353 388 1377 ε
419 1351 483 1376 nae
504 1336 574 1377 ille
595 1346 659 1377 est
679 1338 916 1392 implicatus
939 1338 1127 1379 molestis
1147 1338 1342 1393 negotiis,
1360 1347 1402 1379 et
1423 1339 1625 1394 operosis.

121 1395 174 1428 63
189 1393 283 1433 Nos
309 1402 450 1433 autem
472 1393 639 1434 beatam
659 1395 784 1434 vitam
808 1394 850 1435 in
869 1394 998 1435 animi
1029 1395 1266 1446 securitate,
1287 1403 1329 1435 et
1357 1394 1399 1435 in
1431 1395 1624 1437 omnium

186 1449 402 1490 vacatione
417 1464 640 1491 munerum
657 1450 870 1505 ponimus.
888 1451 1036 1492 docuit
1050 1452 1161 1492 enim
1180 1466 1256 1493 nos
1277 1451 1449 1502 Slidem,
1464 1452 1536 1508 qui
1551 1466 1623 1493 ce-

185 1514 293 1556 tera,
313 1515 461 1547 natura
480 1507 676 1549 effectum
701 1522 790 1548 csse
818 1507 1026 1548 mundum
1051 1525 1060 1549 :
1093 1508 1198 1549 nihil
1218 1523 1325 1563 opus
1345 1508 1476 1549 fuisse
1494 1508 1623 1550 fabri-

186 1576 267 1612 ca3
299 1570 471 1618 tamque
499 1577 592 1604 eam
622 1578 711 1604 rem
741 1578 832 1605 esse
862 1564 1044 1614 facilem,
1065 1579 1191 1620 quam
1223 1579 1295 1606 vos
1322 1565 1429 1605 effici
1458 1565 1623 1620 negetis

186 1619 276 1659 sine
304 1618 442 1660 divina
468 1633 591 1675 posse
615 1620 818 1671 sollertia,
838 1630 888 1661 ut
909 1621 1233 1662 innumerabiles
1264 1630 1413 1661 natura
1439 1620 1622 1662 mundos

187 1675 388 1716 effectura
421 1675 488 1726 sit,
519 1677 686 1726 efficiat,
718 1677 916 1718 effecerit.
974 1677 1103 1733 Quod
1134 1678 1232 1733 quia
1261 1676 1622 1732 quemadmodum

143 1735 176 1766 b·
189 1741 338 1772 natura
359 1732 521 1773 efficere
543 1733 630 1773 sine
650 1732 790 1788 aliqua
820 1743 962 1775 mente
990 1734 1137 1789 possit,
1160 1748 1244 1774 non
1263 1733 1410 1775 videtis
1428 1750 1438 1774 :
1469 1743 1517 1774 ut
1536 1741 1622 1774 tra-—

187 1788 274 1842 gici
293 1793 447 1842 poetae,
469 1803 567 1829 cum
589 1789 797 1844 explicare
823 1791 1064 1845 argumenti
1089 1791 1247 1831 exitum
1269 1797 1306 1821 82
1326 1804 1410 1830 non
1431 1789 1623 1844 potestis,

123 1849 176 1883 54
189 1845 420 1899 confugitis
439 1845 492 1885 ad
514 1845 666 1886 deum:
699 1846 821 1901 cujus
855 1860 1027 1902 operam
1048 1847 1239 1901 profecto
1262 1861 1346 1886 non
1369 1846 1625 1887 desiderare÷

187 1901 255 1952 tis,
273 1901 308 1941 si
327 1902 577 1942 immensam
597 1910 639 1942 et
660 1902 970 1943 interminatam
999 1903 1042 1943 in
1070 1917 1217 1943 omnes
1242 1911 1380 1957 partes
1405 1903 1623 1958 magnitu-

184 1956 328 1998 dinem
362 1958 582 2013 regionum
614 1958 837 2000 rideretis:
868 1959 910 2000 in
941 1974 1067 2015 quam
1099 1974 1142 1999 se
1172 1959 1362 2014 injiciens
1389 1960 1552 2000 animus
1580 1966 1625 2000 et

183 2013 419 2064 intendens,
447 2014 506 2055 ita
537 2015 620 2055 late
653 2015 867 2072 longeque
896 2016 1201 2071 peregrinatur,
1221 2025 1270 2057 ut
1289 2016 1449 2056 nullam
1480 2025 1623 2056 tamen

185 2085 304 2111 oram
335 2070 474 2111 ultimi
503 2071 655 2121 videat,
686 2072 728 2112 in
758 2087 842 2128 qua
870 2073 1005 2128 possit
1034 2073 1238 2112 insistere.
1297 2073 1347 2112 In
1382 2073 1461 2112 hac
1493 2072 1624 2127 igitur

184 2127 470 2168 immensitate
498 2127 784 2179 latitudinum,
805 2128 1135 2184 longitudinum,
1156 2128 1442 2178 altitudinum,
1462 2128 1625 2170 infinita

185 2183 245 2224 vis
267 2184 636 2225 innumerabilium
656 2185 801 2226 volitat
821 2194 1061 2226 atomorum
1079 2201 1089 2224 z
1118 2200 1227 2240 quae,
1248 2185 1472 2240 interjecto
1494 2185 1623 2235 inani,

184 2239 477 2281 cohaerescunt
510 2249 652 2282 tamen
685 2241 792 2283 inter
829 2256 887 2290 se,
923 2251 966 2283 et
998 2242 1090 2282 aliae
1123 2241 1224 2282 alias
1260 2241 1621 2297 apprehendentes

184 2297 486 2338 continuantur
504 2314 515 2338 ι
562 2312 612 2338 ex
647 2314 732 2353 quo
768 2298 1005 2339 efficiuntur
1039 2298 1104 2339 hae
1138 2312 1278 2338 rerum
1315 2299 1464 2338 formae
1494 2306 1622 2352 atque

185 2353 333 2408 figurae
353 2370 362 2394 :
383 2367 497 2409 ‘quas
528 2369 600 2395 vos
634 2354 741 2395 effici
770 2369 893 2410 posse
923 2355 1010 2396 sine
1040 2354 1210 2394 follibus
1231 2362 1274 2395 et
1294 2353 1514 2394 incudibus
1536 2368 1621 2394 non

185 2410 358 2463 putatis.
389 2411 538 2466 Itaque
554 2410 811 2466 imposuistis
832 2411 875 2451 in
894 2411 1123 2451 cervicibus
1147 2410 1298 2451 nostris
1318 2410 1622 2464 sempiternum

183 2464 421 2516 dominum,
444 2481 571 2521 quem
592 2467 697 2516 dies,
719 2476 762 2508 et
781 2476 927 2508 noctes
956 2467 1216 2507 timeremus.
1275 2466 1382 2522 Quis
1404 2467 1514 2506 enim
1537 2480 1621 2506 non

183 2521 330 2562 timeat
361 2524 503 2562 omnia
532 2523 835 2578 providentem,
856 2532 899 2564 et
924 2523 1199 2578 cogitantem,
1221 2531 1265 2562 et
1288 2522 1623 2563 animadverten-

184 2586 287 2629 tem,
301 2586 343 2618 et
363 2579 504 2619 omnia
525 2579 577 2619 ad
598 2594 640 2619 se
660 2580 869 2635 pertinere
889 2586 1124 2635 putantem,
1142 2580 1372 2630 curiosum,
1389 2589 1431 2620 et
1449 2580 1622 2635 plenum

228 2719 268 2749 79
289 2714 406 2753 paribus
425 2713 514 2753 faria
538 2714 732 2753 rapo-ubam]
754 2715 825 2745 HOC
842 2725 882 2744 ex
925 2725 1000 2745 rum.

184 2756 309 2794 ἰσονομίᾳ,
341 2758 538 2796 intelligitur,
570 2758 646 2796 quid
676 2759 725 2787 sit.
753 2768 783 2787 v.
811 2759 882 2788 Ind.
971 2765 1006 2787 31
1034 2755 1120 2793 idem,
1138 2756 1316 2798 quicetcra]
1335 2758 1500 2798 Epicurus.

182 2800 284 2830 Graec.
305 2801 335 2829 in
354 2800 488 2836 ἰσωαμῐα,
972 2807 1009 2830 32
1034 2810 1086 2828 non
1108 2800 1237 2839 potcstis]
1264 2801 1363 2831 Valde
1383 2801 1502 2831 inclino
1519 2809 1568 2838 eo,
1585 2806 1621 2830 ut

228 2850 267 2873 50
290 2843 367 2872 nihil
387 2843 459 2871 enim
481 2842 556 2882 agit]
577 2843 628 2872 Sc.
644 2843 744 2879 Deus,
761 2844 845 2882 quod
864 2853 881 2872 e
916 2843 1027 2882 possint
1056 2842 1226 2881 legendum
1253 2851 1375 2885 putem.
1402 2853 1479 2876 nam
1505 2843 1545 2875 ad.
1568 2853 1621 2874 vus

180 2885 296 2915 dearum
317 2887 523 2926 repetendum
546 2893 604 2923 est,
619 2893 674 2916 aut
696 2886 817 2928 quisque
839 2898 883 2916 eo·
923 2886 1033 2918 durius
1048 2887 1207 2918 referatur.
