1778 3095
622 90 807 129 LIBER
834 89 1118 127 TERTIUS.
1510 97 1589 139 309

152 198 235 241 dia.
267 215 350 257 qua
370 200 568 257 quoniam
588 205 721 249 vacat,
743 197 995 253 aegritudine
1025 196 1152 237 etiam
1182 196 1360 237 vacabit.
1418 198 1585 240 Etenim
1599 208 1650 240 20

152 257 187 297 si
222 259 384 313 sapiens
414 258 457 298 in
488 255 782 312 aegritudinem
816 253 1000 295 incidere
1032 261 1188 309 posset,
1217 261 1359 308 posset
1387 254 1514 295 etiam
1544 256 1586 297 in

152 314 493 364 misericordiam,
524 320 667 368 posset
699 312 741 352 in
772 311 1058 352 invidentiam.
1089 317 1128 342 36
1144 324 1228 351 non
1261 309 1346 349 dixi
1374 309 1586 363 invidiam,

154 386 249 426 quae
272 381 361 412 tum
383 378 458 421 est,
479 385 576 410 cum
598 368 805 409 invidetur
819 384 830 418 3
862 369 914 409 ab
943 366 1167 408 invidendo
1194 374 1335 408 autem
1364 366 1588 409 invidentia

151 437 262 469 recte
283 427 363 468 dici
382 435 535 481 potest,
562 435 609 467 ut
638 425 892 480 effugiamus
922 424 1172 480 ambiguum
1205 437 1360 464 nomen
1390 422 1585 474 invidiae3

151 483 267 539 quod
283 484 456 524 verbum
477 483 652 524 ductum
672 490 736 522 est
756 496 781 522 a
801 482 923 522 nimis
945 481 1148 523 intuendo
1168 481 1379 522 fortunam
1401 480 1586 531 alterius,

149 550 196 581 ut
216 548 280 581 est
300 547 337 576 37
351 539 394 580 in
415 540 682 595 Menalippo,

260 618 423 667 Quisnam
430 619 553 666 florem
570 617 710 655 liberam
729 617 856 655 invidit
876 617 980 655 mezlm
999 619 1020 653 ?

147 699 187 724 ³8
205 691 314 732 male
333 692 484 734 Latine
502 693 678 734 videtur.
711 693 784 734 sed
804 693 1003 748 praeclare
1022 691 1194 733 Accius.
1225 701 1273 732 ut
1301 690 1412 732 enim
1434 691 1584 743 videre,

147 748 206 789 sic
226 748 407 790 invidere
427 751 571 791 florem
594 750 762 801 rectius,
785 764 911 806 quam
933 750 1039 790 flori.
1059 763 1135 789 nos
1157 748 1464 789 consuetudine
1485 763 1583 804 pro-

147 804 369 846 hibemur:
401 812 530 862 poeta
552 808 624 864 jus
658 822 781 848 suum
813 807 964 857 tenuit,
985 815 1028 847 et
1057 805 1162 846 dixit
1181 805 1395 846 audacius.
1458 804 1669 852 CaditIO

145 862 278 917 igitur
309 863 351 903 in
384 864 563 905 eundem
594 873 637 904 et
667 863 868 914 misereri,
889 872 931 903 et
960 862 1157 904 invidere.
1189 877 1286 902 nam
1308 870 1348 896 39
1366 862 1437 918 qui
1468 863 1643 910 dolet21

145 919 269 960 rebus
291 920 469 977 alicujus
497 921 692 970 adversis,
714 921 824 961 idem
856 919 1034 976 alicujus
1065 919 1194 960 etiam
1227 919 1419 960 secundis
1449 919 1583 961 solet:

145 983 193 1016 ut
211 976 531 1032 Theophrastus
553 978 771 1019 interitum
792 976 1013 1033 deplorans
1034 975 1305 1017 Callisthenis
1327 976 1483 1018 sodalis
1505 976 1585 1027 sui,

145 1032 272 1074 rebus
308 1034 538 1076 Alexandri
573 1035 781 1091 prosperis
819 1034 1014 1090 angitur:
1045 1033 1189 1089 itaque
1220 1032 1323 1073 dicit
1358 1032 1587 1074 Callisthe-

148 1104 244 1130 nem
265 1090 459 1132 incidisse
489 1091 532 1132 in
566 1092 779 1133 hominem
812 1105 979 1132 summa
998 1090 1204 1145 potentia,
1224 1104 1473 1145 summaque
1498 1091 1585 1132 for-

148 1154 265 1198 tuna,
286 1147 360 1188 sed
380 1148 588 1203 ignarum,
610 1147 973 1205 quemadmodum
995 1148 1117 1188 rebus
1135 1146 1328 1187 secundis
1349 1147 1411 1187 uti
1431 1161 1586 1188 conve-

148 1203 269 1244 niret.
328 1205 463 1260 Atqui
497 1205 859 1261 quemadmodum
890 1204 1190 1254 misericordia,
1213 1203 1422 1258 aegritudo
1449 1213 1514 1245 est
1535 1219 1586 1245 ex

147 1260 318 1302 alterius
351 1262 476 1302 rebus
508 1263 716 1303 adversis:
748 1262 807 1303 sic
838 1261 1076 1311 invidentia,
1109 1260 1319 1316 aegritudo
1351 1269 1415 1301 est
1439 1275 1490 1301 ex
1522 1261 1584 1302 al-

147 1318 276 1358 terius
315 1319 439 1359 rebus
478 1319 685 1360 secundis.
748 1320 795 1359 In
829 1333 953 1374 quen]
990 1319 1123 1373 igitur
1152 1317 1266 1358 cadit
1301 1317 1503 1368 misereri,
1541 1318 1584 1359 in

147 1375 329 1415 eundem
349 1375 475 1416 etiam
497 1376 692 1417 invidere.
723 1390 806 1416 non
838 1375 951 1416 cadit
981 1384 1123 1415 autem
1152 1373 1334 1415 invidere
1354 1373 1396 1414 in
1417 1375 1583 1430 sapien-

148 1441 261 1472 tem:
293 1446 398 1486 ergo
434 1447 485 1472 ne
520 1433 707 1473 misereri
741 1432 929 1488 quidem.
961 1440 1002 1464 40
1015 1430 1130 1486 quod
1165 1431 1199 1471 si
1235 1445 1348 1486 aegre
1379 1431 1485 1472 ferre
1516 1446 1581 1472 sa·
1593 1444 1624 1474 P·
1643 1441 1715 1468 19⁵·

145 1487 264 1542 piens
296 1489 464 1539 soleret,
485 1489 672 1530 misereri
703 1490 830 1530 etiam
864 1489 1029 1530 soleret.
1060 1488 1179 1528 abest
1211 1502 1316 1543 ergo
1345 1502 1370 1527 a
1395 1488 1623 1543 sapientea·

144 1544 368 1599 aegritudo.

203 1602 310 1642 Haec
341 1602 399 1642 sic
432 1602 630 1642 dicuntur
659 1617 682 1642 a
714 1601 883 1652 Stoicis,
909 1600 1304 1656 concludunturque
1334 1602 1649 1643 contortius.22

147 1658 220 1699 sed
256 1658 380 1699 latius
414 1659 631 1715 aliquanto
668 1659 847 1700 dicenda
887 1668 998 1709 sunt,
1033 1668 1076 1699 et
1111 1658 1328 1699 diffusius:
1371 1658 1587 1700 sententiis

147 1724 288 1756 tamen
311 1716 517 1757 utendum
540 1725 576 1747 41
594 1731 742 1756 eorum
773 1715 1059 1772 potissimum,
1080 1715 1153 1771 qui
1182 1715 1366 1756 maxime
1394 1716 1509 1766 forti,
1531 1725 1587 1766 et,

148 1782 195 1812 ut
214 1773 272 1812 ita
293 1771 447 1822 dicam,
469 1773 574 1814 virili
594 1782 770 1814 utuntur
791 1773 966 1821 ratione,
988 1780 1115 1827 atque
1137 1772 1357 1813 sententia.
1389 1787 1486 1813 nam
1511 1773 1587 1812 Pe-

148 1829 371 1884 ripatetici,
404 1830 629 1870 familiares
664 1830 813 1880 nostri,
847 1829 1001 1884 quibus
1032 1829 1133 1869 nihil
1168 1838 1232 1869 est
1264 1829 1449 1880 uberius,
1483 1827 1588 1870 nihil

147 1885 368 1935 eruditius,
400 1886 504 1926 nihil
541 1887 725 1942 gravius,
757 1886 1071 1933 mediocritates
1109 1886 1170 1926 vel
1202 1886 1588 1941 perturbationum,

148 1942 211 1982 vel
245 1943 492 1983 morborum
525 1945 669 1992 animi,
702 1943 805 1984 mihi
841 1958 924 1984 non
958 1956 1055 1983 sane
1088 1944 1284 1998 probant.
1317 1958 1444 1984 omne
1475 1943 1588 1983 enim

147 2000 322 2049 malum,
345 2000 472 2040 etiam
495 2000 721 2051 mediocre,
743 2014 948 2056 magnum
971 2008 1047 2040 est.
1081 2014 1155 2040 nos
1176 2009 1320 2041 autem
1342 2000 1383 2040 id
1406 2000 1588 2054 agimus,

146 2064 195 2096 ut
213 2056 257 2096 id
278 2056 320 2096 in
343 2057 526 2111 sapiente
549 2057 713 2098 nullum
735 2057 788 2097 sit
809 2057 998 2097 omnino.
1031 2071 1128 2096 nam
1148 2066 1194 2097 ut
1215 2071 1383 2112 corpus,
1404 2058 1532 2098 etiam
1555 2056 1590 2098 si

147 2113 417 2154 mediocriter
446 2128 611 2169 aegrum
641 2123 719 2165 est,
749 2128 898 2155 sanum
933 2128 1016 2153 non
1047 2123 1135 2154 est:
1169 2114 1228 2154 sic
1260 2113 1302 2153 in
1336 2114 1478 2154 animo
1510 2113 1591 2154 ista

188 2230 228 2255 36
259 2236 312 2254 non
338 2225 403 2254 dixi
429 2225 458 2253 in
486 2223 646 2263 invidiam]
680 2225 790 2254 Delevi
818 2225 847 2253 in

146 2277 223 2298 cum
247 2268 397 2299 Davisio:
423 2278 481 2298 nec
500 2269 529 2298 id
546 2269 642 2298 ‘nabet
659 2269 719 2298 Ms.
739 2268 848 2299 Guelf.

147 2320 223 2341 nam
254 2312 291 2341 de
321 2311 389 2341 solo
418 2312 510 2341 verbo
538 2312 687 2351 loquitur.
719 2318 788 2351 post
815 2313 847 2341 in

147 2365 213 2395 quae
229 2361 288 2383 rum
305 2361 344 2383 est
360 2361 508 2394 putavere
525 2356 581 2384 viri
597 2355 681 2384 docti
700 2355 805 2384 deesse
821 2362 848 2384 et

147 2397 195 2426 vel
222 2397 319 2427 etiam.
347 2398 468 2427 frustra.
492 2398 609 2427 invidia
633 2405 679 2428 est
694 2399 732 2428 de
748 2406 844 2427 actu:

147 2439 312 2469 invidentia
328 2448 373 2470 est
389 2442 427 2470 de
444 2441 528 2470 vitio.

191 2488 228 2517 37
248 2483 277 2512 in
294 2483 476 2523 Menalippa]
498 2484 548 2513 Sic
570 2484 638 2513 libri
656 2494 715 2514 scr.
733 2491 763 2513 et
778 2485 847 2514 edd.

145 2526 277 2564 quidam
293 2527 349 2556 viri
364 2528 446 2557 docti
464 2527 606 2557 maluere
623 2527 791 2566 Melanippo
807 2537 846 2556 ex

147 2569 259 2598 Graeca
274 2571 515 2600 consuetudine.
545 2571 723 2610 Saepissime
739 2577 846 2600 tamen

147 2611 186 2640 ab
202 2611 269 2642 aliis
283 2623 410 2652 quoque
427 2613 481 2643 illa
496 2615 598 2644 forma
615 2614 761 2643 laudatur
777 2615 846 2643 haec

147 2653 265 2685 fabula.
320 2656 476 2686 Buherius
507 2664 615 2687 autem
650 2657 783 2687 inclinat
813 2657 844 2686 in

149 2697 323 2737 Melanippa
347 2709 386 2728 ex
412 2699 542 2739 Hygino
566 2701 629 2730 fab.
648 2705 719 2731 186.
746 2710 845 2740 quam

149 2739 214 2768 huc
231 2742 383 2779 pertinere
399 2749 499 2781 putat.

192 2788 231 2812 :38
249 2783 323 2813 male
340 2784 459 2823 Latine]
481 2786 543 2815 lnt.
559 2785 683 2815 dixisse.

193 2831 233 2858 39
255 2826 305 2866 qui
329 2826 521 2857 dolet-idem
544 2827 666 2867 alicujus
683 2839 707 2858 e.
724 2838 747 2858 ε.
764 2825 848 2868 solet]

891 2224 1034 2254 Primum
1053 2234 1107 2263 pro
1123 2223 1208 2259 dolet,
1222 2225 1370 2254 Davisius
1385 2224 1487 2261 dolere,
1506 2225 1592 2264 quod

891 2269 1035 2306 sequenti
1054 2268 1122 2296 solet
1146 2268 1226 2297 bene
1252 2268 1419 2298 convenit:
1444 2278 1499 2307 pro
1523 2267 1592 2298 solet

892 2312 987 2340 etiam
1019 2311 1148 2349 quidam
1182 2311 1251 2340 libri
1283 2318 1318 2340 ut
1349 2311 1456 2341 Guelf.
1494 2310 1591 2340 dolet:

891 2355 975 2392 quod
994 2363 1057 2383 non
1074 2354 1186 2393 placet.
1211 2364 1286 2383 nam
1304 2361 1333 2383 et
1350 2354 1445 2394 paulo
1462 2361 1529 2394 post
1547 2361 1592 2384 est

890 2398 1000 2426 cadem
1018 2397 1129 2426 forma.
1147 2398 1198 2426 sed
1216 2398 1351 2427 alterum
1368 2396 1491 2437 alicqjas
1504 2398 1594 2427 abes-

889 2451 921 2470 se
939 2440 1063 2469 malim.

937 2491 977 2514 40
992 2483 1068 2524 quod
1080 2483 1104 2511 si
1120 2482 1169 2511 hoc
1184 2482 1366 2522 aevrjreferre]
1386 2483 1496 2513 Delevi
1514 2493 1592 2512 cum

893 2527 1021 2556 Davisio
1048 2526 1107 2562 hoc,
1133 2527 1218 2565 quod
1250 2527 1415 2555 manifeste
1442 2528 1592 2557 vitiosum

891 2577 947 2599 est,
973 2579 1049 2598 nam
1066 2576 1112 2599 est
1127 2579 1230 2598 sermo
1247 2570 1285 2598 de
1301 2579 1424 2606 genere.
1443 2570 1593 2608 abestque

891 2623 909 2642 a
926 2613 1005 2642 Mss.
1020 2613 1145 2642 duobus
1161 2612 1346 2642 Alemanni.

934 2664 970 2686 41
991 2667 1084 2684 eorum
1101 2654 1166 2696 qui]
1193 2667 1286 2684 eorum
1310 2657 1366 2686 int.
1392 2656 1592 2685 Stoicorum:

891 2709 1027 2737 eamque
1051 2699 1092 2728 ob
1115 2708 1245 2728 causam
1267 2709 1323 2737 pro
1348 2699 1397 2738 qui
1421 2698 1594 2737 legendum

890 2743 1034 2772 videatur
1061 2742 1131 2784 quia
1161 2749 1198 2771 ut
1227 2742 1323 2772 edidit
1352 2742 1509 2771 Davisius.
1541 2740 1594 2770 sed

893 2796 959 2815 non
985 2792 1031 2815 est
1058 2785 1291 2815 necessarium:
1318 2794 1393 2815 nam
1421 2784 1471 2824 qui
1496 2790 1594 2822 potest

894 2829 995 2867 accipi
1011 2838 1067 2867 pto
1083 2828 1153 2869 quia
1170 2828 1203 2856 ii.

890 2882 967 2923 x3
