1778 3095
258 119 338 153 210
566 113 639 151 DE
667 113 825 152 FINIB.
844 112 1045 152 BONOR.
1064 113 1134 152 ET
1160 113 1369 152 MALOR.

256 221 384 263 titum
402 238 412 264 ε
443 230 687 278 coeptatque
707 230 750 264 et
770 237 834 274 ea,
856 237 951 279 quae
975 230 1133 264 naturae
1155 231 1253 278 apta
1273 221 1414 272 sentit,
1434 230 1627 277 appetere
1647 231 1691 264 et

258 279 504 334 propulsare
523 279 745 320 contraria.
777 294 882 335 ergo
905 279 1020 320 omni
1040 279 1209 320 animali
1230 278 1348 327 illud,
1370 278 1488 334 quod
1517 280 1695 334 appetit,

257 337 443 390 positum
466 345 531 376 est
546 335 588 376 in
608 350 675 385 eo,
697 335 811 391 quod
833 345 991 377 naturae
1012 346 1076 377 est
1095 335 1479 377 accommodatum.
1511 335 1569 376 ita
1599 335 1691 376 finis

258 392 470 433 bonorum
504 392 678 442 exsistit,
712 392 944 433 secundum
979 401 1170 434 naturam
1204 393 1352 443 vivere,
1385 392 1444 433 sic
1477 391 1692 440 affectum,

261 456 299 481 3⁵
316 458 362 489 ut
384 449 542 504 optime
561 449 669 490 affici
690 449 837 503 possit,
858 448 911 489 ad
937 458 1212 504 naturamque
1241 446 1692 490 accommodatissime.

198 510 246 542 25
262 506 478 548 Quoniam
499 515 640 546 autem
675 520 750 546 sua
780 505 984 560 cujusque
1012 505 1234 546 animantis
1259 516 1406 547 natura
1424 514 1500 555 est,
1521 517 1692 545 necesse

261 570 326 602 cst
357 576 540 617 quoque,
562 562 685 602 finem
719 561 909 601 omnium
944 560 1056 601 hunc
1085 575 1188 612 esse,
1210 570 1257 602 ut
1288 572 1436 603 natura
1462 561 1694 615 expleatur.

261 618 365 659 nibil
395 618 507 659 enim
533 618 744 673 prohibet,
766 616 961 672 quaedam
984 631 1073 657 esse
1092 626 1135 657 et
1155 617 1263 659 inter
1282 633 1325 659 se
1345 618 1596 659 animalibus
1624 629 1691 657 re·-

257 675 398 730 liquis,
420 684 462 715 et
493 689 592 715 cum
626 673 769 714 bestiis
802 672 963 713 homini
992 674 1248 724 communia,
1269 675 1467 730 quoniam
1498 672 1691 715 omnium

258 740 324 772 est
345 741 492 772 natura
513 729 765 771 communis.
795 728 869 770 sed
888 738 1071 770 extrema
1092 729 1176 778 illa,
1198 740 1241 771 et
1260 745 1440 782 summa,
1461 746 1553 786 quae
1576 744 1693 786 quae-

258 788 406 838 rimus,
426 788 535 828 inter
553 785 797 827 animalium
827 800 981 840 genera
1003 792 1042 818 -36
1059 786 1257 827 distincta
1277 797 1320 827 et
1340 787 1559 842 dispertita
1579 794 1692 836 sunt,

260 854 304 884 et
335 858 409 884 sua
439 844 592 899 cuique
622 842 806 898 propria,
827 851 868 882 et
898 842 950 883 ad
981 842 1022 883 id
1052 852 1164 897 apta,
1186 842 1301 898 quod
1321 843 1526 899 cujusque
1544 852 1695 884 natura

197 900 483 943 zodesiderat.
541 901 684 955 Quare
715 913 812 939 cum
846 899 1041 948 dicimus,
1062 900 1259 940 omnibus
1290 899 1540 941 animalibus
1559 906 1694 940 extre-

260 972 379 998 mum
399 971 504 1007 esse,
527 955 760 997 secundum
784 964 975 996 naturam
1003 956 1164 1006 vivere3
1196 971 1280 998 non
1310 957 1370 997 ita
1398 955 1693 1012 accipiendum

258 1022 338 1063 est,
358 1013 477 1068 quasi
509 1013 713 1061 dicamus,
742 1028 874 1054 unum
905 1027 995 1053 esse
1028 1013 1219 1054 omnium
1250 1022 1515 1054 extremum:
1544 1011 1618 1053 sed
1647 1019 1696 1054 ut

260 1070 452 1111 omnium
472 1070 622 1110 artium
645 1079 759 1110 recte
780 1069 863 1110 dici
884 1078 1024 1124 potest
1053 1084 1279 1110 commune
1300 1084 1405 1120 esse,
1426 1078 1474 1111 ut
1493 1069 1534 1110 in
1554 1068 1695 1125 aliqua

260 1127 434 1168 scientia
455 1136 653 1177 versetur,
675 1126 891 1166 scientiam
912 1134 1051 1167 autem
1084 1141 1203 1166 suam
1230 1125 1437 1182 cujusque
1454 1126 1553 1166 artis
1573 1139 1663 1166 esse
1682 1141 1693 1165 z

218 1184 320 1225 b·sic
340 1197 569 1225 commune
588 1182 830 1224 animalium
854 1183 1045 1222 omnium
1071 1182 1303 1223 secundum
1334 1190 1526 1224 naturam
1547 1182 1695 1231 vivere,

260 1239 335 1281 sed
357 1249 527 1281 naturas
547 1253 637 1280 esse
657 1238 852 1288 diversas,
873 1247 922 1279 ut
939 1238 1054 1279 aliud
1074 1252 1184 1294 equo
1204 1239 1257 1279 sit
1274 1247 1435 1289 natura,
1452 1237 1567 1280 aliud
1582 1238 1694 1287 bovi,

258 1296 375 1338 aliud
409 1295 586 1345 homini,
619 1302 662 1335 et
692 1304 835 1336 tamen
867 1294 909 1335 in
943 1295 1141 1336 omnibus
1170 1309 1338 1336 summa
1369 1293 1623 1345 communis,
1653 1303 1696 1334 et

258 1352 432 1409 quidem
454 1367 540 1393 non
561 1351 700 1392 solum
731 1351 773 1391 in
805 1351 1069 1402 animalibus,
1091 1351 1164 1392 sed
1196 1351 1322 1392 etiam
1343 1351 1385 1392 in
1406 1352 1531 1392 rebus
1557 1350 1696 1392 omni-

258 1409 338 1450 bus
369 1408 433 1461 iis,
454 1423 558 1464 quas
590 1416 739 1449 natura
770 1408 858 1459 alit,
884 1418 1029 1463 auget,
1051 1417 1095 1449 et
1124 1416 1295 1449 tuetur:
1326 1408 1367 1449 in
1398 1407 1551 1464 quibus
1580 1406 1695 1448 vide-

258 1481 368 1517 mus,
388 1481 451 1515 ea,
473 1481 569 1521 quae
589 1466 825 1520 gignuntur
843 1479 865 1505 e
887 1475 1031 1515 terrra,
1050 1465 1185 1505 multa
1204 1464 1389 1520 quodam
1407 1464 1538 1506 modo
1559 1471 1596 1500 37
1609 1463 1698 1504 effi-

257 1537 354 1564 cere
380 1523 470 1579 ipsa
499 1522 579 1563 sibi
609 1536 683 1577 per
713 1535 773 1572 se,
792 1537 886 1577 quae
915 1521 967 1562 ad
995 1521 1231 1572 vivendum,
1251 1521 1608 1576 crescendumque
1627 1534 1696 1560 va·-

257 1579 388 1630 leant‚
424 1587 464 1611 38
482 1588 526 1620 et
560 1593 638 1619 suo
674 1592 829 1633 genere
868 1578 1109 1633 perveniant
1145 1578 1198 1618 ad
1229 1589 1464 1619 extremum
1483 1594 1494 1618 x
1524 1586 1572 1618 ut
1602 1576 1694 1632 jam

256 1636 384 1679 liceat
412 1650 496 1677 una
524 1635 900 1690 comprehensione
930 1635 1071 1675 omnia
1091 1634 1346 1690 complecti3
1379 1649 1462 1675 non
1481 1633 1695 1675 dubitem-

258 1707 342 1748 que
375 1692 527 1743 dicere,
549 1706 720 1732 omnem
750 1700 943 1733 naturam
973 1705 1063 1732 esse
1083 1698 1123 1724 39
1139 1691 1487 1732 conservatricem
1519 1690 1599 1740 sui,
1629 1689 1694 1730 id-

258 1761 341 1804 que
362 1748 517 1790 habere
536 1748 803 1803 propositum
833 1747 951 1804 quasi
982 1747 1122 1797 finem,
1143 1756 1185 1789 et
1216 1756 1467 1798 extremum,
1489 1762 1533 1788 se
1552 1755 1602 1787 ut
1620 1761 1695 1787 cu-

258 1805 415 1847 stodiat
449 1820 576 1861 quam
610 1805 653 1845 in
687 1804 851 1860 optimo
886 1804 951 1845 sui
982 1804 1148 1859 generis
1183 1812 1322 1844 statu:
1351 1812 1400 1844 ut
1431 1817 1600 1844 necesse
1628 1803 1696 1851 sit,

260 1862 451 1903 omnium
474 1876 630 1912 rerum,
653 1876 747 1917 quae
767 1871 915 1902 natura
935 1861 1117 1916 vigeant,
1135 1860 1316 1901 similem
1337 1874 1430 1900 esse
1451 1859 1590 1910 finem,
1610 1874 1696 1900 non

259 1919 459 1960 eundem.
490 1933 541 1959 ex
561 1933 646 1973 quo
665 1917 845 1973 intelligi
870 1917 1010 1967 debet,
1032 1917 1197 1957 homini
1216 1916 1260 1958 id
1280 1930 1370 1957 esse
1390 1916 1432 1957 in
1452 1916 1577 1958 bonis
1594 1916 1696 1957 ulti-

259 1990 395 2026 mum,
429 1975 662 2016 secundum
697 1984 890 2016 naturam
923 1973 1055 2014 vivere
1075 1990 1087 2014 2
1116 1972 1233 2029 quod
1268 1973 1326 2014 ita
1359 1973 1695 2028 interpretemur,

260 2033 394 2073 vivere
427 2047 476 2072 ex
507 2031 690 2072 hominis
721 2040 868 2072 natura
899 2030 1086 2086 undique
1117 2031 1318 2085 perfecta,
1349 2038 1391 2070 et
1423 2029 1526 2070 nihil
1556 2029 1694 2084 requi-

197 2102 246 2144 27
261 2098 392 2130 rente.
452 2089 562 2129 Haeo
591 2087 723 2143 igitur
743 2088 866 2129 nobis
885 2086 1131 2143 explicanda
1151 2095 1250 2128 sunt
1270 2103 1279 2126 z
1312 2085 1386 2127 sed
1405 2085 1440 2126 si
1459 2085 1695 2136 enodatius,

260 2161 333 2187 vos
366 2144 609 2201 ignoscetis.
639 2144 767 2200 hujus
797 2144 911 2186 enim
943 2143 1072 2194 aetati,
1094 2152 1137 2184 et
1166 2143 1280 2194 huic,
1301 2150 1341 2174 40
1359 2156 1469 2183 nunc
1499 2141 1582 2183 hoc
1607 2142 1694 2197 pri-

261 2217 381 2243 mum
416 2203 592 2242 fortasse
628 2201 828 2252 audienti,
861 2200 1012 2242 servire
1045 2199 1262 2241 debemus.
1321 2199 1387 2239 Ita
1416 2213 1601 2254 prorsus,
1630 2198 1695 2239 in-

261 2274 403 2315 quam.
422 2258 501 2299 etsi
523 2273 572 2298 ea
591 2257 778 2313 quidem,
795 2273 889 2313 quae
909 2257 1048 2299 adhuc
1067 2255 1222 2307 dixisti,
1242 2254 1429 2311 quamvis
1450 2254 1503 2296 ad
1524 2262 1692 2296 :etatem

260 2324 373 2357 recte
392 2316 473 2356 isto
493 2313 623 2355 modo
645 2313 895 2355 dicerentur.

179 2369 251 2418 10
316 2372 521 2429 Exposita
540 2371 689 2427 igitur,
706 2371 859 2428 inquit,
879 2368 1173 2412 terminatione
1194 2383 1333 2410 rerum
1353 2366 1695 2425 expetendarum,

258 2509 379 2548 scripsi,
407 2515 443 2539 ut
468 2515 500 2538 et
525 2508 595 2538 edd.
622 2506 771 2546 quaedam
801 2512 875 2536 vett.
900 2506 958 2536 ha·
1000 2502 1094 2545 mum]
1112 2505 1170 2535 Pro
1192 2511 1220 2534 et
1241 2516 1288 2535 suo
1311 2504 1424 2536 malim
1442 2511 1475 2534 ut
1490 2504 1520 2535 in
1534 2515 1582 2536 suo
1594 2517 1697 2547 genere

259 2552 345 2581 bent.
1002 2550 1060 2577 &a

301 2600 341 2624 35
359 2600 394 2623 u!
406 2594 509 2632 optime
524 2592 601 2633 affici
610 2590 712 2631 possit]
730 2593 783 2621 An
793 2589 883 2630 possis
896 2590 913 2618 3³
1044 2596 1083 2622 89
1111 2590 1350 2620 conservatricem
1375 2589 1435 2630 sui]
1461 2590 1601 2621 Quidam
1626 2591 1695 2621 libri

300 2642 340 2667 30
357 2637 495 2665 distincta
511 2643 538 2664 et
553 2633 718 2673 dispertita]
746 2634 803 2663 Pro
819 2632 956 2661 distincta
999 2642 1058 2662 scr.
1073 2633 1192 2663 habent
1206 2634 1407 2671 servatricem,
1423 2635 1508 2673 quod
1531 2641 1562 2663 et
1583 2635 1699 2673 recepit

255 2680 378 2709 videtur
400 2679 571 2718 legendum
595 2677 703 2707 divisa.
728 2687 783 2716 pro
804 2675 958 2715 dispertita
1001 2676 1159 2706 Davisius.

255 2724 304 2753 ed.
320 2724 401 2753 Ven.
422 2729 514 2754 1494.
532 2722 627 2751 habet
644 2720 781 2759 dispersa.
1041 2726 1082 2749 40
1097 2729 1172 2747 nunc
1186 2718 1235 2747 ἧσε
1247 2723 1296 2756 pr.
1311 2716 1458 2758 audienti]
1476 2718 1576 2749 Aldus
1599 2729 1696 2758 nepos

299 2772 336 2801 37
356 2764 462 2805 qfficere
478 2765 540 2804 ipsa
551 2764 669 2804 sibiper
684 2761 726 2802 se]
740 2761 795 2792 sibi
811 2762 863 2792 hic
878 2760 954 2791 alie-
996 2762 1081 2791 dedit
1096 2761 1168 2797 haec,
1186 2771 1250 2790 non
1272 2761 1356 2791 male
1371 2772 1379 2791 :
1405 2771 1481 2792 nam
1504 2770 1535 2791 et
1557 2769 1629 2792 ante
1651 2764 1696 2792 sie

256 2818 337 2839 mim
354 2809 487 2838 videtur.
997 2812 1054 2835 est.
1077 2812 1206 2834 secutus
1222 2811 1269 2834 est
1285 2804 1369 2834 idem
1393 2804 1552 2835 Davisius.
1569 2806 1695 2835 fortasse

299 2858 338 2882 38
362 2859 390 2881 ct
417 2862 463 2881 suo
480 2861 583 2891 genere
599 2848 779 2890 pet-venian!
799 2847 841 2877 ad
860 2852 954 2877 extre.
997 2854 1027 2878 et
1043 2847 1159 2878 meli-us
1175 2847 1308 2877 abfuerit
1322 2856 1511 2888 pronomen.
