1778 3095
230 195 311 232 462
604 195 681 233 DE
710 194 981 235 NATURA
1010 194 1273 236 DEORUM

227 301 456 344 clarissima
490 303 585 345 luce
625 304 887 355 collustrans,
929 306 1071 346 multis
1112 305 1298 360 partibus
1338 303 1486 359 major,
1525 312 1651 361 atquc

227 360 418 413 amplior,
439 375 564 416 quam
587 369 695 401 terra
716 362 928 403 univzersa
960 362 1109 403 deinde
1140 363 1298 417 reliqua
1323 360 1457 401 sidera
1483 363 1650 415 magni-

227 415 440 457 tudinibus
476 418 702 458 immensis.
760 418 904 482 Atque
933 418 976 459 hi
1007 419 1110 458 tanti
1140 418 1275 473 ignes,
1305 427 1475 471 tamque
1514 418 1652 468 multi,

226 486 309 512 non
330 473 460 513 modo
491 473 595 514 nihil
626 483 776 514 nocent
804 475 937 525 terris,
965 475 1171 529 rebusque
1200 473 1478 523 terrestribus,
1500 473 1573 513 sed
1593 474 1654 514 ita

225 537 415 593 prosunt,
436 538 482 570 ut
506 536 524 561 6
539 531 571 571 si
592 540 708 571 mota
727 530 822 570 loco
846 531 941 579 sint,
972 532 1244 585 conflagrare
1258 539 1385 570 terras
1414 542 1579 569 necesse
1600 530 1655 570 sit

226 598 250 624 a
282 586 407 626 tantis
445 585 677 650 ardoribus,
717 586 1020 637 moderatione,
1054 596 1096 627 et
1133 586 1433 641 temperatione
1475 585 1652 626 sublata.

142 640 211 695 37
227 640 312 681 Hic
334 655 415 696 ego
436 658 517 683 non
538 643 662 683 mirer
682 656 771 682 esse
793 657 1063 697 quemquam,
1085 642 1157 697 qui
1177 644 1255 683 sibi
1272 641 1534 697 persuadeat,
1555 655 1651 682 cor-

160 715 208 754 93
226 711 328 751 pora
359 699 550 753 quaedam
584 698 732 748 solida,
760 706 885 753 atque
916 698 1140 748 individua,
1171 699 1207 739 vi
1236 708 1277 738 et
1306 698 1510 753 gravitate
1538 697 1650 748 ferri,

223 753 515 810 mundumque
536 755 642 794 effici
671 754 996 805 ornatissimum,
1026 762 1068 794 et
1096 754 1391 808 pulcerrimum
1422 769 1472 795 ex
1501 768 1649 795 eorum

220 823 446 865 corporum
466 810 740 851 concursione
767 810 970 850 fortuita?
1005 811 1103 850 Hoo
1132 811 1203 865 qui
1229 810 1438 851 existimat
1466 810 1551 850 fieri
1572 825 1651 865 po-

219 866 361 915 tuisse,
384 881 468 906 non
498 866 705 921 intelligo,
737 881 812 906 cur
846 881 930 907 non
961 865 1073 906 idem
1104 875 1236 921 putet,
1267 866 1301 906 si
1330 866 1651 907 innumerabiles

218 922 341 962 unius
363 931 404 962 ct
425 923 572 976 viginti
592 923 739 962 formae
759 922 991 963 litterarum
1017 922 1081 963 vel
1111 937 1262 972 aureae,
1284 921 1343 962 vel
1368 922 1511 976 quales
1531 923 1649 974 libet,

217 977 359 1033 aliquo
389 978 680 1034 conjiciantur,
710 994 832 1034 posse
862 994 912 1019 ex
943 979 1005 1019 his
1036 979 1077 1019 in
1108 986 1257 1019 terram
1280 977 1462 1018 excussis
1483 978 1648 1037 annales

217 1034 356 1084 Ennii,
375 1043 423 1075 ut
442 1034 636 1090 deinceps
666 1035 753 1090 legi
783 1036 958 1090 possint,
988 1035 1119 1076 effici:
1150 1034 1265 1090 quod
1293 1034 1433 1075 nescio
1463 1049 1515 1074 an
1535 1049 1587 1075 ne
1606 1034 1649 1076 in

153 1093 205 1135 94
218 1104 302 1130 uno
324 1090 494 1145 quidem
518 1106 634 1132 versu
653 1092 786 1146 possit
812 1102 976 1132 tantum
1005 1091 1138 1132 vale1e
1168 1092 1348 1132 fortuna.
1411 1091 1485 1131 Isti
1506 1100 1645 1131 autem

216 1146 573 1202 quemadmodum
605 1157 852 1199 asseverant,
884 1163 935 1188 ex
967 1147 1228 1202 corpusculis
1259 1162 1340 1188 non
1372 1146 1529 1197 colore,
1561 1161 1645 1187 non

214 1203 415 1258 qualitate
456 1204 609 1260 aliqua,
649 1220 774 1260 quam
813 1204 986 1253 ποιότητα
1026 1204 1166 1244 Graeci
1206 1212 1368 1253 vocant,
1403 1218 1487 1244 non
1521 1218 1647 1244 sensu

212 1260 414 1314 praeditis,
449 1261 521 1301 sed
554 1261 900 1301 concurrentibus
933 1271 1089 1301 temere
1120 1269 1246 1314 atque
1285 1274 1399 1310 casu,
1436 1259 1645 1300 mundum

211 1330 303 1356 esse
338 1317 570 1380 perfectum
595 1318 608 1356 ?
640 1317 703 1357 vel
734 1317 1059 1357 innumerabiles
1089 1317 1230 1371 potius
1261 1315 1303 1356 in
1334 1316 1449 1356 omni
1486 1324 1646 1370 puncto

212 1372 414 1427 temporis
434 1373 536 1414 alios
552 1374 680 1423 nasci,
701 1373 832 1414 alios
822 1374 988 1414 mterire
1006 1375 1019 1413 ?
1052 1372 1183 1414 Quod
1203 1387 1236 1412 Sl
1258 1371 1463 1413 mundum
1484 1372 1646 1412 efficere

211 1437 353 1482 potest
371 1443 598 1470 concursus
619 1439 874 1480 atomorum,
897 1445 972 1470 cur
993 1429 1217 1484 porticum,
1234 1442 1308 1469 cur
1328 1428 1551 1483 templum,
1571 1443 1647 1469 cur

212 1484 402 1535 domum,
433 1500 508 1527 cur
536 1487 683 1527 urbem
714 1501 797 1527 non
831 1486 1000 1541 potest?
1034 1500 1127 1540 quae
1158 1495 1255 1526 sunt
1284 1485 1422 1525 minus
1455 1499 1646 1540 operosa,

212 1550 256 1582 et
288 1542 425 1583 multo
463 1543 633 1598 quidem
673 1543 874 1583 faciliora.
935 1541 1062 1583 Certe
1099 1542 1158 1582 ita
1194 1551 1352 1583 temere
1393 1542 1446 1581 de
1485 1541 1646 1582 mundo

104 1606 136 1637 P·
149 1603 200 1628 45·
213 1598 422 1649 effutiunt,
444 1609 491 1639 ut
509 1599 613 1640 mihi
646 1599 816 1655 quidem
847 1613 1077 1654 numquam
1103 1597 1215 1639 hunc
1243 1597 1532 1640 admirabilem
1553 1597 1647 1638 caeli

173 1649 423 1706 a‘ornatum,
444 1656 517 1711 qui
536 1656 655 1696 locus
675 1665 738 1697 est
755 1655 984 1711 proximus,
1005 1654 1239 1718 suspexisse
1258 1654 1486 1695 videantur.
1533 1654 1643 1694 Prae-

147 1711 197 1752 95
211 1711 322 1751 clare
342 1725 445 1766 ergo
464 1712 732 1763 Aristoteles,
753 1713 788 1752 si
808 1719 950 1761 essent,
979 1711 1127 1772 inquit,
1160 1710 1230 1766 qui
1260 1709 1331 1751 sub
1358 1717 1467 1749 terra
1487 1719 1642 1764 semper

211 1766 516 1818 habitavissent,
537 1767 646 1808 bonis·
664 1776 701 1808 et
723 1767 950 1808 illustribus
971 1765 1201 1817 domiciliis,
1218 1782 1327 1829 quoe
1345 1772 1472 1806 essent
1494 1773 1643 1806 ornata

209 1823 353 1879 signis,
374 1831 498 1879 atque
523 1824 710 1878 picturis,
741 1825 1021 1880 instructaque
1049 1823 1164 1863 rebus
1194 1822 1244 1864 iis
1275 1821 1471 1871 omnihus,
1498 1821 1642 1877 quibus

209 1880 417 1921 abundant
441 1895 484 1931 ΖΖ,
505 1881 576 1936 qui
607 1880 712 1921 beati
740 1888 955 1934 putantur,
986 1894 1056 1920 nec
1087 1886 1221 1920 tamen
1251 1878 1427 1919 exissent
1447 1892 1643 1933 umquam

207 1946 332 1991 supia
353 1943 533 1978 terram:
565 1937 807 2000 accepissent
821 1936 1102 1991 autemfama,
1119 1943 1157 1976 et
1175 1934 1394 1985 auditione,
1414 1949 1496 1975 esse
1516 1934 1643 1989 quod-

208 1993 304 2033 dam
325 2007 486 2043 numen,
508 2000 545 2034 et
566 2008 647 2034 vim
667 1993 859 2034 deomm:
893 1992 1034 2033 deinde
1053 1992 1191 2047 aliquo
1214 1999 1401 2054 ternpore,
1419 1989 1643 2045 patefactis

209 2049 545 2104 terraefaucibus,
567 2065 617 2090 ex
637 2049 722 2090 illis
741 2049 888 2089 abditis
908 2048 1064 2090 sedibus
1084 2048 1282 2089 ευαείθΖε
1268 2062 1310 2089 ΖΖΖ
1325 2046 1411 2088 ltcec
1427 2047 1526 2098 loca,
1548 2061 1643 2102 quoe

207 2120 278 2146 nos
314 2105 540 2156 incolimus,
570 2114 692 2162 atque
725 2105 836 2146 exire
866 2105 1122 2160 potuissent.
1154 2120 1243 2145 cum
1276 2111 1437 2158 repente
1471 2109 1640 2155 terram,

209 2169 247 2202 et
264 2162 412 2213 maria,
430 2162 668 2226 coelumque
696 2161 918 2212 vidissent,·
948 2162 1115 2202 nubium
1140 2159 1481 2224 magnitudinem,
1502 2166 1642 2200 vento-

207 2233 379 2281 rumque
397 2218 479 2258 vim
500 2219 787 2274 cognovissent,
817 2219 1173 2273 adspexissentque
1200 2217 1337 2267 solem,
1368 2217 1531 2271 ejusque
1554 2223 1641 2256 tum

206 2254 565 2338 magnitudinem?
578 2250 987 2338 pulcrituclinemque,
1019 2282 1106 2315 tum
1142 2273 1264 2314 etiam
1292 2272 1545 2335 efficientiam
1579 2286 1642 2312 co-

204 2331 454 2386 gnovissent,
472 2331 580 2386 quocl
607 2346 640 2372 is
671 2332 777 2372 diem
795 2331 976 2386 efficeret,
1008 2338 1088 2372 toto
1110 2330 1207 2372 coelo
1229 2330 1315 2370 luce
1335 2327 1518 2383 diffusa.-
1550 2342 1640 2368 cum

206 2394 343 2427 autem
364 2395 493 2428 terras
513 2403 593 2428 nom
613 2395 831 2442 opacasset,
854 2395 940 2428 tum
961 2387 1109 2428 coelum
1142 2394 1270 2427 totum
1292 2389 1496 2425 cernerent
1516 2384 1639 2424 astris

204 2443 457 2507 distinctum,
492 2451 532 2484 et
570 2452 776 2508 ornatum,
806 2444 997 2499 lanceque
1036 2443 1236 2484 luminum
1274 2441 1511 2482 varietatem
1551 2447 1640 2480 tum

205 2500 428 2550 crescentis,
451 2507 537 2540 tum
557 2501 810 2552 senescentis,
830 2514 1043 2555 eommque
1064 2499 1240 2539 omnium
1261 2505 1386 2548 ortus,
1409 2503 1447 2536 et
1466 2509 1640 2547 occasus,

205 2562 329 2610 atque
349 2555 512 2596 inomni
532 2557 768 2597 aeternitate
795 2564 916 2606 ratos,
945 2554 1296 2608 immutabilesque
1324 2567 1490 2593 cursus:
1518 2561 1532 2589 7
1550 2552 1640 2593 lioec

205 2625 296 2651 cum
315 2611 494 2652 viderent
497 2613 702 2668 spiofecto
724 2620 764 2654 et
778 2627 860 2653 esse
880 2612 984 2662 deos,
1004 2619 1041 2651 et
1064 2611 1150 2651 liceo
1179 2617 1295 2650 tanta
1325 2619 1443 2663 opera
1474 2609 1638 2649 deorum

121 2657 191 2707 38
205 2682 285 2709 esse
324 2667 634 2709 matr-arentur.
693 2669 838 2724 Atque
876 2668 967 2708 haec
1007 2667 1179 2723 quidem
1217 2666 1301 2706 ille.
1360 2667 1455 2706 Nos
1493 2677 1639 2706 autem

248 2796 267 2823 6
290 2792 313 2821 si
343 2797 417 2821 mota
449 2792 504 2821 loco
534 2790 606 2832 sint]
640 2793 690 2822 Sc.
727 2799 763 2823 ut
794 2793 899 2822 vicina
943 2791 1158 2831 parenthesin,
1196 2792 1374 2821 orationem
1416 2790 1542 2828 longius
1578 2795 1641 2818 tra-

204 2836 305 2874 magis
322 2842 409 2865 terrae
424 2835 514 2866 fiant.
943 2842 1049 2864 ctam:
1078 2843 1279 2873 quamquam
1310 2834 1389 2863 Mss.
1419 2833 1552 2871 quidam
1582 2832 1639 2861 ha-

198 2883 201 2885 ’
252 2884 267 2912 7
292 2878 354 2907 haec
377 2889 442 2907 cum
465 2877 617 2918 viderent]
649 2879 710 2908 lnt.
742 2877 896 2916 inquam:
942 2877 1039 2908 bent;
1064 2887 1130 2917 quae
1156 2887 1218 2906 cum
1243 2876 1386 2907 viderent.
1414 2882 1449 2905 ut
1475 2875 1524 2905 ed.
1554 2873 1637 2904 Ven

206 2927 252 2951 est
277 2922 365 2952 enim
389 2923 542 2952 resumtio
567 2922 648 2952 initii
671 2927 742 2961 post
767 2920 897 2960 longam
945 2926 1037 2953 1494.
1053 2926 1084 2949 et
1099 2918 1181 2950 aliae.
