1778 3095
509 107 689 146 LIBER
728 106 1063 146 SECUNDUS.
1421 116 1498 158 589

69 232 154 273 quo
175 215 275 273 quid
297 216 379 258 dici
399 224 539 273 potest
559 216 808 257 absurdius?
841 216 891 254 L.
914 215 1084 270 quidem
1115 214 1312 255 Tarutius
1339 217 1498 259 Firma-

68 285 161 325 nus,
183 273 396 315 familiaris
418 281 570 323 noster,
590 272 632 312 in
657 272 801 327 primis
825 271 1065 312 Chaldaicis
1098 270 1329 312 rationibus
1359 275 1499 315 erudi-

69 338 152 381 tus,
174 331 287 371 urbis
307 331 432 371 etiam
455 338 608 369 nostrae
630 328 808 369 natalem
832 327 944 367 diem
972 328 1190 382 repetebat
1209 327 1261 367 ab
1283 327 1331 367 iis
1357 330 1499 371 Parili-

68 385 162 437 bus,
186 387 338 441 quibus
369 401 459 427 eam
489 400 514 426 a
545 385 727 426 Romulo
758 383 970 425 conditam
998 383 1263 438 accepimus3
1296 385 1499 426 Romam-

69 457 168 497 que,
189 443 232 483 in
255 443 367 498 jugo
397 456 492 483 cum
524 450 633 482 esset
664 442 775 491 luna,
797 450 935 480 natam
969 454 1059 480 esse
1089 440 1271 489 dicebat,
1300 455 1375 482 nec
1407 442 1497 497 ejus

66 499 154 540 fata
186 514 334 540 canere
363 498 595 539 dubitabat.
657 499 694 539 Ο
726 497 805 537 vim
836 496 1062 537 maximam
1090 497 1267 536 erroris!
1301 498 1495 539 Etiamne
1508 507 1558 546 99

67 556 183 596 urbis
203 556 350 596 natalis
372 555 459 595 dies
481 555 533 595 ad
555 555 634 595 vin]
658 554 869 596 stellarum
893 563 934 594 et
954 553 1066 593 lunae
1085 552 1346 607 pertinebat?
1367 555 1432 595 fac
1453 555 1493 596 in
1507 562 1536 590 P·
1554 561 1623 586 ¹29·

66 625 198 666 puero
221 612 384 661 referre,
405 625 455 652 ex
478 626 560 666 qua
580 611 798 652 affectione
819 609 915 650 coeli
947 609 1129 664 primum
1151 608 1343 663 spiritum
1364 610 1493 652 duxe—
1505 604 1534 626 a.

65 668 133 709 rit.
164 682 265 708 num
290 666 372 708 hoc
400 667 441 708 in
467 668 610 719 latere,
630 677 703 708 aut
722 667 765 707 in
785 675 1006 716 caemento,
1026 680 1077 706 ex
1099 665 1252 720 quibus
1277 666 1373 707 urbs
1395 668 1495 708 effe-

65 733 134 765 cta
153 732 231 773 est,
251 725 392 779 potuit
411 725 543 765 valere
562 726 574 765 ?
608 725 691 765 Sed
712 723 813 779 quid
832 723 980 778 plura?
1014 721 1202 777 quotidie
1232 721 1494 765 refelluntur.

64 781 207 822 Quam
227 781 361 821 multa
381 795 465 836 ego
488 782 703 836 Pompeio,
726 794 852 835 quam
874 779 1006 820 multa
1029 778 1197 828 Crasso,
1215 790 1341 834 quam
1362 780 1497 821 multa

64 836 163 877 huic
193 836 270 892 ipsi
303 837 461 878 Caesari
487 852 510 877 a
542 837 753 879 Chaldaeis
774 835 885 876 dicta
910 835 1096 885 memini,
1118 835 1325 876 neminem
1347 851 1494 878 eorum

65 899 105 926 96
120 893 199 933 nisi
218 895 258 934 in
280 902 509 943 senectute,
530 894 607 934 nisi
627 893 757 943 domi,
776 892 854 932 nisi
874 906 972 932 cum
992 892 1182 932 claritate
1203 906 1293 932 esse
1314 893 1494 934 moritu-

63 951 187 991 rum?
227 958 273 991 ut
303 950 406 991 mihi
438 951 666 1004 permirum
696 949 897 998 videatur,
928 962 1184 1003 quemquam
1214 958 1390 1000 exstare,
1421 951 1494 1006 qui

62 1006 190 1047 etiam
213 1021 323 1047 nunc
343 1006 487 1047 credat
510 1006 574 1057 iis,
596 1021 778 1063 quorum
799 1004 1001 1061 praedicta
1022 1005 1211 1061 quotidie
1230 1004 1368 1047 videat
1389 1021 1432 1048 re
1452 1016 1494 1048 et

62 1063 218 1104 eventis
238 1062 386 1103 refelli.

120 1120 294 1160 Restant
319 1119 404 1160 duo
431 1119 641 1162 divinandi
670 1134 852 1176 genera:
885 1134 978 1175 quae
1000 1119 1154 1160 habere
1176 1119 1355 1160 dicimur
1375 1134 1399 1160 a
1420 1133 1491 1160 na-
1505 1124 1575 1172 48

61 1183 169 1227 tura,
201 1190 284 1216 non
319 1177 372 1216 ab
407 1186 493 1218 arte
511 1193 522 1227 3
563 1176 825 1227 vaticinandi,
855 1184 897 1216 et
923 1175 1172 1217 somniandi.
1231 1176 1300 1215 De
1325 1176 1584 1231 quibus,100

61 1232 235 1288 Quinte,
271 1233 456 1288 inquam,
487 1235 521 1274 si
550 1235 701 1289 placet,
733 1233 998 1274 disseramus.
1058 1232 1171 1273 Mihi
1202 1246 1313 1281 vero,
1344 1233 1493 1287 inquit,

60 1289 212 1343 placet.
255 1289 317 1330 his
349 1290 475 1339 enim,
496 1306 591 1346 quae
621 1290 759 1331 adhuc
790 1289 1026 1345 disputasti,
1057 1303 1227 1344 prorsus
1257 1290 1491 1330 assentior:

62 1354 118 1396 et,
141 1360 232 1386 vere
255 1355 301 1386 ut
320 1346 483 1402 loquar,
508 1361 764 1403 quamquam
786 1355 860 1387 tua
889 1360 958 1386 me
979 1345 1114 1386 oratio
1133 1345 1408 1395 confirmavit,
1429 1355 1494 1387 ta—

61 1416 155 1442 men
187 1403 314 1444 etiam
346 1418 440 1444 mea
470 1413 618 1459 sponte
650 1403 771 1444 nimis
803 1402 1136 1458 superstitiosam
1161 1401 1213 1442 de
1239 1402 1494 1443 divinatione

60 1458 303 1500 Stoicorum
336 1461 581 1501 sententiam
612 1460 857 1516 judicabam
875 1475 886 1509 3
933 1474 980 1499 ac
1014 1473 1081 1499 me
1120 1458 1493 1513 Peripateticorum

59 1515 166 1556 ratio
197 1516 333 1571 magis
364 1517 572 1567 movebat,
594 1527 637 1558 et
657 1516 804 1558 veteris
825 1516 1078 1566 Dicaearchi,
1099 1525 1141 1556 et
1163 1515 1268 1570 erS,
1291 1515 1362 1571 qui
1382 1530 1493 1556 nunc

59 1571 194 1623 floret,
219 1572 425 1628 Cratippi,
448 1574 520 1628 qui
541 1582 712 1614 censent
730 1587 821 1614 esse
841 1573 883 1612 in
905 1571 1118 1613 mentibus
1140 1572 1360 1612 hominum
1383 1580 1493 1612 tam-

58 1641 186 1682 quam
216 1629 434 1670 oraculum
464 1630 652 1684 aliquod,
678 1644 729 1671 ex
759 1644 843 1685 quo
874 1629 1015 1669 futura
1043 1628 1325 1683 praesentiant,
1357 1628 1391 1668 si
1422 1636 1494 1668 aut

58 1684 200 1725 furore
230 1685 368 1726 divino
397 1685 591 1727 incitatus
623 1686 802 1736 animus,
833 1694 906 1726 aut
935 1699 1085 1726 somno
1116 1685 1337 1736 relaxatus,
1358 1684 1494 1725 solute

59 1750 291 1792 moveatur,
312 1757 360 1783 ac
381 1741 523 1783 libere.
583 1743 664 1784 His
695 1743 746 1783 de
776 1742 1001 1797 generibus
1022 1741 1124 1796 quid
1146 1742 1313 1792 sentias,
1335 1749 1377 1782 et
1398 1741 1490 1796 qui-

60 1797 139 1838 bus
160 1812 209 1838 ea
229 1798 460 1839 rationibus
480 1798 678 1850 infirmes,
699 1799 844 1839 audire
864 1813 962 1838 sane
982 1798 1120 1839 velim.

115 1855 225 1896 Quae
258 1870 355 1896 cum
387 1855 456 1895 ille
488 1854 672 1905 dixisset,
702 1864 792 1896 tum
820 1869 901 1909 ego
932 1869 1089 1903 rursus,
1118 1860 1154 1890 97
1174 1854 1293 1909 quasi
1323 1854 1376 1895 ab
1407 1853 1489 1894 alio
1506 1869 1573 1900 101

56 1910 279 1966 principio,
301 1926 395 1952 sum
416 1926 588 1953 exorsus
608 1912 759 1953 dicere.
799 1913 899 1952 Non
920 1911 1086 1965 ignoro,
1107 1911 1294 1966 inquam,
1316 1911 1489 1966 Quinte,

56 1976 100 2008 te
121 1982 287 2024 semper
306 1969 364 2009 ita
385 1969 572 2019 sensisse,
594 1978 641 2009 ut
669 1969 721 2009 de
753 1967 900 2009 ceteris
928 1966 1137 2007 divinandi
1164 1967 1390 2022 generibus
1411 1967 1490 2007 du-

56 2023 210 2065 bitares
228 2042 236 2066 :
268 2025 346 2065 ista
373 2024 473 2076 duo,
496 2025 661 2076 furoris,
682 2034 725 2066 et
753 2024 919 2073 somnii,
940 2038 1034 2079 quae
1056 2038 1081 2064 a
1100 2023 1231 2064 libera
1250 2032 1390 2064 mente
1409 2023 1489 2064 flu-

57 2094 127 2121 ere
149 2081 397 2132 viderentur,
418 2082 630 2137 probares.
675 2081 829 2122 Dicam
850 2080 996 2137 igitur,
1016 2079 1068 2120 de
1088 2080 1178 2120 istis
1201 2079 1300 2135 ipsis
1321 2079 1488 2120 duobus
1502 2082 1573 2135 49

56 2138 283 2192 generibus
311 2138 414 2179 mihi
445 2138 547 2194 quid
577 2138 778 2188 videatur,
801 2137 833 2177 si
855 2137 984 2192 priUS,
1007 2137 1247 2177 Stoicorum
1271 2135 1487 2177 conclusio
1500 2149 1531 2180 b.

54 2194 242 2245 rationis,
262 2203 304 2235 et
326 2194 518 2250 Cratippi
540 2195 686 2245 nostri,
705 2194 806 2250 quid
827 2193 971 2243 valeat,
988 2192 1143 2233 videro.
1183 2192 1340 2233 Dixisti
1362 2193 1489 2244 enim,

56 2259 102 2291 et
135 2250 438 2307 Chrysippum,
475 2260 518 2292 et
553 2251 809 2306 Diogenem,
845 2257 887 2290 et
923 2249 1198 2305 Antipatrum
1236 2248 1489 2290 concludere

56 2305 139 2348 hoc
168 2308 312 2349 modo.
387 2309 431 2348 Si
462 2318 560 2349 sunt
592 2307 663 2359 dii,
696 2321 831 2363 neque
860 2314 957 2346 ante
989 2305 1202 2347 declarant
1232 2305 1489 2358 hominibus,

58 2377 153 2418 quae
175 2364 314 2405 futura
334 2364 417 2405 sint
435 2382 444 2407 ε
477 2373 550 2405 aut
572 2379 655 2405 non
676 2363 860 2418 diligunt
885 2362 1077 2403 homines
1097 2379 1106 2403 :
1137 2371 1224 2413 aut,
1246 2361 1347 2417 quid
1367 2376 1488 2403 even-

58 2427 201 2461 turum
221 2421 287 2470 sit,
306 2421 532 2476 ignorant:
564 2429 637 2461 aut
665 2420 905 2461 existimant
935 2427 973 2452 98
989 2418 1092 2459 nihil
1121 2418 1321 2460 interesse
1350 2418 1489 2459 homi-

58 2491 175 2528 num,
196 2476 314 2528 scire,
335 2478 438 2532 quid
457 2478 511 2519 sit
531 2478 721 2519 futurum
742 2493 751 2518 ι
783 2485 856 2518 aut
881 2490 965 2517 non
990 2483 1161 2517 censent
1181 2489 1271 2516 esse
1291 2490 1377 2516 suae
1398 2490 1488 2515 ma-

100 2586 139 2614 96
163 2580 220 2610 nisi
245 2581 274 2608 in
299 2581 448 2621 senectute]
480 2582 593 2612 Addidi
618 2580 648 2610 in
670 2590 748 2611 cum
837 2587 875 2613 98
900 2579 976 2610 nihil
992 2580 1123 2609 interesse
1138 2579 1293 2616 hominum,
1309 2578 1393 2618 scire]
1413 2579 1486 2609 Non

56 2624 183 2655 Davisio
199 2633 217 2653 e
232 2624 311 2653 Mss-
792 2624 932 2654 dubitavi
945 2624 1096 2662 corrigere
1108 2622 1250 2652 hominum
1266 2633 1321 2662 pro
1337 2621 1486 2657 hominem,

101 2673 138 2702 97
164 2666 247 2708 quasi
270 2666 306 2694 ab
329 2663 386 2693 alio
402 2664 544 2705 principio
560 2678 620 2696 sum
636 2677 749 2695 exorsus
791 2667 877 2705 quod
892 2674 922 2696 et
938 2667 1067 2696 Davisio
1083 2666 1235 2705 placebat.
1252 2675 1328 2695 nam
1341 2665 1385 2693 sic
1398 2663 1495 2698 latini-

57 2708 161 2748 dicere]
179 2709 259 2739 Haec
275 2709 354 2738 mihi
370 2708 463 2737 nimis
479 2708 625 2748 languere
642 2710 749 2739 viden·
791 2710 914 2747 dicunt,
932 2717 962 2739 et
977 2710 1021 2739 sic
1041 2716 1088 2739 est
1111 2709 1143 2738 in
1168 2710 1227 2738 hac
1251 2707 1486 2736 ratiocinatione

58 2760 119 2783 tur.
143 2759 219 2792 puto
242 2762 302 2781 sum
326 2758 355 2781 et
377 2750 469 2780 dicere
484 2760 549 2781 esse
564 2752 748 2782 delendum.
792 2751 861 2781 L.1.
879 2761 906 2787 ς.
922 2758 973 2783 38.
997 2760 1028 2783 et
1050 2762 1127 2783 mox
1150 2761 1238 2791 mque
1261 2756 1355 2778 nostra
1378 2748 1422 2777 nil
1443 2748 1487 2775 in..

56 2795 99 2825 ita
114 2796 233 2834 optime
248 2794 346 2824 oratio
362 2794 510 2831 cohaeret‚
528 2795 610 2834 quasi
632 2794 668 2823 ab
691 2793 748 2822 alio
791 2800 885 2823 terest⁵

51 2838 195 2878 principio
211 2849 334 2875 exorsus,
347 2848 399 2866 non
416 2837 522 2877 ignoro,
539 2837 656 2877 inquam
674 2838 733 2866 ὅτε,
