1778 3095
614 110 796 149 LIBER
836 110 1081 148 PRIMUS.
1483 118 1561 162 249

133 219 187 270 vi,
217 227 260 262 et
290 219 425 284 figura
452 225 606 274 potest.
641 216 746 257 nihil
776 215 887 257 enim
920 216 1062 257 animo
1091 214 1226 257 videre
1237 224 1477 281 poterant:
1509 218 1561 260 ad

134 277 282 318 oculos
313 276 453 318 omnia
480 273 728 315 referebant.
787 273 940 328 Magni
970 281 1111 313 autem
1143 283 1206 314 est
1236 273 1407 327 ingenii,
1442 282 1480 306 66
1496 281 1623 316 se-38

134 347 280 375 vocare
309 340 493 374 mentem
522 345 548 370 a
576 329 780 378 sensibus,
810 337 853 370 et
886 329 1188 393 cogitationem
1217 344 1241 370 a
1261 332 1563 373 consuetudine

134 390 356 431 abducere.
376 389 516 443 itaque
535 387 661 427 credo
683 385 876 441 equidem
894 387 1020 426 etiam
1042 385 1145 426 alios
1168 395 1233 426 tot
1253 386 1444 426 saeculis:
1475 389 1562 438 sed,

136 452 173 482 67
191 446 304 501 quod
317 445 466 485 litteris
482 452 618 484 exstet
632 443 863 498 proditum,
882 449 920 473 68
933 442 1195 498 Pherecydes
1214 443 1359 497 Syrius
1380 443 1564 497 primum

135 502 257 552 dixit,
292 501 454 541 animos
491 499 712 540 hominum
749 513 839 539 esse
872 499 1174 553 sempiternos:
1218 500 1415 554 antiquus
1453 514 1563 540 sane.

135 559 216 599 fuit
234 557 343 598 enim
364 571 461 597 meo
482 565 683 620 regnante
701 556 863 611 gentili.
924 556 1047 596 Hanc
1069 555 1311 610 opinionem
1335 555 1565 610 discipulus

134 615 224 670 ejus
263 612 524 676 Pythagoras
561 612 743 653 maxime
789 612 1073 653 confirmavit·
1122 612 1193 667 qui
1231 626 1329 652 cum
1376 613 1566 667 Superbo

135 680 335 725 regnante
355 685 398 709 m
420 670 584 710 Italiam
604 670 795 720 venisset,
825 669 961 710 tenuit
988 683 1186 723 magnam
1217 668 1331 708 illam
1356 670 1565 710 Giaeciam

132 733 281 766 69cum
302 726 460 766 honore
485 726 729 790 disciplinae,
761 736 853 767 tum
883 726 1009 766 etiam
1041 725 1317 766 auctoritate.
1350 726 1567 781 multaque

133 783 287 823 saecula
306 790 451 837 postea
472 783 529 823 sic
545 783 680 838 viguit
700 783 1063 838 Pythagoreorum
1093 796 1261 833 nomen,
1295 790 1342 822 ut
1366 783 1469 823 nulli
1498 783 1568 823 alii

130 839 247 879 docti
266 839 515 881 viderentur.

189 895 273 936 Sed
304 895 429 936 redeo
459 895 512 936 ad
544 895 752 949 antiquos.
790 895 994 936 rationem
1028 895 1088 935 illi
1115 895 1332 936 sententiae
1363 911 1449 937 suae
1482 911 1565 937 non
1586 895 1650 949 17

133 953 220 994 fere
251 952 496 1002 reddebant,
529 952 607 992 nisi
638 951 738 1015 quid
776 962 865 993 erat
896 952 1078 992 numeris
1110 961 1182 992 aut
1214 951 1565 1007 descriptionibus

131 1008 440 1064 explicandum.
474 1008 689 1049 Platonem
710 1008 863 1058 ferunt,
892 1021 940 1049 ut
964 1009 1253 1064 Pythagoreos
1275 1019 1566 1063 cognosceret,
1578 1024 1629 1064 39

131 1066 174 1107 in
197 1065 361 1106 Italiam
383 1065 555 1115 venisse,
577 1074 619 1106 et
633 1065 827 1105 didicisse
846 1065 1109 1121 Pythagorea
1123 1065 1277 1129 omnia,
1298 1066 1567 1122 primumque

133 1123 186 1163 de
215 1122 451 1163 animorum
483 1122 716 1162 aeternitate-
750 1136 832 1162 non
864 1121 1000 1162 solum
1038 1122 1214 1162 sensisse
1233 1122 1362 1172 idem,
1396 1131 1435 1158 s0
1451 1124 1566 1178 quod

134 1179 437 1235 Pythagoram,
459 1179 531 1219 sed
560 1178 763 1221 rationem
793 1179 918 1218 etiam
949 1178 1153 1219 attulisse.
1184 1193 1326 1234 quam,
1357 1178 1434 1219 nisi
1466 1180 1568 1235 quid

134 1235 254 1285 diciS,
290 1236 674 1290 praetermittamus,
709 1244 751 1275 et
789 1235 895 1275 hanc
924 1244 1056 1275 totam
1092 1250 1206 1290 spem
1241 1236 1568 1278 immortalitatis

132 1291 433 1346 relinquamus
491 1292 547 1332 A.
570 1298 605 1328 71
625 1292 694 1331 An
731 1301 791 1340 tu,
823 1305 919 1331 cum
949 1306 1017 1332 me
1043 1292 1083 1331 in
1117 1306 1324 1332 summam
1355 1302 1572 1347 exspecta*

133 1349 293 1389 tionem
332 1348 565 1398 adduxeris,
612 1347 797 1388 deseris?
849 1362 984 1388 errare
1029 1347 1270 1389 mehercule
1318 1349 1448 1388 malo.
1470 1364 1567 1390 cum

137 1404 327 1455 Platone,
348 1419 475 1459 quem
497 1413 544 1445 tu
563 1405 708 1468 quanti
729 1404 870 1454 iacias,
891 1405 992 1454 scio,
1018 1414 1060 1444 et
1085 1418 1210 1460 quem
1232 1419 1281 1445 ex
1304 1414 1379 1445 tuo
1399 1419 1470 1446 ore
1491 1406 1566 1446 ad-

134 1461 279 1511 miror,
301 1475 428 1516 quam
450 1475 547 1502 cum
576 1462 665 1501 istis
692 1475 787 1500 vera
815 1461 981 1500 sentire.
1040 1462 1106 1501 M.
1131 1462 1276 1501 Macte
1297 1461 1461 1502 virtute.
1485 1477 1565 1518 ego
1577 1468 1630 1502 40

134 1517 247 1557 enirn
267 1517 356 1572 ipse
377 1531 474 1558 cum
495 1517 645 1557 eodem
676 1516 768 1580 ipso
801 1531 883 1556 non
914 1517 1066 1557 invitus
1097 1518 1330 1557 erraverim.
1392 1498 1611 1560 72Numb·

131 1573 263 1628 igitur
293 1573 550 1624 dubitamus,
586 1573 691 1627 [an],
725 1573 832 1613 sicut
864 1572 1076 1628 pleraque,
1110 1573 1168 1613 sic
1199 1583 1241 1613 et
1272 1573 1385 1614 hoc?
1419 1591 1568 1630 quam-

133 1644 260 1685 quam
295 1629 376 1670 hoc
411 1629 582 1686 quidem
616 1629 804 1670 minime.
838 1629 1093 1693 persuadent
1123 1630 1235 1669 enim
1267 1631 1569 1683 mathematici,

133 1694 287 1726 terram
315 1686 358 1735 in
386 1686 527 1727 medio
557 1685 716 1727 mundo
738 1686 874 1726 sitam
906 1685 957 1726 ad
990 1687 1168 1727 universi
1187 1686 1279 1726 caeli
1299 1665 1569 1742 complexuni

133 1743 253 1798 quasi
285 1744 450 1798 puncti
464 1743 592 1784 instar
625 1743 829 1793 obtinere,
863 1742 978 1798 quod
1012 1743 1152 1798 κέντρον
1184 1742 1244 1783 illi
1270 1754 1444 1785 meant:
1475 1759 1568 1785 eam

132 1813 260 1854 porro
290 1808 481 1840 naturam
512 1813 602 1840 esse
634 1808 833 1854 quattuor
865 1799 1008 1839 omnia
1037 1800 1307 1855 gignentium
1328 1815 1568 1856 corporum,

134 1864 183 1896 ut
203 1856 321 1911 quasi
341 1856 497 1910 partita
515 1855 697 1896 habeant
716 1856 824 1896 inter
845 1870 946 1905 se,e
925 1866 967 1896 et
983 1856 1112 1897 divisa
1131 1866 1375 1898 momenta:
1407 1867 1571 1898 terrena

137 1920 181 1952 et
202 1912 378 1953 humida
397 1921 546 1968 suopte
567 1920 687 1962 nutu,
709 1921 751 1953 et
771 1927 847 1953 suo
880 1912 1066 1968 pondere
1096 1913 1149 1954 ad
1178 1928 1297 1969 pares
1328 1914 1537 1970 angulos
1527 1930 1568 1955 m

179 2077 218 2101 66
243 2082 378 2101 revocare
400 2078 520 2101 mentem
540 2083 559 2100 a
579 2069 720 2110 sensibus]
746 2070 830 2100 Alibi

134 2114 246 2144 Cicero
276 2116 308 2144 in
339 2115 401 2144 hoc
437 2116 513 2144 dicit
547 2125 691 2143 sevocare.
727 2114 831 2153 itaque

134 2164 263 2187 secutus
294 2168 368 2188 sum
398 2158 580 2194 Davisium,
612 2157 666 2195 qui
699 2167 831 2186 sevocare

136 2201 188 2230 hic
205 2200 309 2231 edidit.

180 2248 217 2278 67
244 2243 320 2284 quod
356 2242 461 2272 litteris
498 2241 601 2280 exstet]
638 2242 831 2271 Addendum

136 2293 191 2316 aut
218 2286 318 2316 intell.
339 2285 479 2314 traditum
501 2286 551 2316 vel
569 2285 730 2325 proditum,
756 2294 832 2314 narn

135 2330 204 2359 sine
229 2331 290 2358 hoe
318 2330 455 2358 formam
487 2329 575 2359 illam
606 2328 755 2367 nuspiam
786 2338 831 2358 re—

135 2373 212 2411 peri.
258 2372 395 2410 Vestigia
423 2379 500 2402 sunt
534 2373 567 2402 in
596 2372 666 2401 edd.
696 2377 769 2400 vett.
801 2378 831 2400 et

138 2415 201 2445 Ms.
219 2415 325 2445 Guelf.
341 2415 395 2453 qui
417 2422 485 2455 post
497 2421 587 2444 exstet
602 2415 721 2444 addunt
731 2413 830 2452 probo.

136 2459 243 2496 itaque
257 2459 302 2488 sic
317 2458 409 2487 edidi.

178 2506 217 2530 68
256 2501 428 2540 Pherecydes
460 2499 571 2540 Syrius]
602 2499 708 2538 Vulgo
747 2498 831 2528 male

137 2543 238 2583 Syrus.
266 2554 331 2574 non
355 2544 442 2573 enim
471 2543 531 2572 fuit
554 2552 570 2572 e
590 2543 689 2582 Syria,
713 2543 767 2571 sed
791 2551 831 2570 ex

137 2586 241 2616 insula
257 2587 346 2627 Syro,
363 2587 448 2616 unde
471 2586 507 2615 fit
526 2586 640 2626 Syrius.
660 2586 704 2615 sic
721 2591 751 2614 et
768 2585 832 2614 Ms.

140 2629 246 2659 Guelf.

181 2677 221 2704 69
244 2682 306 2700 cum
318 2671 418 2700 honore
439 2677 466 2700 et
488 2668 653 2710 disciplina]
680 2670 832 2700 Warbur-

141 2720 233 2744 tonus
249 2714 422 2753 corrigebat
441 2726 477 2742 ex
499 2713 665 2752 disciplina,
682 2714 833 2753 probante

141 2756 276 2786 Pearcio.
320 2757 467 2786 Davisius
485 2764 592 2786 autern
618 2756 692 2795 legit
709 2767 784 2785 more
807 2762 834 2785 et

139 2798 304 2837 disciplina,
329 2809 386 2838 ego
407 2800 488 2829 edidi
513 2809 553 2829 ex
577 2799 646 2829 edd.
664 2806 738 2828 vett.
762 2800 833 2837 qui-

139 2842 273 2871 busdam
289 2841 388 2871 honore
402 2841 576 2881 disciplinae,
589 2843 674 2881 quod
689 2843 757 2880 ejus
773 2842 834 2872 dis-

874 2071 991 2111 ciplina
1007 2072 1126 2111 optima
1142 2073 1311 2111 putabatur
1327 2080 1356 2101 et
1372 2072 1568 2103 laudabatur.

919 2120 958 2149 70
981 2116 1057 2155 quod
1068 2115 1274 2156 Pythagoram]
1297 2116 1348 2145 Sic
1370 2126 1424 2154 pro
1440 2116 1568 2155 vulgato

876 2157 1055 2197 Pythagoras
1082 2159 1214 2187 scribere
1246 2159 1321 2187 ratio
1352 2159 1569 2189 Grammatica

870 2199 962 2237 jubet
985 2207 1014 2229 et
1041 2202 1085 2230 sie
1108 2211 1232 2240 semper
1256 2203 1359 2239 putavi
1386 2202 1569 2240 legendum.

875 2242 1013 2280 Sedjam
1029 2245 1073 2273 sic
1090 2245 1184 2273 edidit
1208 2244 1355 2274 Davisius
1380 2252 1411 2273 et
1433 2245 1478 2274 sic
1505 2246 1568 2276 ΜΞ.

875 2285 981 2315 Guelf.
1007 2293 1075 2325 post
1103 2287 1224 2316 rationes
1252 2287 1330 2316 Mss.
1357 2287 1487 2325 quidam
1513 2289 1568 2318 ha-

874 2328 950 2358 bent
964 2339 1029 2358 non
1047 2329 1140 2359 male.

918 2378 954 2406 71
981 2373 1029 2401 An
1044 2380 1166 2409 1u,cum
1183 2370 1360 2399 me—dcser
1334 2382 1373 2400 rls
1373 2352 1413 2409 ἓ]
1438 2372 1567 2409 Malim,

874 2414 922 2443 An
952 2421 983 2443 tu
1013 2426 1067 2450 me,
1098 2426 1161 2443 cum
1193 2413 1399 2443 in—deseres?
1421 2416 1568 2447 Davisius

873 2458 1008 2487 correxit
1023 2458 1092 2486 Ain
1110 2464 1151 2486 m.
1176 2466 1235 2486 nec
1259 2457 1321 2486 hoc
1345 2457 1439 2488 male.
1462 2459 1570 2489 deseres

873 2508 918 2530 est
934 2507 964 2529 et
980 2502 1011 2530 in
1030 2501 1093 2531 Ms.
1111 2499 1218 2529 Guelf-

918 2550 955 2578 72
983 2545 1061 2572 Num
1092 2543 1186 2581 igitur
1214 2542 1390 2578 dubitamus,
1417 2555 1466 2579 an,
1496 2545 1570 2574 sicut

868 2585 1011 2627 pleraque
1041 2588 1115 2624 &ej
1148 2597 1186 2614 an
1221 2586 1392 2615 molestum
1424 2594 1479 2616 est.
1512 2597 1571 2617 nec

874 2630 963 2658 enim
992 2636 1048 2664 est,
1085 2639 1148 2668 quo
1182 2629 1339 2659 referatur.
1386 2630 1494 2668 ltaque
1524 2630 1569 2660 nil

875 2671 990 2701 melius
1006 2672 1083 2708 scio,
1097 2682 1196 2710 quarn
1210 2681 1285 2701 cum
1300 2672 1441 2702 Bentleio
1456 2673 1569 2703 delere.

876 2714 927 2743 Sic
943 2722 970 2742 et
985 2714 1044 2749 hoc,
1068 2716 1152 2753 quod
1176 2715 1213 2743 de
1237 2715 1420 2745 animorum
1447 2717 1571 2746 aeterni-

877 2764 938 2786 tate
954 2759 1063 2787 statuit
1078 2767 1154 2787 curn
1172 2758 1347 2797 Pythagora
1365 2758 1461 2787 Plato.
1492 2759 1569 2788 Edd.

876 2800 1024 2838 quaedam
1035 2800 1129 2830 etiam
1142 2810 1197 2840 pro
1213 2812 1279 2829 num
1295 2802 1413 2831 habent
1426 2811 1487 2831 non.
1505 2811 1569 2830 non

878 2842 973 2872 male.
