1768 3095
220 80 291 119 1¹48
525 76 596 112 DE
623 76 779 114 FINIB.
800 75 1001 113 BONOR.
1025 75 1092 112 ET
1119 75 1330 114 MALOR.

214 182 334 238 pueri
352 183 521 224 Luculli
541 184 793 240 quibusdam
815 184 930 225 libris
952 183 1030 235 uti,
1051 183 1141 225 veni
1162 184 1203 225 in
1222 183 1313 241 ejus
1333 183 1488 240 villam,
1510 191 1557 225 ut
1576 197 1652 225 eos

214 240 304 294 ipse
343 241 407 293 (ut
440 240 645 292 solebam)
682 240 777 282 inde
811 255 1062 296 promerem.
1092 256 1178 296 quo
1209 255 1307 282 cum
1335 239 1555 295 venissem,
1580 241 1649 297 M.

219 296 442 348 Catonem,
462 311 586 353 quem
610 298 667 338 ibi
688 312 777 338 esse
798 298 1042 348 nescieram,
1058 297 1141 339 vidi
1163 297 1204 338 in
1224 296 1483 338 bibliotheca
1502 292 1652 338 seden-

218 361 319 405 tem,
356 354 499 395 multis
534 354 838 396 circumfusum
875 354 1117 396 Stoicorum
1152 353 1283 395 libris.
1314 363 1404 395 erat
1438 352 1567 404 enim,
1604 363 1653 409 ut

218 410 314 460 scis,
336 409 377 450 in
409 425 460 450 eo
491 411 737 452 inexhausta
770 410 943 452 aviditas
972 410 1156 466 legendi,
1183 425 1258 451 nee
1292 410 1432 451 satiari
1459 418 1652 466 poteram

179 467 290 522 b.qui
324 481 375 522 pe
409 467 481 522 qui
510 482 561 508 ne
592 467 960 523 reprehensionem
992 466 1162 522 quidem
1191 466 1307 523 vulgi
1334 467 1500 508 inanem
1520 465 1655 520 reforf

217 481 397 574 midam,
419 524 460 564 in
481 525 571 579 ipsa
590 524 705 564 curia
725 523 877 564 soleret
895 523 1036 578 legere
1058 537 1182 579 saepe,
1203 523 1303 565 dum
1335 532 1502 564 senatus
1522 535 1653 578 coge<

220 587 347 629 retur,
368 580 472 622 nihil
501 595 639 636 operae
673 579 914 636 reipublicae
947 578 1185 630 detrahens,
1206 594 1291 634 quo
1322 580 1461 635 magis
1491 590 1584 620 tum
1611 577 1654 635 in

221 650 388 677 summo
420 637 524 688 otio,
556 636 821 693 maximaque
850 635 975 690 eopia
1008 636 1128 691 quasi
1156 635 1318 677 heluari
1346 636 1478 687 libris,
1505 635 1541 676 si
1572 634 1665 676 hoc*

186 701 208 733 8
221 692 346 734 verbo
371 702 406 725 ³2
421 694 462 734 in
483 701 569 734 tam
601 693 713 734 clara
732 707 776 734 re
792 692 998 733 utendum
1018 702 1097 741 est,
1116 691 1346 733 videbatur.
1404 691 1534 748 Quod
1553 705 1652 732 eum

219 749 454 799 accidisset,
485 748 534 791 ut
565 749 669 790 alter
697 748 876 790 alterurn
909 748 1183 804 nec-opinato
1211 747 1460 799 videremus,
1479 747 1656 797 surrexit

218 806 376 848 statim.
408 805 559 846 deinde
578 805 716 862 prima
733 805 819 856 illa,
840 820 934 862 quae
965 805 1007 846 in
1037 819 1267 860 congressu
1296 801 1509 846 solemusi
1537 802 1658 861 Quid

220 871 282 913 tu,
302 862 452 918 inquit,
471 862 584 904 huc?
616 877 640 902 a
659 861 757 904 villa
785 862 912 913 enim,
935 862 1091 918 credm
1123 871 1181 911 et,
1214 861 1248 902 si
1277 861 1337 902 ibi
1366 870 1408 902 te
1437 874 1526 918 esse
1556 857 1658 912 εοὶε-7

218 934 322 970 sem,
358 918 410 960 ad
443 928 484 960 te
517 919 606 974 ipse
637 919 854 960 venissem.
915 920 1031 970 Heri,
1051 919 1238 975 inquam,
1263 918 1375 960 ludis
1405 915 1658 974 commissis,

220 990 270 1016 ex
298 975 404 1016 urbe
424 976 636 1032 profectus
670 975 762 1016 veni
791 976 846 1017 ad
875 976 1109 1031 vesperum.
1130 989 1258 1016 causa
1289 983 1431 1016 autem
1464 974 1544 1015 fuit
1572 972 1657 1023 hue

219 1031 424 1083 veniendi,
461 1042 510 1073 ut
545 1032 751 1089 quosdam
789 1031 887 1074 hinc
926 1033 1056 1074 libros
1091 1046 1358 1088 promerem:
1392 1039 1436 1073 et
1469 1029 1658 1087 quidem,

221 1089 348 1140 Cato,
381 1097 513 1130 totam
547 1089 655 1130 hane
687 1089 854 1145 copiam
879 1088 968 1144 jam
1005 1088 1186 1130 Lucullo
1215 1097 1360 1129 nostro
1392 1096 1538 1128 notam
1566 1101 1659 1128 esse

220 1146 447 1200 oportebit.
483 1160 577 1186 nam
613 1146 677 1187 his
712 1145 830 1187 libris
862 1160 960 1186 eum
992 1145 1120 1196 malo,
1151 1160 1279 1201 quam
1313 1143 1476 1201 reliquo
1506 1151 1658 1185 ornatu

219 1202 328 1244 villae
350 1202 563 1243 delectari.
594 1211 656 1243 est
676 1203 787 1244 enim
807 1202 912 1243 mihi
931 1216 1099 1257 magnae
1120 1216 1253 1242 ourae:
1285 1214 1544 1257 quamquam
1574 1199 1659 1257 hoe

221 1258 391 1316 quidem
412 1259 628 1315 proprium
662 1268 783 1300 tuum
817 1273 971 1300 munus
1003 1267 1081 1309 est,
1111 1268 1160 1299 ut
1190 1258 1251 1299 ita
1280 1257 1511 1308 erudiatur,
1539 1266 1588 1297 ut
1616 1265 1662 1300 et

220 1315 344 1370 patri,
365 1324 408 1356 et
428 1315 623 1370 Caepioni
654 1324 813 1366 nostro,
834 1323 876 1356 et
906 1314 983 1356 tibi
1016 1322 1103 1356 tam
1132 1314 1371 1370 propinquo
1391 1313 1659 1369 respondeat.

219 1371 390 1413 Laboro
411 1380 553 1413 autem
574 1387 658 1412 non
678 1372 766 1412 sine
788 1386 927 1413 causa.
957 1386 1055 1412 nam
1075 1379 1119 1412 et
1137 1371 1200 1412 avi
1220 1370 1312 1427 ejus
1330 1370 1536 1412 memoria
1564 1383 1659 1410 mo-

220 1442 318 1469 veor
342 1431 437 1482 (nec
469 1429 581 1469 enim
612 1429 797 1484 ignoras,
817 1428 964 1484 quanti
991 1428 1162 1469 fecerim
1195 1427 1473 1483 Caepionem:
1504 1426 1592 1483 qui,
1612 1434 1661 1466 ut

221 1484 367 1540 opinio
396 1500 492 1526 mea
522 1485 616 1536 fert,
636 1485 679 1526 in
710 1485 970 1541 principibus
996 1484 1087 1541 jam
1116 1493 1240 1535 esset,
1259 1484 1294 1525 si
1316 1483 1484 1537 viveret)
1508 1482 1552 1524 et
1570 1483 1659 1523 Lu-

223 1541 361 1583 cullus
380 1542 486 1583 mihi
504 1552 691 1583 versatur
709 1552 806 1583 ante
825 1542 987 1592 oculos,
1008 1542 1067 1582 vir
1090 1555 1189 1582 cum
1220 1540 1418 1582 omnibus
1437 1539 1660 1591 excellens,

225 1608 317 1639 tum
337 1612 504 1640 mecum
527 1607 571 1639 et
589 1598 787 1650 amicitia,
808 1608 852 1640 et
870 1598 985 1639 omni
1002 1597 1230 1648 voluntate,
1245 1596 1535 1653 sententiaque
1556 1610 1667 1651 con-⁴

189 1654 409 1712 9junctus.
470 1654 686 1706 Praeclare,
717 1655 868 1711 inquit,
892 1655 1008 1706 facis,
1029 1668 1127 1695 cum
1159 1663 1203 1696 et
1231 1667 1379 1695 eorum
1409 1653 1664 1709 memoriam·

225 1720 356 1763 tenes,
378 1726 559 1766 quorum
578 1721 756 1767 uterque
774 1711 853 1753 tibi
873 1719 1128 1753 testamento
1147 1711 1300 1752 liberos
1320 1723 1419 1751 suos
1439 1713 1665 1765 commen*-¹

223 1767 350 1819 davit,
369 1777 413 1809 et
443 1782 620 1823 puerum
651 1768 807 1824 diligis.
866 1768 997 1811 Quod
1028 1776 1170 1809 autem
1198 1781 1341 1808 meum
1365 1780 1520 1821 munus
1540 1765 1670 1817 dicis,

224 1839 309 1865 non
339 1824 536 1880 equidem
571 1839 749 1866 recuso:
785 1825 858 1866 sed
891 1834 934 1866 te
965 1824 1154 1881 adjungo
1184 1823 1360 1865 socium.
1391 1822 1503 1864 addo
1532 1823 1659 1875 etiam

223 1880 343 1930 illud,
363 1881 499 1922 multa
522 1881 613 1936 jam
645 1881 751 1923 mihi
780 1881 879 1923 dare
907 1882 1029 1937 signa
1056 1895 1234 1937 puerum
1255 1891 1298 1922 et
1325 1879 1513 1935 pudoris,
1533 1888 1576 1921 et
1588 1875 1663 1935 inf

223 1938 353 1992 genii.
385 1937 459 1979 sed
491 1947 659 1979 aetatem
688 1938 818 1980 vides.
875 1938 1015 1980 Video
1035 1937 1248 1994 equidem,
1270 1937 1471 1993 inquam:
1494 1935 1576 1989 'sed
1596 1943 1668 1990 ζει--Υ

226 2008 325 2035 men
339 1993 430 2050 jam
449 1994 562 2035 infici
583 1994 712 2037 debet
729 1995 779 2036 iis
798 1995 971 2046 artibus,
991 2009 1095 2051 quas
1117 1994 1165 2045 si,
1185 1993 1288 2035 dum
1306 2003 1371 2035 est
1391 2002 1524 2044 tener,
1543 2007 1670 2046 com-q

170 2050 397 2102 lobiberit,
426 2050 480 2092 ad
510 2052 672 2108 majora
700 2051 840 2094 veniet
869 2052 1067 2108 paratior.
1128 2059 1164 2083 13
1179 2051 1263 2102 Sic,
1293 2058 1336 2091 et
1366 2048 1538 2105 quidem
1566 2048 1662 2090 dili-

120 2124 151 2154 p.
166 2120 217 2146 92.
228 2107 414 2163 gentius,
454 2108 606 2164 saepius
637 2123 691 2150 ue
727 2109 807 2150 ista
846 2108 1068 2165 loquemur
1114 2107 1221 2149 inter
1269 2121 1360 2157 nOS,
1398 2120 1661 2163 agemusque

189 2165 218 2187 ⁸·
229 2164 526 2206 communiter.
557 2179 600 2207 se
661 2165 932 2216 resideamus,
964 2165 1114 2221 inquit,
1141 2163 1174 2204 si
1205 2163 1356 2220 placet.
1387 2162 1529 2218 itaque
1560 2163 1662 2214 feci-

215 2235 340 2263 *mus

181 2290 215 2337 3
285 2278 397 2318 Tum
429 2277 526 2318 ille:
558 2278 625 2318 Tu
657 2286 813 2329 autern,
834 2291 932 2318 cum
963 2277 1052 2333 ipse
1081 2287 1246 2318 tantum
1265 2276 1471 2318 librorum
1491 2276 1661 2326 habeas,

227 2349 333 2390 quos
355 2334 423 2375 hic
445 2333 613 2375 tandem
634 2335 838 2389 requiris?
868 2334 1209 2375 Commentarios
1230 2333 1453 2389 quosdam,
1471 2332 1660 2388 inquam,

225 2390 513 2441 Aristotelios,
545 2405 651 2446 quos
683 2391 751 2431 hie
783 2391 965 2431 sciebam
997 2404 1102 2440 esse,
1121 2390 1212 2431 veni
1237 2397 1286 2430 ut
1309 2389 1532 2440 auferrem,
1553 2397 1660 2445 quos

226 2446 428 2502 legerem,
451 2447 551 2487 dum
585 2461 720 2495 essem
752 2447 942 2488 otiosus:
974 2444 1087 2502 quod
1117 2445 1286 2501 quidem
1320 2445 1442 2486 nobis
1466 2447 1532 2500 (ut
1560 2445 1656 2500 scis)

226 2518 312 2544 non
333 2517 444 2557 saepe
466 2503 689 2558 contingit.
750 2504 894 2545 Quam
916 2503 1079 2553 vellem,
1100 2502 1250 2558 inquit,
1271 2511 1313 2543 te
1333 2502 1388 2543 ad
1409 2502 1576 2544 Stoicos
1598 2502 1661 2545 in·
1679 2540 1681 2542 .

225 2559 462 2600 clinavisses
481 2559 488 2599 !
521 2568 609 2600 erat
628 2559 755 2609 enim,
777 2559 811 2600 si
829 2559 1095 2615 cujusquam,
1116 2568 1230 2600 certe
1259 2568 1398 2610 tuum,
1419 2559 1525 2600 nihil
1551 2562 1670 2616 prae-'

270 2683 307 2706 12
326 2675 356 2705 in
371 2682 431 2705 tam
449 2675 530 2704 clara
555 2675 598 2713 re]
626 2676 800 2706 Lambinus
824 2675 923 2705 male·
968 2676 1141 2705 Lambinus
1163 2675 1297 2705 correxit
1321 2674 1374 2704 Sic
1398 2682 1450 2704 est.
1480 2680 1509 2704 et
1538 2673 1670 2716 quidem:

225 2718 278 2749 bat
294 2719 324 2748 in
340 2726 399 2748 tam
410 2718 560 2758 praeclara
576 2730 616 2748 re.
968 2718 1115 2749 Davisius
1140 2718 1262 2755 scilicet,
1289 2718 1375 2757 quod
1396 2726 1429 2748 et
1451 2718 1558 2758 ipsum
1580 2716 1662 2748 affit-

272 2768 306 2792 13
323 2762 387 2797 Sic,
406 2769 433 2791 ct
456 2761 569 2803 quidem
591 2759 693 2800 dilig]
724 2759 799 2791 Non
824 2760 926 2800 placet
968 2770 1044 2791 mat.

226 2805 295 2835 haec
311 2805 426 2836 lectio:
451 2814 510 2835 nec
532 2805 602 2835 edd.
618 2814 684 2844 prs
708 2804 760 2833 Sic
783 2804 923 2845 equidem.
