1768 3095
249 85 301 132 36
584 85 862 126 ACADEM.
902 86 1346 127 oUAEsTmNUM

247 191 380 233 ullum
412 192 563 236 habere
586 195 814 251 judicium,
842 205 930 248 aut,
962 197 1092 239 ullam
1121 196 1297 239 omnino
1317 196 1501 238 veritatis
1522 205 1682 239 notam.

248 263 360 300 nam,
396 264 493 292 cum
523 252 684 302 dicunt,
704 253 786 294 hoc
815 267 859 294 se
889 268 1021 295 unum
1053 254 1216 304 tollere,
1236 263 1283 295 ut
1302 253 1532 310 quidquam
1553 253 1686 309 possit

246 305 306 347 ita
324 306 466 357 videri,
486 318 533 350 ut
554 316 593 345 ⁷4
615 324 698 350 non
731 309 881 351 eodem
909 310 1040 351 modo
1069 310 1220 351 falsum
1241 310 1369 352 etiam
1389 310 1524 366 possit
1541 309 1684 361 videri,

246 371 384 404 cetera
402 374 542 405 autem
565 364 820 408 concedere:
851 366 1012 408 faciunt
1039 366 1266 422 pueriliter.
1289 381 1375 423 quo
1400 367 1512 408 enim
1540 365 1684 409 omnia

237 419 500 474 judicantur,
519 422 701 472 sublato,
719 423 880 479 reliqua
895 437 938 464 se
954 433 1111 478 negant
1131 423 1292 464 tollere.
1311 432 1372 474 ut,
1391 425 1425 465 si
1445 424 1538 480 quis
1553 436 1680 480 quem

243 476 378 517 oculis
405 477 637 532 privaverit,
657 478 784 530 dicat,
805 493 867 530 ea,
889 495 983 535 quae
1012 478 1125 521 cerni
1147 490 1331 535 possent,
1351 495 1435 522 non
1460 495 1504 522 se
1522 480 1561 521 ei
1580 479 1680 522 ade-

242 533 382 575 misse.
420 543 468 575 ut
502 535 612 575 enim
646 535 717 575 illa
747 536 881 577 oeulis
911 535 1040 577 modo
1072 548 1402 591 cognoscuntur,
1431 538 1489 578 sie
1520 536 1680 593 reliqua

242 590 336 631 visis
357 607 366 631 :
398 591 472 631 sed
509 592 677 646 propria
715 592 813 642 veri,
853 607 934 633 non
967 592 1183 633 communi
1222 593 1320 642 veri,
1357 603 1400 634 et
1435 593 1528 635 falsi
1563 602 1677 635 nota.

113 658 143 688 P·
160 656 208 681 10·
242 646 546 703 Quamobrem,
563 648 646 688 sive
667 657 712 688 tu
728 649 990 703 probabilem
1011 648 1226 699 visionem,
1243 656 1258 684 7
1266 657 1281 681 ⁵
1299 649 1383 690 sive
1398 649 1677 705 probabilem,

201 700 230 722 ²·
241 712 284 744 et
303 718 397 759 quae
419 719 501 745 non
520 704 786 760 impediatur,
806 715 855 746 ut
877 704 1114 746 Carneades
1134 705 1314 756 volebat,
1333 705 1416 746 sive
1442 705 1557 747 aliud
1575 706 1677 763 quid

239 762 440 815 proferes,
460 761 575 816 quod
605 776 803 817 sequare:
834 761 887 802 ad
919 762 1052 802 visum
1072 760 1191 812 illud,
1213 760 1265 803 de
1285 776 1370 818 quo
1389 762 1576 817 agimus,
1598 762 1676 804 tibi

172 817 222 849 34
237 817 317 858 erit
348 817 651 859 revertendum.
712 818 761 858 ln
793 831 844 859 eo
878 828 1036 869 autem,
1075 819 1108 859 si
1146 818 1226 860 erit
1260 819 1544 860 communitas
1576 833 1675 860 cum

235 873 356 924 falso,
377 873 540 915 nullum
561 875 638 915 erit
651 874 879 930 judicium,
897 875 996 931 quia
1015 875 1232 931 proprium
1253 875 1294 916 in
1315 876 1533 917 communi
1547 875 1673 932 signo

234 930 370 971 notari
407 945 490 972 non
526 940 679 986 potest.
715 930 778 972 sin
810 941 953 974 autem
988 946 1216 973 commune
1251 931 1354 973 nihil
1384 932 1488 974 erit:
1520 931 1673 984 habeo,

233 986 347 1042 quod
370 988 480 1028 volo.
511 987 554 1029 id
580 988 691 1028 enim
720 1002 881 1044 quaero,
901 988 1016 1044 quod
1035 988 1093 1029 ita
1113 988 1217 1029 mihi
1237 988 1425 1030 videatur
1444 1003 1602 1040 verum,
1624 998 1672 1031 ut

233 1057 315 1084 non
336 1044 468 1099 possit
487 1044 596 1085 idem
619 1044 770 1085 falsum
791 1044 933 1086 videri.
952 1044 1078 1086 simili
1098 1044 1139 1086 in
1161 1059 1300 1086 errore
1320 1054 1549 1096 versantur,
1569 1060 1669 1088 cum

231 1100 428 1150 convicti,
458 1116 507 1142 ac
537 1101 574 1141 vi
605 1101 789 1142 veritatis
817 1103 970 1152 coacti,
996 1102 1215 1158 perspicua
1233 1117 1258 1142 a
1287 1101 1494 1158 perceptis
1524 1103 1671 1144 volunt

232 1156 503 1212 distinguere,
534 1167 575 1198 et
606 1167 812 1199 conantur
850 1158 1085 1208 ostendere,
1115 1173 1205 1200 esse
1242 1158 1400 1214 aliquid
1430 1159 1668 1214 perspicui;

232 1226 373 1254 verum
395 1213 499 1255 illud
522 1213 690 1269 quidem
712 1214 961 1269 impressum
981 1215 1022 1255 in
1044 1216 1200 1265 animo,
1219 1225 1346 1271 atque
1362 1225 1517 1265 mente,
1535 1229 1670 1271 neque

230 1277 374 1311 tamen
392 1270 435 1311 id
454 1271 626 1326 percipi,
647 1285 695 1311 ae
714 1270 1018 1326 comprehendi
1038 1285 1173 1325 posse.
1191 1286 1275 1325 quo
1291 1271 1402 1312 enim
1424 1271 1554 1313 modo
1573 1285 1667 1328 per-

229 1326 374 1381 spicue
399 1327 549 1368 dixeris
579 1327 722 1368 album
747 1340 838 1367 esse
855 1325 1029 1383 aliquid,
1049 1341 1146 1368 eum
1168 1328 1301 1383 possit
1319 1327 1523 1379 accidere,
1542 1336 1590 1370 ut
1610 1328 1667 1379 id,

227 1382 343 1437 quod
373 1383 541 1439 nigrum
574 1383 642 1435 sit,
667 1383 811 1424 album
843 1397 932 1424 esse
963 1383 1178 1424 videatur?
1210 1393 1285 1425 aut
1313 1399 1400 1440 quo
1429 1384 1558 1426 modo
1587 1385 1668 1427 ista

225 1448 300 1480 aut
327 1440 546 1495 perspicua
565 1440 768 1491 dicemus,
788 1448 861 1481 aut
890 1440 1023 1481 menti
1040 1446 1080 1477 76
1100 1440 1303 1495 impressa
1320 1440 1546 1492 subtiliter,
1565 1455 1665 1483 cum

225 1496 281 1537 sit
298 1496 521 1547 incertum,
541 1503 578 1533 77
602 1511 708 1547 vere,
738 1496 963 1538 inaniterve
990 1498 1238 1537 moveatur?
1272 1497 1338 1537 Ita
1365 1510 1500 1552 neque
1530 1498 1663 1548 color,

227 1566 361 1609 neque
397 1567 564 1609 eorpus,
604 1567 679 1594 nee
719 1553 883 1604 veritas,
922 1567 997 1594 nec
1037 1561 1351 1608 argumentum,
1388 1567 1464 1594 nec
1503 1567 1663 1605 sensus,

161 1616 210 1648 35
228 1623 361 1665 neque
387 1610 656 1665 perspicuum
688 1609 825 1650 ullum
855 1609 1114 1664 relinquitur.
1175 1610 1238 1650 Ex
1263 1609 1345 1650 hoc
1365 1609 1469 1651 illud
1497 1609 1562 1652 his
1581 1625 1661 1653 usu

223 1667 361 1707 venire
392 1666 516 1719 solet,
534 1676 595 1716 ut,
617 1665 821 1723 quidquid
853 1665 1047 1717 dixerint,
1069 1680 1093 1707 a
1120 1665 1372 1721 quibusdam
1399 1666 1662 1724 interrogen-

960 1790 1137 1833 πεφήσεαι,
1162 1801 1241 1822 cum
1267 1791 1348 1822 nihil
1373 1792 1488 1823 obstat.
1530 1784 1593 1822 Alii
1615 1798 1660 1822 ta-

223 1790 244 1820 i.
260 1799 287 1820 e.
306 1790 398 1829 cujus
413 1791 479 1821 visa
494 1798 524 1822 et
538 1800 610 1821 vera
624 1798 656 1821 et
674 1791 751 1822 falsa
765 1800 831 1822 esse
846 1801 916 1831 pos-

961 1843 1038 1865 men
1067 1835 1144 1866 duas
1175 1842 1301 1866 tantum
1339 1835 1456 1866 formas
1486 1835 1657 1872 faciebant,

219 1840 308 1863 sunt.
352 1834 404 1864 Sic
420 1844 484 1865 non
501 1835 605 1865 multo
620 1843 691 1874 post
705 1842 752 1865 est
765 1835 918 1865 communis

220 1876 289 1905 veri
311 1882 338 1907 et
349 1876 430 1918 fizlsi
452 1884 531 1915 nota,
553 1878 631 1909 item
653 1878 838 1907 communitas
853 1889 916 1907 cum

209 1919 306 1959 falso.

265 1969 304 1997 74
328 1973 381 1992 non
396 1963 488 1994 eodem
503 1962 620 2003 modos.
639 1975 664 1993 e.
676 1963 764 2003 possit
776 1963 819 1992 ita
832 1963 916 1992 vide-

221 2004 261 2045 ri]
278 2006 445 2037 Redundat
459 2007 524 2045 ita;
541 2015 620 2037 cum
636 2007 792 2037 Lambino
807 2014 836 2038 et
853 2007 917 2037 Da-

218 2049 297 2079 visio
311 2049 424 2079 delevi.

264 2099 302 2127 75
319 2092 383 2121 sive
400 2092 517 2132 improb.
535 2098 562 2121 et
575 2103 641 2134 quae
657 2103 710 2122 non
724 2091 913 2131 impediatur]

217 2134 298 2165 Petr.
326 2136 422 2166 Faber
446 2136 567 2175 primus
596 2136 673 2166 vidit
702 2134 916 2174 improbabilem

217 2187 284 2208 esse
297 2179 458 2216 vitiosum,
472 2188 514 2209 sc.
526 2188 567 2208 ex
579 2179 813 2218 comparatione
827 2178 914 2209 Grae-

217 2231 344 2259 corum,
361 2222 416 2261 qui
433 2222 502 2252 haec
517 2222 783 2252 Academicorum
800 2221 914 2261 placita

216 2266 378 2295 tradidere.
424 2265 609 2304 Legendum
624 2263 817 2304 prohabilem,
834 2271 862 2294 et
880 2276 909 2306 q.

214 2318 245 2336 n.
257 2308 277 2336 i.
295 2308 415 2338 scilicet
431 2308 590 2345 dicebant,
607 2307 682 2338 alias
697 2308 831 2338 visiones
847 2317 912 2338 esse

215 2350 342 2383 πιθανὰς
359 2352 477 2386 ἁπλῶς,
495 2351 569 2381 alias
585 2362 620 2381 er.
636 2351 687 2378 xz}
698 2350 910 2389 ἀπεριστάςυς,

212 2401 264 2433 ap.
278 2394 413 2424 Sextum
431 2394 524 2433 Emp.
539 2394 608 2423 adv.
627 2393 729 2423 Mam.
745 2393 819 2429 VII,
840 2397 909 2423 166.

211 2443 244 2466 et
269 2436 428 2476 Hypotyp.
461 2436 569 2475 Pyrrh.
594 2436 620 2473 Ι,
647 2444 719 2466 228.
748 2434 908 2474 probabiles

210 2479 316 2511 duri-55
341 2480 498 2515 dicebant,
523 2489 597 2518 quae
620 2481 722 2519 primo
738 2480 845 2509 statim
861 2487 910 2508 as-

211 2529 307 2561 pectu
329 2523 513 2561 probantur,
539 2523 685 2552 nondum
707 2521 908 2552 consideratis

210 2565 386 2606 περιςαὶσεσι,
403 2576 422 2597 a
443 2565 559 2604 quibus
582 2565 736 2595 dubitatio
750 2565 822 2595 oriri
838 2574 909 2603 pos-

208 2609 259 2638 sit.
281 2618 320 2638 ex
343 2609 392 2638 his
415 2615 524 2638 autem
547 2617 624 2638 eum
648 2608 728 2637 nihil
751 2615 907 2643 occurrat,

208 2651 294 2690 quod
317 2651 430 2688 obstet,
451 2651 598 2681 dicebant
620 2650 687 2680 fieri
710 2650 844 2680 visiones
860 2660 907 2678 m-

207 2693 301 2726 θανὰς
324 2695 374 2722 καὶ
396 2693 611 2735 amem-roien,
626 2693 712 2732 quod
728 2693 837 2724 Cicero
853 2702 906 2722 ex-

205 2737 327 2776 pressit,
344 2748 409 2778 quae
421 2747 475 2766 non
490 2736 694 2776 impediuntur.
737 2737 906 2766 Addebam

205 2786 237 2810 et
259 2781 387 2810 tertium
411 2789 511 2819 genus
531 2789 654 2816 earum,
670 2788 744 2819 quae
758 2786 905 2819 praeterea

204 2831 309 2854 essent
323 2820 537 2862 διεξωδευμὲναι,
553 2822 685 2863 singulis
700 2822 902 2854 consideratis

961 1887 1076 1917 nempe
1099 1889 1132 1907 π.
1158 1878 1208 1906 καὶ
1230 1878 1428 1918 imparis-⁸5
1447 1874 1661 1916 καὶ’ἰξωδιυμέ-

962 1932 1021 1956 νας,
1047 1928 1082 1951 ut
1105 1921 1197 1951 tradit
1223 1920 1365 1952 Galenus
1391 1922 1429 1951 de
1453 1921 1656 1960 dogmatibus

961 1962 1056 2003 Hipp.
1079 1970 1110 1994 et
1132 1964 1271 1994 Platonis
1293 1965 1351 2001 lx,
1370 1969 1399 1999 7.
1414 1973 1495 2003 quos
1517 1963 1660 2003 sequitur

961 2007 994 2037 h.
1017 2007 1039 2037 l.
1062 2007 1171 2038 Cicero
1185 2018 1196 2038 ε
1220 2008 1296 2037 item
1323 2007 1405 2038 infra
1427 2018 1464 2036 ex
1485 2006 1656 2046 circumspe-

959 2049 1049 2078 ctione
1065 2057 1092 2079 ct
1107 2057 1244 2080 accurata
1259 2049 1489 2080 considerazione.
1526 2048 1655 2080 Librarii

959 2099 991 2123 et
1012 2100 1197 2123 correctores
1220 2093 1319 2122 fecere
1342 2089 1552 2131 improbabiles,
1568 2094 1654 2131 quod

958 2137 1113 2175 putabant
1127 2137 1244 2167 formas
1259 2136 1429 2166 contrarias
1445 2144 1510 2166 esse
1529 2135 1654 2166 debere.

1001 2184 1041 2215 76
1058 2180 1193 2218 impressa
1208 2176 1368 2219 subtiliter]
1387 2179 1407 2209 i.
1418 2188 1446 2210 e.
1461 2184 1607 2209 accurate
1622 2186 1654 2209 et

955 2222 1023 2252 sine
1038 2222 1254 2262 ambiguitate.
1376 2222 1378 2224 '

999 2270 1036 2300 77
1061 2275 1144 2302 vere,
1169 2265 1330 2293 inaniterne
1355 2261 1524 2303 moveatur]
1556 2262 1654 2294 Davi-

955 2307 1019 2337 sius
1032 2316 1072 2337 ex
1089 2317 1119 2338 re
1135 2315 1166 2338 et
1180 2308 1259 2337 libro
1274 2313 1376 2337 vetere
1392 2307 1462 2338 addi
1474 2305 1577 2337 voluit
1587 2307 1652 2338 ani»

954 2361 1027 2386 mus,
1043 2359 1244 2390 quamquam
1265 2359 1369 2390 operae
1385 2359 1450 2380 non
1467 2356 1650 2389 paruerunt.

954 2392 1013 2423 Sed
1038 2393 1068 2423 id
1097 2393 1229 2433 intelligi
1259 2402 1300 2423 ex
1329 2402 1361 2423 re
1384 2399 1415 2423 et
1438 2391 1651 2432 superioribus

953 2443 1066 2474 potest,
1084 2437 1138 2467 ubi
1161 2444 1207 2467 est
1226 2436 1391 2475 impressum
1408 2435 1438 2464 in
1453 2435 1548 2465 animo
1563 2441 1652 2477 atque

953 2486 1054 2509 meme.
1099 2479 1150 2510 Sic
1171 2487 1230 2509 nec
1251 2487 1380 2508 necesse·
1391 2485 1438 2508 est
1452 2477 1560 2518 paullo
1575 2484 1650 2509 ante

951 2521 1046 2551 animo
1057 2523 1168 2552 addere
1177 2522 1279 2552 verbis
1294 2522 1430 2561 impressa
1442 2519 1599 2558 subtiliter,
1613 2528 1649 2552 ux

952 2564 1070 2595 Guieto
1085 2565 1246 2605 placebat:
1264 2572 1464 2604 quamquam
1481 2563 1580 2602 husius
1595 2573 1647 2594 ve-

950 2607 1082 2647 stigium
1107 2615 1154 2639 est
1179 2609 1212 2638 in
1236 2607 1305 2637 edd.
1332 2613 1406 2637 vett.
1430 2615 1504 2646 quae
1527 2606 1647 2647 habent

950 2651 1025 2680 enim
1036 2650 1172 2689 impressa
1181 2648 1337 2681 subtiliter.
1370 2649 1518 2680 Davisius
1529 2655 1561 2679 et
1571 2649 1646 2679 Ale-

950 2703 1089 2724 mannus
1115 2704 1132 2725 e
1154 2693 1292 2733 vestigiis
1317 2693 1396 2723 Mss.
1420 2692 1531 2722 dedere
1556 2693 1646 2722 menti

948 2736 1085 2776 impressa
1100 2736 1261 2767 subtiliter:
1277 2737 1363 2776 quod
1379 2742 1409 2766 et
1424 2740 1575 2765 moveatur
1590 2744 1645 2774 po-

945 2779 1053 2812 stulat.
1068 2790 1145 2812 nam
1169 2781 1199 2812 id
1220 2788 1286 2820 quo
1309 2779 1458 2810 referatur
1478 2776 1555 2809 alias
1578 2787 1644 2810 non

946 2823 1054 2856 habet.
