1768 3095
252 99 302 141 78
570 95 844 135 ACADEM.
875 94 1316 135 QUAESTIONUM

249 203 407 245 dicium
428 203 671 260 Protagorae
693 213 772 254 est,
793 205 865 261 qui
885 213 1006 259 putet
1026 204 1067 246 id
1087 205 1239 261 cuique
1267 218 1409 245 verum
1440 217 1546 254 esse,
1566 202 1684 259 quod

249 259 402 315 cuique
439 260 651 303 videatur:
687 261 801 302 aliud
839 261 1187 317 Cyrenaicorum,
1224 261 1295 317 qui
1329 269 1479 316 praeter
1512 274 1683 314 permo-

249 316 386 358 tiones
421 316 605 368 intimas‚
637 318 740 359 nihil
769 327 917 373 putant
949 333 1039 359 esse
1063 318 1238 374 judicii:
1271 317 1384 359 aliud
1405 315 1589 373 Epicuri,
1610 315 1683 371 qui

251 387 378 415 omne
403 373 614 429 judicium
646 375 689 415 in
721 375 924 425 sensibus,
960 385 1002 416 et
1031 375 1072 416 in
1105 390 1243 416 rerum
1274 374 1447 423 notitiis,
1469 382 1511 414 et
1541 372 1584 412 in
1612 380 1687 413 vo-'

146 428 416 485 P·³⁶·1uptate
450 431 684 472 constituit.
744 431 862 472 Plato
897 440 1039 472 autem
1077 446 1203 472 omne
1236 431 1446 487 judicium
1485 428 1683 480 veritatis,

210 480 240 501 ²¹
254 486 552 543 veritatemque
571 487 721 542 ipsam,
740 487 967 528 abductam
996 488 1050 529 ab
1081 488 1364 542 opinionibus,
1386 496 1428 528 et
1447 502 1471 527 a
1492 485 1684 527 sensibus

168 558 237 591 143
253 543 523 599 cogitationis
542 544 671 600 ipsius
702 552 744 584 et
775 544 926 585 mentis
958 558 1049 585 esse
1079 544 1223 585 voluit.
1282 542 1505 599 Numquid
1531 543 1684 583 horum

250 600 404 655 probat
433 608 609 642 2n0ster
643 599 913 641 Antiochus?
947 600 1017 641 ille
1052 614 1148 641 vero
1182 616 1233 641 ne
1264 601 1472 655 majorum
1509 598 1683 655 quidem

251 670 439 698 suorum.
469 657 543 698 ubi
562 657 674 698 enim
697 665 769 698 aut
789 657 1072 698 Xenocratem
1094 658 1296 712 sequitur,
1318 658 1437 711 cujus
1464 656 1558 696 libri
1586 662 1685 696 sunt

251 712 304 754 de
330 713 490 754 ratione
520 712 718 769 loquendi
749 713 887 763 multi,
920 722 962 754 et
994 713 1176 754 multum
1212 713 1409 768 probati?
1443 721 1515 753 aut
1544 712 1683 766 ipsum

251 769 543 820 Aristotelem,
564 784 648 825 quo
680 770 869 826 profecto
893 770 994 811 nihil
1014 779 1078 810 est
1098 770 1275 820 acutius,
1298 769 1398 809 nihil
1425 768 1595 824 politius
1615 769 1627 807 ?
1660 781 1686 807 a

170 828 240 881 47
255 825 498 882 Chrysippo
527 826 676 882 pedem
709 841 930 882 nusquam.
990 827 1076 883 Qui
1101 841 1204 881 ergo
1225 824 1470 867 Academici
1499 823 1684 880 appella-

252 897 348 923 mur
366 883 379 922 ?
412 897 464 924 an
483 883 699 924 abutimur
719 883 855 939 gloria
876 884 1056 924 nominis
1076 885 1088 923 ?
1122 893 1196 925 aut
1216 898 1291 924 cur
1309 882 1506 938 cogimur
1525 895 1598 921 eos
1620 894 1686 921 se-

251 938 340 993 qui,
362 939 433 994 qui
454 939 562 980 inter
592 954 636 980 se
666 939 900 981 dissident?
936 941 985 980 In
1016 940 1097 981 hoc
1129 939 1236 995 ipso,
1257 939 1372 995 quod
1399 939 1441 979 in
1468 937 1685 979 elementis

250 995 460 1036 dialectici
494 996 665 1045 docent,
697 1012 782 1052 quo
810 997 941 1038 modo
967 996 1159 1053 judicare
1191 1004 1400 1051 oporteat,
1430 1009 1588 1045 verum,
1609 993 1686 1034 fal-

252 1066 400 1093 sumne
433 1052 500 1103 sit,
532 1053 566 1093 si
598 1053 698 1109 quid
730 1054 789 1094 ita
818 1068 1055 1094 connexum
1087 1063 1164 1103 est,
1193 1062 1241 1093 ut
1270 1052 1382 1101 hoc,
1414 1051 1458 1092 Si
1488 1050 1576 1091 dies
1607 1057 1686 1101 est,

250 1108 389 1159 lucet3
421 1120 578 1164 quanta
609 1110 825 1151 contentio
856 1112 948 1151 est?
982 1109 1102 1150 aliter
1129 1108 1335 1159 Diodoto,
1355 1108 1475 1149 aliter
1506 1105 1686 1157 Philoni,

254 1165 495 1221 Chrysippo
516 1166 636 1207 aliter
656 1166 806 1221 placet.
857 1166 972 1208 Quid
990 1168 1003 1206 ?
1037 1181 1131 1207 cum
1157 1165 1378 1215 Cleanthe,
1400 1164 1574 1205 doctore
1594 1177 1686 1214 suo,

251 1236 378 1277 quam
415 1222 559 1263 multis
597 1223 721 1263 rebus
762 1223 1028 1279 Chrysippus
1071 1222 1275 1263 dissidet?
1321 1220 1453 1276 quid?
1501 1220 1586 1260 duo
1623 1219 1688 1261 vel

251 1277 460 1333 principes
491 1278 824 1329 dialecticorum,
854 1279 1095 1333 Antipater,
1125 1287 1168 1319 et
1199 1277 1497 1326 Archidemus,
1518 1275 1685 1331 opinio-

166 1334 405 1380 144sissimi
440 1334 645 1385 homines,
674 1349 811 1376 nonne
844 1335 988 1376 multis
1020 1336 1062 1376 in
1096 1335 1220 1376 rebus
1255 1333 1537 1374 dissentiunt?
1571 1332 1688 1389 Quid

251 1405 319 1431 me
352 1391 496 1446 igitur,
527 1391 720 1442 Luculle,
740 1391 783 1432 in
815 1391 1028 1443 invidiam,
1049 1401 1092 1432 et
1121 1401 1337 1446 tamquam
1368 1390 1411 1430 in
1435 1388 1686 1430 concionem

250 1461 372 1488 vocas
390 1449 402 1487 ?
437 1457 479 1488 et
499 1448 684 1503 quidem,
705 1458 751 1488 ut
772 1448 958 1489 seditiosi
975 1448 1133 1490 tribuni
1152 1447 1305 1496 solent,
1329 1454 1345 1479 3
1361 1446 1528 1487 occludi
1547 1446 1686 1486 taber-

251 1518 324 1544 nas
339 1504 496 1560 jubes?
530 1519 615 1559 quo
636 1504 748 1545 enim
769 1514 930 1559 spectat
956 1505 1075 1555 illud,
1096 1519 1190 1545 cum
1223 1502 1398 1544 artificia
1422 1502 1515 1543 tolli
1537 1516 1686 1558 quere-

250 1561 305 1601 ris
327 1575 352 1601 a
372 1560 508 1610 nobis,
530 1561 608 1601 nisi
627 1571 676 1601 ut
695 1561 867 1616 opifices
900 1561 1163 1602 concitentur
1181 1562 1193 1600 ?
1227 1560 1299 1616 qui
1320 1559 1353 1600 si
1374 1559 1561 1614 undique
1592 1573 1687 1600 om-

251 1632 324 1658 nes
358 1617 642 1668 convenerint,
676 1617 798 1658 facile
834 1627 982 1658 contra
1011 1633 1082 1658 vos
1110 1617 1410 1658 incitabuntur.
1441 1630 1688 1671 expromam

251 1674 434 1729 primum
466 1673 538 1714 illa
567 1673 784 1724 invidiosa,
805 1675 919 1730 quod
942 1689 1014 1715 eos
1037 1689 1198 1723 omnes,
1220 1673 1292 1729 qui
1312 1673 1353 1714 in
1375 1672 1580 1714 concione
1600 1681 1685 1714 sta-

250 1731 371 1780 bunt,
393 1730 571 1780 exsules,
594 1745 746 1781 servOS,
766 1731 934 1772 insanos
956 1745 1044 1772 esse
1075 1730 1246 1771 dicatis:
1280 1728 1432 1770 deinde
1452 1728 1505 1769 ad
1526 1728 1598 1769 illa
1615 1743 1686 1770 ve-

250 1787 377 1836 niam,
401 1802 493 1842 quae
519 1787 611 1842 jam
643 1802 727 1828 non
759 1787 812 1828 ad
844 1787 1174 1837 multitudinem,
1201 1786 1273 1827 sed
1304 1786 1356 1826 ad
1394 1785 1686 1840 vosmetipsos,

249 1843 322 1898 qui
354 1843 523 1894 adestis,
546 1844 770 1899 pertinent.
802 1853 931 1900 negat
963 1845 1073 1885 enim
1107 1858 1178 1884 vos
1213 1844 1346 1893 Zeno,
1378 1851 1505 1898 negat
1531 1842 1686 1884 Antio-

250 1899 354 1941 chus
374 1900 479 1941 scire
500 1900 746 1956 quidquam.
773 1916 857 1956 quo
887 1900 1049 1941 modo?
1083 1900 1258 1955 inquies.
1289 1914 1366 1940 nos
1395 1899 1506 1940 enim
1541 1898 1688 1941 defen-

167 1966 237 1999 145
251 1956 407 2007 dimus,
440 1957 568 1998 etiam
598 1957 864 2012 insipientem
899 1957 1035 1998 multa
1063 1956 1435 2012 comprehendere.
1493 1955 1556 1996 At
1582 1955 1688 1996 scire

207 2013 418 2068 b·negatis
439 2028 694 2069 quemquam
728 2029 816 2054 rem
849 2013 996 2064 ullam,
1029 2013 1106 2055 nisi
1138 2013 1386 2068 sapientem.
1418 2020 1460 2052 et
1489 2011 1572 2052 hoc
1591 2011 1687 2067 qui-

250 2070 348 2110 dem
371 2071 490 2110 Zeno
510 2079 638 2126 gestu
658 2070 922 2111 conficiebat.
954 2085 1065 2121 nam,
1096 2085 1195 2111 cum
1227 2068 1407 2110 extensis
1437 2067 1582 2123 digitis
1610 2067 1687 2110 ad-

249 2141 411 2168 versam
440 2141 613 2168 manum
644 2127 900 2177 ostenderat,
922 2127 1070 2176 visum,
1091 2126 1319 2182 inquiebat,
1341 2124 1588 2181 hujusmodi
1608 2132 1686 2168 est.

249 2182 416 2234 deinde,
437 2198 535 2224 cum
569 2183 759 2239 paullum
789 2184 947 2239 digitos
979 2183 1299 2232 constrinxerat,
1318 2196 1511 2222 assensus
1537 2180 1688 2237 hujus-

248 2239 380 2280 modi.
418 2250 509 2281 tum
546 2255 643 2281 cum
678 2240 801 2295 plane
832 2248 1154 2296 compresserat,
1188 2252 1466 2294 pugnumque
1499 2238 1685 2289 fecerat3

248 2296 669 2351 comprehensionem
709 2296 824 2337 illam
862 2312 953 2338 esse
987 2296 1168 2337 dicebat.
1208 2310 1291 2350 qua
1324 2309 1375 2335 ex
1411 2294 1687 2336 similitudine

247 2353 373 2393 etiam
397 2367 552 2394 nomen
583 2353 620 2394 ei
652 2354 724 2403 rei,
746 2353 861 2409 quod
890 2363 987 2394 ante
1019 2367 1103 2393 non
1133 2352 1285 2402 fuerat,
1308 2351 1519 2401 κατάληψιν
1545 2352 1686 2406 impo-

247 2409 345 2449 suit.
376 2424 473 2449 cum
495 2418 636 2450 autem
658 2411 804 2450 laevam
826 2424 997 2450 manum
1015 2409 1270 2458 admoverat,
1290 2418 1333 2449 et
1354 2408 1474 2449 illum
1491 2421 1685 2463 pugnum

246 2475 376 2515 arcte,
397 2465 748 2522 vehementerque
769 2473 1090 2520 compresserat,
1114 2464 1330 2506 scientiam
1359 2465 1486 2506 talem
1507 2479 1598 2505 esse
1620 2464 1684 2505 di-

247 2521 370 2562 cebat
390 2538 399 2560 :
430 2523 550 2578 cujus
572 2531 828 2578 compotem,
849 2522 926 2563 nisi
947 2522 1194 2578 sapientem,
1214 2536 1305 2562 esse
1331 2522 1557 2562 neminem.
1588 2519 1687 2572 Sed,

246 2587 267 2610 4
291 2579 363 2634 qui
382 2578 589 2634 sapientes
610 2579 707 2630 sint,
725 2588 798 2620 aut
818 2579 985 2630 fuerint,
1005 2594 1056 2619 ne
1078 2579 1157 2634 ipsi
1179 2578 1350 2634 quidem
1372 2578 1510 2619 solent
1532 2577 1685 2619 dicere.

291 2708 310 2731 2
326 2707 418 2730 noster
433 2699 605 2741 Antiochus]
632 2701 694 2731 l-lic
717 2710 844 2741 quoque
863 2701 944 2731 Dav.
991 2702 1020 2731 in
1039 2701 1205 2736 concione,
1221 2708 1252 2730 et
1275 2700 1395 2730 incitari
1420 2706 1523 2739 posset
1541 2702 1688 2731 adversus

247 2743 344 2774 edidit
359 2751 466 2773 vester.
482 2754 512 2773 v.
528 2754 633 2784 supra.
989 2754 1078 2779 eum,
1094 2753 1192 2783 quem
1209 2744 1241 2773 in
1257 2744 1408 2774 invidiam
1431 2744 1584 2774 adducere
1604 2742 1688 2783 apud

292 2793 310 2818 8
336 2787 468 2816 tabernas
492 2787 600 2817 occludi
617 2786 714 2828 jubes]
736 2787 831 2817 Quod
852 2787 946 2816 facie·
990 2787 1148 2828 populum
1165 2786 1294 2816 vellent.

248 2830 326 2862 bant
340 2830 459 2861 tribuni
475 2829 518 2871 pl.
534 2837 571 2861 ut
589 2831 695 2861 omnis
718 2830 805 2871 plebs
828 2831 948 2861 adesset
1034 2838 1053 2861 4
1077 2829 1127 2872 qui
1150 2829 1290 2869 sapientes
1319 2828 1378 2859 sin!
1402 2835 1455 2859 aut
1468 2827 1608 2871 fuerint]
1636 2829 1689 2859 Sic
