1768 3095
236 55 289 93 66
573 51 851 91 ACADEM.
881 51 1331 91 QUAESTIONUM

194 174 227 205 b.
239 161 456 213 assentiar,
482 161 526 204 id
554 169 633 212 est,
663 161 883 216 opinabor.
905 161 987 203 hoc
1009 161 1113 203 mihi
1132 170 1174 203 et
1195 160 1472 216 Peripatetici,
1492 169 1536 202 et
1554 167 1671 202 vetus

238 219 472 262 Academia
497 217 724 260 concedit:
753 233 826 260 vos
856 218 1036 274 negatiS,
1066 218 1303 260 Antiochus
1333 217 1374 258 in
1395 217 1566 273 primis:
1599 217 1672 273 qui

239 291 308 318 me
336 275 455 318 valde
485 284 654 324 movet3
685 274 748 315 vel
778 275 893 331 quod
924 275 1058 316 amavi
1089 275 1320 325 hominem,
1351 274 1458 316 sicut
1486 273 1556 316 ille
1575 287 1672 324 me3

239 332 301 375 vel
322 333 438 389 quod
469 332 525 373 ita
550 331 714 388 judico,
744 330 1061 386 politissimum,
1091 341 1134 373 et
1162 332 1453 372 acutissimum
1483 330 1675 373 omnium

240 398 394 432 nostrae
421 388 638 430 memoriae
666 387 1034 442 philosophorum.
1055 403 1080 429 a
1099 402 1184 444 quo
1205 388 1388 443 primum
1410 402 1570 443 quaero,
1589 400 1674 442 quo

239 446 411 489 tandem
436 445 567 487 modo
594 445 648 486 sit
675 445 764 500 ejus
792 443 1052 493 Academiae,
1085 444 1205 500 cujus
1225 459 1316 485 esse
1337 458 1382 486 se
1400 444 1673 500 profiteatur?

244 504 307 545 Ut
326 502 523 545 omittam
552 501 658 542 alia:
691 501 783 541 haec
815 500 916 550 duo,
939 499 991 541 de
1011 501 1163 555 quibus
1184 501 1339 556 agitur,
1360 501 1453 556 quis
1472 513 1676 556 umquam

241 559 347 602 dixit
374 568 448 600 aut
472 558 620 599 veteris
640 556 899 607 Academiae,
921 566 995 597 aut
1016 557 1389 612 Peripateticorum
1407 560 1421 587 ³
1455 558 1518 599 vel
1538 557 1582 598 id
1605 571 1676 598 so-

242 616 330 658 lum
359 616 517 672 percipi
545 629 685 670 posse,
707 613 821 668 quod
847 622 959 656 esset
986 628 1128 654 verum
1148 612 1247 663 tale,
1268 614 1391 669 quale
1412 614 1565 655 falsum
1585 627 1678 654 esse

245 687 330 714 non
352 682 522 728 posset:
544 671 608 712 vel
626 670 856 726 sapientem
879 669 983 711 nihil
1003 670 1194 725 opinari?
1229 679 1341 710 certe
1362 685 1502 711 nemo.
1524 670 1677 711 horum

245 738 443 772 neutrum
474 737 570 769 ante
601 729 817 768 Zenonem
850 741 1109 782 magnopere
1139 726 1360 767 defensum
1394 734 1471 768 est.
1501 740 1585 782 ego
1615 733 1679 767 ta-

244 800 342 828 men
371 793 599 840 utrumque
627 797 771 824 verum
802 791 933 839 puto:
967 798 1042 824 nec
1075 783 1172 824 dico
1198 782 1400 838 temporis
1421 797 1576 824 causa:
1607 781 1681 824 sed

162 837 304 892 36ita
325 842 447 898 plane
467 841 617 897 probo.
678 839 790 881 Illud
815 839 923 881 ferre
950 855 1034 881 non
1060 855 1249 896 possum.
1308 840 1390 891 Tu,
1410 855 1508 881 cum
1530 853 1598 881 me
1615 839 1682 880 in-

162 916 235 952 114
247 899 423 955 cognito
447 897 638 939 assentiri
662 905 789 948 vetes,
809 895 936 952 idque
957 897 1248 952 turpissimum
1268 911 1359 937 esse
1379 896 1509 948 dicas,
1529 904 1572 937 et
1590 895 1683 952 ple-

248 956 468 997 nissimum
506 954 778 1004 temeritatis3
818 962 857 985 ‘28
876 961 1039 995 tantum
1077 954 1155 994 tibi
1192 967 1380 1008 arroges,
1417 961 1466 994 ut
1500 967 1684 1009 exponas

247 1011 510 1068 disciplinam
542 1011 771 1066 sapientiae,
791 1018 984 1051 naturam
1005 1025 1146 1052 rerum
1174 1010 1365 1051 omnium
1387 1009 1566 1060 evolvas,
1586 1024 1683 1050 mo-

247 1083 314 1111 res
336 1069 486 1125 fingas,
509 1067 610 1109 fines
639 1067 849 1109 bonorum
870 1066 1164 1123 malorumque
1184 1066 1431 1116 constituas,
1454 1066 1591 1107 officia
1609 1065 1686 1106 de-

249 1126 422 1176 scribas,
457 1139 584 1180 quam
620 1124 746 1165 vitam
780 1123 1005 1179 ingrediar,
1042 1124 1239 1165 definias:
1271 1132 1311 1158 ‘29
1328 1123 1524 1178 idemque
1556 1122 1684 1164 etiam

248 1181 492 1239 disputandi
513 1192 556 1221 et
576 1180 842 1235 intelligendi
857 1180 1068 1236 judicium
1089 1180 1203 1220 dicas
1227 1190 1267 1220 te
1295 1187 1337 1220 et
1356 1179 1578 1220 artificium
1600 1187 1685 1219 tra-

249 1239 463 1281 diturum:
501 1237 703 1292 perficies,
734 1244 781 1277 ut
810 1251 893 1292 ego
924 1236 1004 1277 ista
1033 1236 1353 1277 innumerabilia
1382 1234 1686 1290 complectens,

252 1309 459 1351 nusquam
479 1293 624 1334 labar?
659 1292 763 1333 nihil
784 1294 960 1348 opiner?
992 1308 1087 1348 quae
1108 1292 1279 1333 tandem
1299 1306 1349 1333 ea
1367 1301 1433 1333 est
1451 1291 1687 1347 disciplina,

251 1351 304 1393 ad
322 1365 446 1408 quam
470 1364 539 1391 me
555 1349 753 1400 deducas,
770 1357 810 1382 30
825 1350 858 1390 si
875 1349 928 1390 ab
946 1349 1025 1390 hac
1043 1349 1317 1390 abstraxeris?
1339 1363 1498 1399 vereor,
1519 1363 1571 1389 ne
1589 1349 1688 1389 sub·-

252 1415 499 1464 arroganter
518 1407 660 1456 facias,
682 1406 715 1447 si
734 1405 885 1447 dixeris
902 1413 1032 1448 tuam.
1055 1406 1171 1461 atqui
1192 1405 1251 1446 ita
1270 1405 1399 1456 dicas,
1420 1419 1591 1446 necesse
1611 1413 1688 1446 est.

169 1479 238 1511 115
253 1467 408 1519 Neque
426 1478 523 1505 vero
552 1472 599 1504 tu
627 1463 757 1513 solus,
779 1462 852 1504 sed
872 1477 939 1503 me
959 1462 1011 1503 ad
1033 1477 1153 1504 suam
1174 1461 1349 1517 quisque
1369 1461 1517 1517 rapiet.
1576 1461 1690 1516 Age,

252 1522 445 1564 restitero
478 1519 777 1575 Peripateticis,
798 1519 870 1575 qui
900 1518 978 1560 sibi
1006 1534 1104 1560 cum
1131 1518 1369 1559 oratoribus
1389 1517 1690 1574 cognationem

253 1593 361 1629 esse,
390 1578 461 1633 qui
492 1576 628 1617 claros
659 1576 768 1617 viros
798 1591 823 1616 a
851 1590 895 1616 se
927 1575 1170 1626 instructos,
1201 1574 1357 1625 dicant,
1384 1574 1689 1630 rempublicam

254 1649 368 1690 saepe
388 1633 567 1675 rexisse:
590 1632 828 1673 sustinuero
849 1632 1096 1687 Epicureos,
1117 1640 1183 1672 tot
1203 1645 1321 1672 meos
1342 1631 1582 1682 familiares,
1604 1640 1691 1672 tam

254 1692 405 1742 bonos,
441 1698 528 1730 tam
561 1689 670 1730 inter
706 1703 749 1730 se
785 1698 974 1730 amantes
1006 1688 1143 1729 viros:
1175 1687 1369 1729 Diodoto
1403 1687 1506 1744 quid
1541 1687 1691 1728 faciam

257 1748 419 1798 Stoico,
449 1760 574 1802 quem
605 1760 630 1786 a
659 1760 792 1801 puero
822 1745 990 1786 audivi?
1023 1745 1095 1800 qui
1126 1759 1294 1786 mecum
1324 1744 1423 1785 vivit
1444 1753 1510 1786 tot
1528 1745 1689 1785 annos?

151 1824 181 1854 p.
196 1821 237 1847 29
259 1805 331 1861 qui
357 1803 523 1845 habitat
550 1801 663 1858 apud
691 1815 760 1843 me
779 1803 792 1843 ?
826 1816 952 1857 quem
976 1810 1020 1843 et
1039 1801 1240 1852 admiror,
1261 1808 1304 1842 et
1323 1800 1488 1857 diligo?
1521 1800 1594 1857 qui
1616 1800 1696 1842 ista

220 1860 500 1902 ²·Antiochea
514 1859 775 1901 contemnit?
800 1860 973 1909 Nostra,
995 1858 1171 1914 inquies,
1194 1857 1284 1899 sola
1301 1872 1397 1899 vera
1416 1866 1527 1899 sunt.
1568 1856 1696 1898 Certe

259 1916 364 1968 sola,
385 1917 419 1958 si
449 1931 557 1958 vera.
589 1915 709 1971 plura
730 1916 842 1956 enim
863 1929 959 1957 vera
978 1915 1258 1970 discrepantia
1287 1928 1377 1956 esse
1398 1929 1482 1955 non
1503 1921 1695 1970 possunt.

259 1974 416 2016 Utrum
447 1973 578 2029 igitur
607 1987 683 2013 nos
711 1971 990 2028 impudentes,
1012 1972 1084 2028 qui
1112 1971 1197 2012 labi
1218 1971 1444 2012 nolumus:
1474 1985 1527 2010 an
1547 1970 1609 2011 illi
1629 1984 1696 2010 ar-

257 2040 472 2087 roganteS,
494 2031 565 2085 qui
596 2029 675 2070 sibi
704 2029 1002 2085 persuaserint,
1033 2029 1138 2069 scire
1169 2042 1213 2069 se
1244 2027 1357 2068 solos
1388 2026 1558 2067 omnia?
1592 2025 1697 2068 Non

258 2103 327 2129 me
348 2084 536 2143 quidem,
557 2086 708 2142 inquit,
730 2085 802 2126 sed
821 2085 1052 2141 sapientem
1075 2085 1170 2126 dico
1192 2084 1311 2125 scire.
1355 2083 1553 2138 Optime:
1579 2097 1698 2124 nem-

259 2159 312 2200 pe
334 2144 415 2185 ista
435 2143 556 2194 scire,
577 2158 670 2198 quae
691 2151 790 2183 sunt
809 2142 849 2182 in
872 2150 945 2183 tua
965 2141 1199 2197 disciplina.
1250 2140 1349 2181 Hoc
1370 2140 1552 2195 primum
1575 2139 1698 2196 quale

260 2210 337 2251 est,
364 2215 390 2242 a
417 2215 501 2241 non
528 2199 716 2255 sapiente
744 2198 943 2254 explicari
972 2198 1247 2254 sapientiam?
1283 2196 1356 2237 sed
1382 2196 1649 2237 discedamus
1673 2210 1699 2237 a

261 2256 603 2312 nobismetipsisz
635 2255 688 2296 de
716 2256 904 2311 sapiente
931 2255 1181 2311 loquamur:
1213 2253 1265 2295 de
1286 2268 1371 2309 quo
1395 2255 1460 2307 (ut
1481 2267 1593 2309 saepe
1605 2253 1697 2309 jam

261 2314 363 2368 dixi)
390 2314 528 2354 omnis
550 2313 640 2354 haec
662 2312 839 2368 quaestio
863 2320 940 2352 est.

179 2376 251 2415 116
321 2370 370 2411 In
396 2379 478 2411 tres
505 2368 634 2425 igitur
665 2378 803 2424 partes
829 2376 871 2409 et
891 2382 916 2408 a
944 2367 1170 2423 plerisque,
1191 2374 1234 2407 et
1259 2382 1283 2407 a
1301 2366 1615 2421 nobismetipsis
1634 2364 1699 2406 di-

262 2427 443 2469 stributa
462 2426 668 2482 sapientia
687 2435 764 2466 est.
786 2425 967 2480 primum
990 2438 1108 2479 ergo,
1131 2423 1164 2463 si
1190 2422 1342 2479 placet,
1363 2437 1457 2479 quae
1478 2421 1531 2463 de
1552 2431 1701 2464 natura

264 2572 392 2613 vulgato
408 2571 611 2611 imag-uitione,
626 2570 713 2609 quod
726 2569 817 2600 nihili
834 2576 897 2599 est:
917 2579 962 2599 re·
1006 2578 1081 2598 nam
1104 2578 1170 2598 non
1191 2569 1244 2598 hic
1263 2575 1309 2599 est
1325 2578 1536 2608 consequens,
1552 2568 1606 2598 sed
1622 2568 1703 2598 infru

263 2618 347 2656 cepi-t
369 2623 400 2645 et
414 2614 574 2646 Davisius.
600 2614 713 2643 eodem
731 2614 826 2643 modo
842 2613 917 2642 dicit
933 2622 961 2642 e.
1006 2612 1038 2641 in
1051 2611 1183 2651 perficies
1199 2613 1259 2641 διο.

265 2660 318 2690 a'fi.
337 2659 406 2689 init.
1023 2664 1027 2671 ¹
1049 2661 1089 2687 29
1113 2654 1243 2696 idemque
1257 2653 1359 2693 etiam]
1380 2655 1458 2685 Mss.
1475 2654 1594 2684 Davisii
1609 2660 1641 2684 et
1656 2663 1704 2684 re·

308 2709 347 2733 28
373 2707 486 2730 tantum
510 2699 564 2729 tibi
586 2697 714 2738 arroges]
731 2696 877 2729 Davisius
895 2707 963 2728 ma·
1006 2698 1076 2737 glus
1093 2696 1159 2727 Par.
1176 2698 1275 2739 Atque
1291 2697 1389 2728 etiam.

266 2745 301 2775 lit
315 2753 410 2774 tamen
426 2754 481 2783 pro
497 2750 630 2772 tantum:
650 2743 745 2773 sedid
759 2741 892 2781 intelligi
909 2751 964 2780 po·
1051 2747 1092 2771 30
1115 2740 1138 2770 si
1161 2740 1198 2769 ab
1221 2740 1274 2769 hac
1296 2738 1489 2779 abstraxeris]
1515 2740 1625 2770 Quam
1645 2749 1706 2779 ego

266 2795 334 2819 test.
350 2788 404 2818 sed
420 2796 479 2817 nec
498 2786 648 2817 convenit
672 2785 752 2815 huic
769 2785 840 2815 loco
856 2791 963 2814 tamen.
1008 2792 1098 2814 nunc
1113 2793 1240 2824 sequor,
1257 2793 1330 2823 quae
1342 2783 1516 2825 probabilia
1530 2790 1648 2814 tuetur.
