1778 3095
253 118 330 156 008
823 117 904 154 DE
943 117 1112 156 FATO

252 224 364 276 bani,
387 232 429 266 et
449 224 644 266 valentes.
703 224 861 265 Tamen
888 239 1024 281 neque
1050 224 1154 267 illud
1182 231 1307 266 tenue
1334 227 1485 268 caelum
1514 227 1677 283 efficiet,

252 291 300 322 ut
328 292 401 324 aut
429 283 644 323 Zenonem
665 280 772 336 quis,
794 290 865 322 aut
886 282 1133 332 Arcesilam,
1153 291 1225 323 aut
1243 282 1581 338 Theophrastum
1603 300 1678 327 au-

251 337 366 388 diat3
399 353 533 394 neque
563 352 765 387 crassum,
789 346 824 369 13
844 346 889 378 ut
909 340 1074 379 Nemea
1092 338 1246 393 potius,
1270 353 1392 393 quam
1429 339 1591 382 Isthmo
1621 341 1680 382 vi-

214 395 427 437 actoriam
449 404 578 450 petat.
642 402 678 426 14
694 394 883 450 Dijunge
903 394 1083 449 longius.
1115 395 1215 450 quid
1243 395 1386 435 enim?
1418 395 1501 436 loci
1531 407 1678 438 natura

248 451 392 491 afferre
413 460 566 505 potest,
582 459 630 491 ut
652 459 687 482 1⁵
700 450 740 490 in
761 451 927 506 porticu
947 451 1130 505 Pompeii
1150 451 1306 505 potius,
1323 466 1448 507 quam
1466 452 1507 492 in
1524 467 1677 509 campo

248 507 543 547 ambulemus?
577 516 733 556 tecum,
766 522 891 561 quam
926 521 1023 546 cum
1050 507 1161 546 alio?
1197 507 1340 547 Idibus
1371 507 1522 562 potius,
1550 523 1676 564 quam

249 563 476 603 Kalendis?
516 564 577 605 Ut
599 563 727 618 igitur
747 563 798 603 ad
821 561 1021 617 quasdam
1045 577 1108 602 res
1131 571 1277 603 natura
1297 563 1379 604 loci
1400 565 1580 619 pertinet
1600 566 1676 607 ali-

248 619 364 674 quid,
386 619 439 660 ad
462 619 663 675 quasdam
685 628 825 659 autem
849 617 951 658 nihil
974 635 982 658 :
1015 618 1072 658 sic
1105 619 1270 659 affectio
1299 629 1504 660 astrorum
1527 621 1676 673 valeat,

247 675 281 715 si
299 675 371 726 vis,
388 676 441 717 ad
459 675 658 731 quasdam
679 689 742 715 res
761 691 771 723 3
804 674 855 715 ad
876 689 1021 714 omnes
1043 683 1155 715 certe
1177 689 1260 715 non
1281 676 1446 717 valebit.
1483 677 1544 717 At
1562 677 1674 719 enim

246 732 446 786 quoniam
476 733 518 772 in
551 731 708 772 naturis
738 731 957 771 hominum
990 730 1349 772 dissimilitudines
1371 742 1480 783 sunt,
1502 744 1549 774 ut
1570 733 1675 775 alios

246 788 400 838 dulcia,
418 788 520 828 alios
543 788 763 828 subamara
783 787 1016 838 delectent3
1048 787 1117 828 alii
1138 787 1364 836 libidinosi,
1385 789 1453 829 alii
1472 789 1673 841 iracundi,

244 852 318 885 aut
343 844 548 894 crudeles,
570 853 642 884 aut
674 844 842 899 superbi
869 843 975 893 sint3
1008 844 1076 884 alii
1108 843 1261 885 talibus
1282 844 1388 885 vitiis
1408 844 1673 897 abhorreant,

245 900 444 956 quoniam
476 901 619 956 igitur,
640 899 788 956 inquit,
810 910 973 941 tantum
1006 908 1153 940 natura
1181 915 1205 940 a
1232 908 1379 941 natura
1409 900 1550 952 distat,
1571 903 1673 957 quid

243 957 396 997 mirum
424 964 502 1007 est,
529 957 603 997 has
632 956 991 997 dissimilitudines
1021 970 1070 996 ex
1100 956 1386 998 differentibus
1417 958 1552 998 causis
1582 973 1672 1000 esse

196 1009 406 1057 5factas?
440 1014 547 1054 Haec
579 1013 797 1062 disserens,
824 1028 906 1068 qua
937 1013 989 1053 de
1020 1027 1062 1053 re
1091 1022 1256 1067 agatur,
1286 1022 1328 1054 et
1358 1014 1400 1054 in
1431 1028 1516 1070 quo
1546 1028 1673 1056 causa

204 1069 460 1125 9consistat,
481 1085 564 1110 non
583 1069 707 1110 videt.
766 1071 867 1111 Non
889 1069 1015 1118 enim,
1038 1069 1071 1109 si
1100 1069 1168 1109 alii
1201 1070 1254 1110 ad
1281 1070 1361 1110 alia
1380 1071 1672 1125 propensiores

242 1126 325 1167 sint
344 1136 516 1181 propter
532 1141 676 1167 causas
689 1126 920 1176 naturales,
942 1132 977 1157 16
988 1134 1030 1166 et
1045 1125 1352 1176 antecedentes,
1368 1126 1526 1167 idcirco
1543 1128 1671 1169 etiam

241 1193 479 1224 nostrarum
500 1183 763 1224 voluntatum
789 1192 914 1238 atque
947 1182 1252 1237 appetitionum
1273 1193 1370 1224 sunt
1390 1198 1526 1224 causae
1547 1192 1670 1225 natu-

111 1238 347 1287 p.142.rales
378 1248 419 1280 et
448 1239 758 1280 antecedentes.
789 1254 885 1279 nam
912 1238 1014 1279 nihil
1041 1247 1148 1279 esset
1169 1239 1211 1279 in
1233 1249 1373 1280 nostra
1392 1248 1614 1294 potestate,
1636 1241 1670 1282 si

199 1301 228 1321 a.
240 1310 303 1336 res
334 1295 391 1336 ita
422 1310 466 1336 se
492 1294 680 1336 haberet.
710 1308 819 1336 nunc
839 1309 934 1336 vero
955 1296 1150 1346 fatemur,
1170 1296 1283 1336 acuti
1312 1295 1567 1346 hebetesne3
1598 1312 1669 1337 va-

235 1351 369 1393 lentes
395 1351 650 1393 imbecilline
676 1351 821 1402 simus,
843 1367 926 1392 non
957 1366 1047 1392 esse
1077 1351 1119 1391 id
1149 1352 1190 1392 in
1220 1352 1354 1392 nobis.
1413 1353 1500 1408 Qui
1526 1360 1668 1394 autem

235 1422 287 1448 ex
318 1423 369 1449 eo
401 1408 499 1463 cogi
531 1417 666 1464 putat,
688 1422 740 1448 ne
760 1417 807 1449 ut
829 1408 1048 1449 sedeamus
1078 1408 1264 1463 quidem,
1286 1418 1359 1449 aut
1386 1408 1667 1461 ambulemus,

233 1465 461 1506 voluntatis
489 1479 579 1506 esse
598 1480 608 1514 3
641 1465 674 1505 is
706 1479 790 1505 non
821 1465 946 1515 videt,
970 1472 1003 1501 17
1024 1479 1118 1519 quae
1139 1479 1349 1519 quamque
1371 1479 1458 1505 rem
1480 1480 1544 1506 res
1565 1480 1667 1506 con-

234 1530 444 1576 sequatur.
507 1523 570 1562 Ut
590 1522 700 1561 enim
722 1531 764 1562 et
785 1521 990 1575 ingeniosi
1012 1531 1055 1561 et
1075 1521 1183 1561 tardi
1210 1521 1268 1561 ita
1299 1531 1522 1562 nascantur
1547 1532 1666 1563 ante-

233 1578 480 1618 cedentibus
501 1578 651 1628 causis,
671 1578 857 1632 itemque
878 1577 1075 1627 valentes,
1097 1587 1140 1618 et
1159 1577 1360 1618 imbecilli
1380 1595 1389 1618 :
1422 1593 1504 1619 non
1525 1578 1665 1633 sequi-

232 1642 303 1674 tur
322 1643 478 1684 tamen,
501 1644 548 1675 ut
578 1634 704 1674 etiam
735 1634 893 1684 sedere,
915 1642 956 1675 et
987 1634 1217 1684 ambulare,
1245 1643 1288 1674 et
1318 1649 1406 1674 reni
1436 1648 1561 1689 agere
1590 1634 1666 1675 ali-

172 1705 375 1747 mquam,
394 1690 694 1746 principalibus
715 1690 849 1731 causis
869 1690 1087 1730 definitum
1108 1699 1150 1730 et
1168 1690 1444 1730 constitutum
1468 1692 1534 1730 sit.
1565 1690 1665 1731 Stil-

229 1761 400 1803 ponem,
422 1748 673 1802 Megareum
703 1746 1020 1802 philosophum,
1042 1755 1213 1786 acutum
1243 1760 1340 1786 sane
1368 1746 1600 1796 hominem,
1622 1755 1665 1788 et

228 1805 455 1858 probatum
478 1803 740 1858 temporibus
759 1803 840 1843 illis
858 1802 1112 1858 accepimus.
1174 1803 1303 1843 Hunc
1325 1802 1513 1843 scribunt
1532 1803 1663 1858 ipsius

228 1860 454 1901 familiares
474 1868 516 1900 et
535 1859 763 1909 ebriosum,
777 1867 818 1899 et
840 1859 1113 1900 mulierosum
1136 1858 1264 1898 fuisse
1281 1875 1290 1898 τ
1312 1872 1446 1914 neque
1463 1858 1545 1900 hoc
1560 1860 1663 1900 scri-

227 1916 333 1957 bunt
354 1917 649 1971 vituperantes,
671 1916 743 1957 sed
771 1915 912 1970 potius
942 1915 994 1956 ad
1024 1915 1207 1955 laudem.
1240 1915 1430 1956 vitiosam
1451 1916 1565 1956 enim
1586 1931 1661 1957 na-

226 1982 365 2013 turam
397 1973 451 2013 ab
479 1987 529 2012 eo
557 1973 615 2012 sic
647 1972 876 2012 edomitam
898 1981 941 2013 et
967 1985 1251 2026 compressam
1275 1985 1363 2012 esse
1384 1971 1591 2023 doctrina,
1615 1981 1662 2014 ut

226 2044 351 2070 nemo
373 2043 574 2084 umquam
598 2028 856 2069 vinolentum
878 2028 1013 2079 illum,
1033 2042 1159 2068 nemo
1186 2027 1228 2068 in
1253 2042 1304 2069 eo
1332 2028 1517 2069 libidinis
1537 2028 1658 2070 vesti-

223 2086 345 2140 gium
367 2085 528 2126 viderit.
590 2085 735 2126 Quid?
766 2086 985 2125 Socratem
1006 2099 1143 2125 nonne
1162 2083 1359 2139 legimus,
1381 2084 1658 2140 quemadmo-

219 2140 326 2183 dum
362 2142 517 2182 notarit
552 2142 763 2197 Zopyrus,
799 2141 1162 2198 physiognomon,
1199 2141 1270 2196 qui
1306 2155 1348 2181 se
1382 2141 1660 2196 profitebatur

222 2197 446 2239 hominum
472 2212 609 2238 mores
640 2206 893 2253 naturasque
913 2213 963 2238 ex
983 2211 1172 2253 corpore,
1194 2197 1342 2245 oculis,
1362 2197 1496 2247 vultu,
1517 2197 1656 2238 fronte

221 2255 499 2310 pernoscere?
531 2254 748 2309 stupidum
769 2268 858 2294 esse
883 2255 1101 2295 Socratem
1123 2253 1242 2305 dixit,
1259 2262 1300 2294 et
1321 2253 1516 2303 bardum,
1538 2253 1656 2309 quod

215 2311 372 2367 jugula
402 2325 584 2352 concava
604 2325 688 2351 non
708 2311 882 2352 haberet
903 2327 912 2351 ε
942 2311 1179 2351 obstructas
1200 2325 1268 2351 eas
1288 2319 1442 2365 partes,
1463 2320 1506 2351 et
1526 2311 1653 2351 obtu-

220 2378 331 2408 ratas
353 2382 443 2408 esse
463 2366 631 2409 dicebat
650 2382 662 2417 3
684 2367 848 2408 addidit
864 2368 1006 2418 etiam,
1027 2366 1302 2408 mulierosum
1323 2383 1332 2408 :
1363 2366 1406 2406 in
1427 2380 1512 2422 quo
1531 2366 1653 2407 Alci-

160 2428 176 2460 1
189 2429 203 2458 1
219 2423 364 2464 biades
384 2423 638 2464 cachinnum
659 2423 814 2464 dicitur
833 2423 1065 2465 sustulisse.
1106 2422 1190 2464 Sed
1212 2423 1302 2464 haec
1322 2437 1373 2463 ex
1392 2421 1652 2463 naturalibus

220 2479 356 2520 causis
378 2480 474 2520 vitia
496 2480 608 2521 nasci
634 2488 813 2535 possunt
834 2497 843 2521 ι
874 2479 1091 2535 exstirpari
1112 2488 1254 2519 autem
1274 2487 1316 2519 et
1335 2478 1522 2519 funditus
1544 2478 1652 2530 tolli,

263 2590 300 2615 13
324 2590 357 2613 ur
373 2585 482 2615 Nemea
498 2584 609 2624 potius]
629 2583 680 2615 Sc.
695 2585 770 2624 quia
785 2585 910 2624 propin·
954 2593 1038 2619 eam,
1054 2593 1127 2622 quae
1143 2584 1181 2612 ad
1197 2583 1357 2612 theatrum
1373 2581 1442 2620 ejus
1458 2589 1532 2612 erat.

215 2628 309 2667 quior
323 2637 421 2665 quam
437 2628 591 2657 Isthmus.
1001 2631 1038 2656 16
1061 2632 1088 2655 et
1103 2625 1312 2665 antecedentes]
1336 2625 1419 2656 Ouae
1434 2626 1464 2655 vi
1480 2635 1537 2656 sua
1552 2626 1649 2656 effici-

264 2678 301 2700 14
330 2669 459 2710 D{J'unge
482 2669 605 2709 longius]
631 2670 682 2699 Sc.
705 2669 788 2705 loca,
811 2677 910 2708 quam
954 2675 1008 2698 ant
1024 2678 1101 2698 rem-

214 2713 340 2745 Nemea
355 2719 384 2742 et
401 2712 544 2743 Isthmus
558 2713 700 2750 dijuncta
714 2718 801 2742 sunt.
998 2717 1032 2746 17
1059 2721 1125 2752 quae
1141 2721 1282 2752 quamque
1298 2721 1357 2739 rem
1379 2721 1423 2740 res
1445 2709 1644 2752 consequatur]

261 2763 297 2787 15
322 2755 352 2784 in
375 2755 488 2794 porticu
511 2754 653 2794 Pompeit]
682 2754 789 2784 Plures
815 2754 909 2793 porti-
953 2754 1004 2784 Sic
1028 2754 1108 2784 Mss.
1131 2754 1238 2783 Daxis.
1262 2754 1358 2783 etiarn
1381 2753 1488 2785 Guelf.
1504 2755 1582 2784 etin
1600 2763 1646 2785 m.

212 2808 270 2829 cus
295 2798 481 2838 magnificas
506 2804 661 2833 struxerat
685 2797 853 2836 Pompeius
877 2807 908 2826 v.
951 2798 1001 2827 ed.
1017 2797 1128 2827 Lamb.
1145 2797 1214 2827 edd.
1230 2806 1277 2836 pr.
1293 2803 1327 2826 ut
1343 2796 1423 2828 Ven.
1441 2802 1532 2832 1471.
1553 2804 1646 2830 1494.

212 2842 251 2872 de
264 2841 356 2872 Offic.
371 2841 415 2880 11,
431 2847 481 2876 17.
496 2841 530 2872 h.
540 2840 562 2872 l.
577 2841 747 2872 Turnebus
762 2840 910 2881 intelligit
953 2842 1012 2871 διο.
1026 2840 1123 2880 vulgo
1139 2850 1196 2870 rem
1212 2840 1379 2871 omittitur.
