1778 3095
561 205 736 242 LIBER
764 204 1097 243 SECUNDUS.
1442 183 1518 245 46⁵

89 310 241 367 inquit,
262 314 513 355 carminibus
533 313 670 363 Arati,
691 312 765 362 eis,
791 327 886 368 quae
905 328 930 353 a
951 322 992 354 te
1013 312 1243 354 admodum
1275 313 1520 356 adolescen-

90 368 183 409 tulo
209 383 419 421 conversa,
440 370 498 410 ita
523 383 592 409 me
623 368 847 419 delectant,
869 370 966 424 quia
997 371 1147 410 Latina
1177 378 1288 420 sunt3
1309 377 1357 410 ut
1385 371 1519 412 multa

90 438 141 464 ex
158 425 208 466 iis
229 427 432 467 memoria
451 433 630 466 teneam.
690 427 820 480 Ergo,
841 435 890 466 ut
918 426 1052 466 oculis
1081 433 1119 457 13
1135 425 1299 467 assidue
1329 425 1518 467 videmus

91 481 178 522 sine
199 483 285 523 ulla
305 483 549 533 mutatione,
570 491 644 523 aut
665 483 873 531 varietate,

200 562 317 598 Cetera
335 561 496 598 labuntur
514 561 608 597 celeri
626 562 774 598 caelestia
796 570 897 605 motu,

199 615 284 652 Cum
303 616 444 665 cceloque
462 614 564 650 simul
581 624 749 665 noctesque
765 614 896 665 diesque
901 614 1082 662 feruntur,

88 703 267 744 quorum
289 689 646 744 contemplatione
676 689 830 730 nullius
853 689 1010 745 expleri
1034 698 1177 745 potest
1194 690 1374 741 animus,
1396 699 1516 732 natu·
1535 695 1604 725 105

88 759 145 786 rae
166 745 445 786 constantiam
469 745 605 786 videre
626 747 845 802 cupientis.

194 826 437 876 Extremusque
455 825 534 862 adeo
553 826 677 877 duplici
694 825 734 862 de
752 825 887 863 cardine
905 835 1026 863 vertex

195 879 334 915 Dicitur
351 892 419 916 esse
431 879 541 930 polus.

89 954 216 995 Hunc
237 956 394 996 circum
411 954 535 1012 ἄρκτοι
557 956 651 997 duae
674 956 877 1006 feruntur,
899 970 1130 1012 numquam
1151 956 1406 1000 occidentes.

193 1033 252 1068 Ex
271 1033 321 1069 his
339 1034 449 1070 altera
467 1032 562 1084 apud
580 1033 698 1069 Graios
723 1033 893 1082 Cynosura
912 1042 1069 1075 vocatur,

192 1086 313 1122 Altera
332 1086 454 1122 dieitur
473 1099 540 1123 esse
559 1086 675 1123 Helice
693 1103 702 1130 3

85 1156 207 1212 cujus
226 1157 397 1212 quidem
417 1153 667 1200 clarissimas
688 1158 827 1200 stellas
849 1159 948 1200 totis
969 1159 1164 1200 noctibus
1181 1160 1404 1211 cernimus,
1528 1169 1559 1232 Ξ·
1574 1165 1625 1194 4⁷·

198 1237 291 1286 Quas
309 1239 411 1275 nostri
430 1249 547 1290 septem
565 1240 652 1277 soliti
670 1242 818 1277 vocitare
841 1241 988 1277 Triones.

89 1308 346 1366 Paribusque
368 1311 499 1352 stellis
528 1313 719 1354 similiter
749 1313 955 1355 distinctis
984 1314 1168 1355 eundem
1199 1314 1291 1355 caeli
1321 1315 1518 1357 verticem
1537 1316 1611 1353 '206

87 1363 239 1406 lustrat
257 1381 382 1422 parva
402 1367 637 1424 Cynosura.
1446 1387 1449 1390 '

193 1447 400 1494 Hacfidunt
415 1448 496 1485 duee
514 1459 673 1485 nocturna
697 1448 866 1485 Phaeniccs
886 1451 919 1485 in
936 1450 1016 1487 alto.

194 1500 265 1538 Sed
274 1502 367 1552 prior
385 1503 445 1538 illa
466 1503 574 1551 magis
594 1503 695 1538 stellis
715 1502 872 1539 distinctu
893 1504 1049 1553 refulget,

193 1555 241 1591 Et
260 1555 328 1591 late
342 1556 453 1605 prima
472 1557 640 1603 coufestim
660 1570 682 1592 α
702 1567 790 1592 noete
808 1556 957 1594 videtur.

192 1608 282 1644 Haec
300 1622 380 1645 vero
392 1620 512 1659 parva
531 1619 579 1645 est
593 1626 605 1645 :
636 1609 695 1645 sed
710 1610 820 1646 nautis
842 1624 919 1645 usus
939 1611 973 1646 in
993 1609 1056 1646 hac
1073 1620 1132 1648 est.

191 1661 286 1697 Ichm
305 1675 404 1698 cursu
423 1663 574 1699 interiore
595 1662 692 1699 brevi
710 1664 916 1699 con-vertitur
933 1663 1019 1700 orbe.

84 1736 140 1776 Et
157 1749 242 1791 quo
262 1735 317 1778 sit
336 1750 478 1777 earum
497 1736 711 1777 stellarum
732 1736 1020 1777 admirabilior
1040 1736 1283 1793 adspectus,

1529 1774 1598 1822 42

191 1816 268 1851 Has
288 1816 384 1859 inter,
404 1817 512 1852 ‘veluti
532 1815 647 1866 rapido
666 1829 739 1851 cum
754 1816 895 1866 gurgite
902 1817 1050 1864 flumen,

193 1869 318 1905 Torvu'
339 1870 454 1906 Draco
473 1872 586 1919 serpit,
607 1868 719 1906 subter
737 1881 903 1920 supraque
921 1871 1096 1908 revolvens

192 1921 282 1965 Sese,
300 1922 532 1973 conficiensque
549 1924 641 1959 siuus
660 1936 676 1958 e
694 1933 820 1972 corpore
825 1924 958 1970 flexas.

86 2002 124 2025 14
138 1994 241 2050 Ejus
260 2010 358 2036 oum
379 1997 507 2037 totius
528 2007 592 2037 est
611 1997 812 2052 praeclara
831 1998 1003 2052 species,
1024 1998 1064 2038 in
1085 1999 1228 2054 primis
1250 1998 1515 2054 suspicienda
1531 2010 1603 2051 107

82 2059 147 2092 est
166 2052 301 2107 figura
317 2053 465 2108 capitis
485 2062 611 2109 atque
630 2054 753 2094 ardor
774 2054 1010 2095 oculorum.

191 2132 285 2168 Huic
302 2146 364 2167 non
383 2146 451 2168 unu
471 2132 561 2169 modo
578 2142 678 2183 caput
697 2146 817 2170 ornans
838 2134 935 2171 stella
959 2135 1092 2180 relucet,

191 2185 311 2222 Verum
329 2195 474 2236 tempora
491 2196 568 2222 sunt
587 2185 710 2236 duplici
711 2187 855 2236 fulgore
875 2197 1005 2232 notata,

190 2239 223 2274 E
238 2238 451 2289 trucibusque
468 2239 568 2276 oeulis
586 2238 650 2275 duo
655 2240 804 2289 fervida
824 2240 952 2278 lumina
965 2242 1143 2291 flagrant,

186 2295 300 2342 Atque
313 2306 378 2328 uuo
393 2303 536 2329 mentum
555 2293 707 2330 radianti
725 2293 828 2330 sidere
845 2294 930 2330 lucet
947 2311 958 2330 .-

191 2345 367 2395 Obstipum
387 2356 501 2396 caput,
519 2357 549 2383 et
569 2347 661 2383 tereti
680 2348 804 2383 cer-vice
822 2347 980 2394 reflexum

192 2398 359 2435 Obcutum
380 2400 414 2435 in
432 2399 545 2436 cauda
566 2400 698 2447 majoris
705 2400 818 2450 figere
836 2401 939 2438 dicas,

81 2474 137 2514 Et
169 2472 376 2529 reliquum
411 2474 583 2530 quidem
615 2489 768 2530 corpus
798 2475 991 2517 draconis
1024 2475 1125 2517 totis
1156 2478 1352 2520 noctibus
1379 2479 1514 2521 cerni·
1532 2483 1602 2515 108

83 2542 204 2578 mus;

188 2606 262 2642 Hoc
274 2617 375 2656 caput
392 2607 445 2644 hta
457 2609 613 2659 paullum
628 2622 707 2652 sese,
726 2609 899 2660 subitoque
915 2609 1071 2648 recondit.

190 2658 296 2696 Ortus
314 2659 372 2696 ubi
389 2671 489 2711 atque
505 2661 613 2699 obitus
636 2670 670 2693 1⁵
678 2673 778 2714 parte
795 2663 1019 2701 admiscentur
1035 2665 1071 2701 in
1086 2678 1168 2703 una.

124 2771 161 2797 13
176 2766 289 2798 assidue
313 2765 456 2807 videmus]
481 2769 532 2800 Sc.
547 2770 652 2802 stellas
674 2771 774 2802 fixas:
818 2778 891 2809 rum,
908 2773 993 2811 quod
1006 2773 1194 2812 respondeat
1213 2774 1254 2812 τῷ
1269 2785 1342 2805 cum.

79 2815 156 2848 puto
170 2811 306 2842 verbum
321 2809 448 2850 aliquod
470 2813 632 2851 excidisse,
650 2824 676 2844 e.
693 2823 721 2844 c.
736 2813 774 2843 il-
864 2822 901 2846 15
919 2822 1008 2854 parte
1030 2816 1223 2846 admiscentur
1239 2817 1269 2845 in
1284 2816 1359 2858 una]
1378 2818 1396 2849 i.
1414 2829 1440 2849 e.
1458 2820 1513 2850 ubi

82 2850 138 2882 las.
816 2858 920 2887 oriens
949 2865 981 2888 et
1008 2859 1156 2889 occidens
1192 2860 1444 2899 conjunguntur.
1476 2863 1514 2894 do

125 2901 164 2925 14
178 2895 252 2934 Ejus
266 2906 330 2926 cum
347 2895 434 2925 totius
447 2907 470 2926 e.
481 2902 516 2935 p.
532 2897 646 2935 species,
663 2898 693 2928 in
711 2898 776 2938 p'ri-
817 2899 916 2939 plagis
929 2901 1001 2932 coeli
1017 2911 1121 2933 sermo
1137 2907 1193 2933 ωσι.

82 2935 150 2977 mis]
168 2937 248 2968 Puto
263 2946 336 2971 ante
350 2938 381 2968 in
390 2938 498 2978 primis
513 2940 693 2973 addendum
707 2951 776 2973 esse

135 2992 249 3022 vos„
272 2995 343 3024 xv.
364 2995 405 3024 P.
425 2994 460 3023 1.
852 2995 884 3024 u
907 2982 933 3025 h
