1768 3095
597 115 777 154 LIBER
803 116 1043 154 PRIMUS.
1508 126 1539 165 9·

106 225 271 269 Graecia
300 222 530 268 desideret:
558 231 605 268 et
633 221 809 264 eandem
839 222 1009 279 quidem
1044 223 1292 265 sententiam
1331 228 1535 282 sequitur,

104 297 231 340 quam
251 292 312 324 tu.
332 296 428 326 nam
446 280 640 321 Aristum
665 279 846 321 Athenis
873 280 1032 321 audivit
1059 280 1315 336 aliquandiu,
1337 285 1457 340 cujus
1487 295 1536 328 tu

103 340 274 382 fratrem
304 337 580 380 Antiochum.
610 337 886 393 quamobrem
919 337 986 388 da,
1020 351 1178 392 quaeso,
1208 346 1251 378 te
1282 337 1381 379 huic
1408 341 1535 384 etiam

103 397 247 452 generi
265 395 494 437 litterarum
502 425 511 434 .

160 453 268 494 Tum
302 450 386 503 ille,
423 452 538 492 Istuc
574 451 744 507 quidem
781 450 1071 502 considerabo,
1111 465 1187 491 nec
1225 465 1320 491 vero
1356 451 1444 492 sine
1477 461 1579 504 te.4

105 508 188 550 Sed
215 508 266 548 de
295 516 337 549 te
367 509 460 563 ipso
489 508 592 564 quid
620 516 698 559 est,
729 507 880 563 inquit,
907 507 1022 563 quod
1047 506 1203 548 audio?
1237 509 1448 564 Quanam,
1470 509 1534 550 in-
1552 533 1595 565 13

105 579 243 621 quam,
277 563 329 605 de
359 566 433 605 re?
467 565 672 606 Relictam
702 578 726 604 a
757 573 800 605 te
832 573 1010 605 veterem
1035 565 1142 620 jam,
1172 564 1333 620 inquit:
1366 566 1536 608 tractari

103 629 242 662 autern
278 635 441 662 novam.
499 622 644 664 Quid?
676 635 794 676 ergo,
823 621 1008 677 inquam,
1029 629 1070 653 30
1083 621 1302 662 Antiocho
1331 621 1373 662 id
1398 622 1534 678 magis

101 677 277 727 licuerit,
313 686 457 719 nostro
491 678 701 728 familiari,
738 678 964 733 remigrare
1001 678 1043 719 in
1079 677 1255 719 domum
1291 687 1471 719 veterem
1511 694 1535 720 e

103 747 221 784 nova,
255 748 382 789 quam
416 734 538 776 nobis
572 735 616 776 in
649 749 800 775 novam
836 749 858 775 e
891 736 1060 775 vetere?
1098 743 1210 776 certe
1242 734 1355 775 enim
1390 749 1533 776 recen-
1547 754 1580 786 b.

99 789 260 831 tissima
277 801 589 847 quaeque,-sunt
619 800 821 841 correcta,
840 800 884 832 et
911 791 1133 832 emendata
1160 791 1356 832 maxime.
1387 806 1537 846 quam-

102 861 228 901 quam
248 847 452 888 Antiochi
471 849 672 904 magister
688 856 724 880 31
744 848 878 898 Philo,
897 862 1077 903 magnus
1096 848 1170 898 vir,
1189 856 1239 889 ut
1258 857 1305 889 tu
1324 848 1536 890 existimas

100 903 202 958 ipse,
222 914 396 958 negaret
421 904 463 945 in
491 905 621 956 libris,
651 904 782 960 (quod
810 920 952 946 coram
981 906 1107 947 ctiam
1138 919 1189 946 ex
1214 905 1306 960 ipso
1337 904 1535 946 audieba-

102 961 212 1013 mus)
235 960 338 1001 duas
358 961 610 1003 Academias
640 976 754 1013 esse3
785 976 1053 1017 erroremque
1083 976 1245 1011 eorum,
1266 962 1338 1017 qui
1368 961 1428 1002 ita
1454 977 1535 1017 pu-

100 1023 256 1067 tarunt,
277 1018 483 1073 coarguit.
542 1020 633 1070 Est,
652 1019 802 1074 inquit,
823 1028 872 1060 ut
891 1018 1020 1059 dicis:
1052 1018 1125 1058 sed
1155 1018 1348 1073 ignorare
1377 1027 1420 1058 te
1450 1034 1536 1060 non

100 1072 294 1124 arbitror,
317 1090 410 1130 quae
430 1083 469 1106 32
484 1085 630 1117 contra
650 1075 869 1116 Philonem
886 1075 1126 1116 Antiochus
1148 1075 1370 1130 scripserit.
1391 1083 1429 1107 3²3
1446 1076 1534 1116 Im-
1551 1094 1599 1126 14

102 1142 173 1170 mo
202 1144 298 1171 vero
328 1139 371 1172 et
399 1132 493 1181 ista,
521 1141 565 1173 et
591 1140 726 1173 totam
756 1142 936 1173 veterem
964 1131 1255 1182 Academiam,
1275 1139 1314 1163 34
1331 1146 1440 1188 aqua
1459 1133 1535 1173 ab-

100 1194 284 1227 sumtam
305 1187 392 1238 diu,
412 1189 599 1230 renovari
628 1203 654 1229 a
682 1198 738 1239 te,
759 1189 837 1230 nisi
864 1188 1092 1229 molestum
1123 1197 1201 1239 est,
1221 1189 1372 1230 velim:
1405 1198 1447 1230 et
1476 1189 1534 1230 si-

97 1242 204 1293 mul,
223 1243 468 1295 assidamus‚
488 1246 674 1300 inquam,
694 1245 729 1286 si
751 1245 927 1287 videtur.
987 1246 1095 1286 Sane
1123 1245 1236 1286 istud
1266 1245 1451 1301 quidem,
1471 1246 1535 1287 in-

130 1299 221 1339 uit:
252 1315 346 1340 sum
376 1302 487 1342 enim
515 1302 745 1342 admodum
775 1302 976 1343 infirmus.
1008 1302 1080 1342 sed
1113 1301 1339 1353 videamus,
1371 1302 1537 1343 idemne

147 1354 250 1396 ttico
282 1356 446 1410 placeat
474 1358 562 1398 fieri
589 1372 614 1398 a
642 1371 725 1407 me,
759 1357 874 1413 quod
899 1367 941 1397 te
968 1358 1071 1398 velle
1099 1358 1235 1399 video.
1293 1358 1407 1399 Mihi
1424 1373 1536 1410 vero,

101 1409 186 1451 ille.
216 1412 317 1466 quid
351 1423 416 1454 est
445 1414 571 1464 enim,
606 1413 723 1468 quod
755 1414 914 1464 malim,
951 1429 1077 1469 quam
1111 1428 1161 1455 ex
1195 1414 1412 1456 Antiocho
1443 1416 1536 1470 jam

99 1466 260 1521 pridem
293 1469 438 1509 audita
468 1469 703 1510 recordari?
736 1479 779 1512 et
812 1470 939 1510 simul
971 1470 1123 1521 videre,
1154 1471 1307 1512 satisne
1338 1485 1387 1511 ea
1417 1486 1536 1512 com-

100 1522 226 1563 mode
243 1523 328 1566 dici
348 1525 510 1580 possint
530 1526 704 1566 Latine?
737 1528 845 1583 Quae
866 1534 904 1558 3⁵
920 1541 1016 1567 cum
1049 1536 1186 1567 essent
1215 1527 1342 1577 dicta,
1363 1527 1406 1568 in
1436 1542 1539 1569 con-

101 1588 248 1634 spectu
265 1581 531 1622 consedimus
551 1596 712 1622 omnes.

157 1637 267 1678 Tum
306 1639 442 1680 Varro
475 1639 534 1679 ita
567 1652 738 1680 exorsus
776 1648 853 1680 est.
914 1640 1108 1681 Socrates
1145 1639 1250 1680 mihi
1283 1640 1458 1691 videtur,
1494 1639 1598 1690 id15

101 1692 215 1748 quod
235 1703 401 1736 constat
419 1695 526 1736 inter
543 1710 703 1746 omnes,
724 1696 883 1751 primus
903 1711 927 1737 a
946 1697 1070 1738 rebus
1100 1696 1291 1747 occultis,
1312 1706 1355 1737 et
1375 1697 1428 1737 ab
1447 1698 1538 1753 ipsa

102 1757 250 1791 natura
268 1751 478 1806 involutis,
498 1752 541 1792 in
560 1752 713 1808 quibus
744 1767 890 1793 omnes
909 1762 1007 1794 ante
1027 1768 1123 1794 eum
1146 1753 1386 1809 philosophi
1406 1761 1446 1785 36
1463 1769 1538 1796 00-

101 1807 244 1862 cupati
275 1808 458 1859 fuerunt,
485 1809 718 1850 avocavisse
749 1809 1078 1865 philosophiam,
1106 1820 1150 1851 et
1179 1810 1231 1851 ad
1258 1811 1386 1851 vitam
1418 1825 1539 1851 com-

100 1876 271 1904 munem
293 1865 535 1906 adduxisse:
568 1875 618 1907 ut
646 1865 698 1906 de
725 1867 964 1918 virtutibus,
985 1876 1028 1908 et
1055 1867 1179 1917 vitiis,
1201 1867 1457 1923 omninoque
1487 1867 1540 1908 de

100 1918 220 1960 bonis
251 1921 389 1972 rebus,
422 1932 465 1963 et
498 1922 619 1962 malis
650 1931 879 1978 quaereret:
912 1923 1096 1965 caelestia
1127 1932 1268 1964 autem
1298 1924 1360 1964 rel
1391 1925 1540 1979 procul

101 1988 189 2016 esse
219 1991 244 2016 a
275 1987 416 2019 nostra
446 1978 688 2033 cognitione
707 1986 744 2015 37
765 1989 967 2031 censeret,
987 1980 1065 2030 vel,
1094 1981 1128 2021 si
1156 1980 1338 2021 maxime
1367 1981 1541 2036 cognita

99 2116 249 2147 vitiosum
265 2127 330 2148 esse
345 2120 401 2148 viri
417 2120 589 2150 doctissimi
603 2120 798 2158 judicarunt.

840 2121 897 2150 ista
919 2132 992 2161 quae
1014 2129 1124 2153 contra
1145 2123 1312 2153 Philonem
1335 2125 1459 2163 scripsit
1473 2126 1541 2156 An-

101 2169 161 2189 nec
182 2162 269 2192 enim
292 2171 422 2193 sensum
446 2165 659 2194 commodum
684 2164 798 2193 habere

841 2165 978 2196 tiochus.

886 2214 925 2238 34
941 2220 1020 2250 aqua
1035 2208 1196 2238 absumtam
1218 2207 1285 2248 diu]
1303 2209 1355 2239 Sic
1378 2210 1448 2240 edd.
1463 2217 1538 2241 vett.

841 2251 900 2280 nisi
926 2252 1012 2289 quod
1031 2253 1112 2282 Ven.
1132 2259 1224 2284 1494.
1249 2252 1346 2282 habet
1368 2260 1538 2290 assumtam,

840 2294 926 2331 quod
949 2301 980 2323 et
1002 2295 1035 2324 in
1059 2295 1138 2324 Mss.
1155 2302 1200 2324 est
1222 2301 1394 2334 repertum.
1439 2296 1540 2327 Aldus

841 2337 926 2366 dedit
940 2349 959 2365 α
974 2347 1032 2378 qua
1055 2337 1154 2366 absum
1178 2338 1302 2374 tamdiu,
1320 2339 1405 2377 quod
1421 2345 1452 2368 et
1473 2338 1539 2376 alii,

840 2380 1053 2410 recentissime
1075 2380 1236 2417 Davisius,
1251 2381 1352 2410 secuti
1374 2388 1462 2417 sunt,
1480 2383 1540 2413 nisi

839 2423 925 2461 quod
953 2423 1069 2453 maluit
1085 2423 1217 2462 jamdiu.
1261 2423 1322 2454 Sed
1348 2426 1539 2456 sententiam

840 2466 902 2495 hoc
923 2475 989 2496 non
1015 2467 1222 2496 commodam
1242 2467 1350 2504 efficit,
1375 2477 1434 2497 nec
1458 2468 1540 2498 bene

840 2509 991 2539 convenit
1005 2510 1046 2548 τῷ
1062 2509 1210 2540 renovari.

101 2209 211 2241 potest.
257 2205 347 2235 Varie
378 2213 486 2236 autem
517 2208 669 2245 corrigere
699 2214 798 2236 tenta-

101 2254 194 2278 runt:
220 2247 299 2277 mihi
323 2248 426 2287 placet
449 2253 591 2280 maxime
615 2250 708 2280 lectio
723 2250 796 2280 Aldi

101 2289 182 2328 Nep.
203 2289 311 2319 Graeca
326 2291 475 2322 desideres.

142 2338 183 2363 30
199 2333 339 2362 Antiocho
363 2335 395 2363 id
418 2336 510 2375 magis
529 2333 661 2376 licuerit]
680 2335 713 2364 id
729 2336 797 2366 sine

101 2375 197 2406 dubio
216 2376 400 2408 delendum.
424 2388 502 2409 nam
525 2378 641 2408 licuerit
665 2379 796 2409 refertur

101 2418 139 2449 ad
153 2428 287 2457 sequens
301 2421 468 2459 remigrare.

144 2467 180 2491 31
201 2462 458 2502 Philo—negaret]
486 2465 537 2495 Sic
558 2466 625 2494 edd.
644 2465 796 2494 recentio-

102 2513 148 2534 res
163 2505 234 2534 inde
250 2515 268 2534 a
283 2506 365 2537 vict.
382 2507 513 2538 Mediol.
529 2515 560 2537 et
575 2508 648 2538 inde
663 2508 796 2539 Ascens.

102 2547 161 2577 ὅτε.
177 2548 296 2578 habent
310 2557 443 2589 negarat.
467 2551 540 2581 Ald.
556 2550 682 2590 negarit.
713 2551 797 2590 Lego

102 2598 177 2630 qum
194 2591 320 2621 Davisio
337 2599 433 2631 negat.

145 2639 195 2663 32.
226 2642 322 2663 contra
352 2635 515 2674 Philonem]
548 2636 599 2666 Sic
635 2637 683 2666 ed.
713 2637 795 2667 Ven-

102 2673 187 2707 Med.
202 2676 274 2706 Ald.
293 2679 351 2707 &c.
365 2686 459 2709 reete.
482 2680 666 2710 recentiores
683 2690 708 2708 c.
725 2680 796 2709 Phi-

102 2716 182 2765 lqnis,
208 2727 244 2749 ut
267 2720 460 2761 intelligatur
489 2722 640 2760 rationem,
667 2729 794 2753 senten-

104 2766 190 2792 tiam.

145 2810 184 2834 33
202 2805 290 2835 Immo
304 2817 376 2835 vero
389 2815 416 2836 et
431 2806 499 2846 ista]
520 2808 571 2838 Sic
588 2818 642 2847 pro
663 2808 794 2849 vulgato

101 2844 186 2875 istam
202 2849 234 2878 in
249 2849 334 2880 libris
349 2852 504 2883 veteribus
520 2852 632 2892 reperit
643 2852 793 2892 Ursinus,

883 2558 922 2583 35
941 2563 1003 2581 cum
1019 2559 1108 2582 essent
1122 2549 1216 2592 dicta]
1235 2559 1323 2582 essent
1337 2563 1394 2592 pro
1408 2553 1539 2593 vulgato

839 2601 904 2623 sunt
919 2602 974 2625 aut
989 2595 1048 2624 sint
1062 2605 1140 2626 cum
1163 2596 1291 2625 Davisio
1307 2596 1484 2636 recepimus
1498 2606 1539 2628 ex

840 2639 889 2668 ed.
904 2639 1035 2669 Ascens.

884 2686 924 2711 36
941 2681 1072 2721 occupati
1074 2679 1219 2722 fuerunt]
1237 2681 1329 2712 Forte
1344 2681 1460 2713 melius
1464 2681 1539 2723 fue-

838 2731 915 2753 ran!-

879 2772 917 2801 37
945 2766 1080 2805 censeret]
1112 2766 1260 2797 Davisius
1290 2776 1356 2797 non
1385 2767 1468 2798 bene
1497 2777 1539 2798 ex

836 2819 904 2839 uno
927 2809 990 2841 Ms.
1004 2809 1128 2840 Balliol.
1149 2810 1234 2840 dedit
1255 2816 1357 2840 censet.
1404 2809 1540 2841 Censcret

836 2852 975 2892 postulat
986 2853 1173 2894 conjunctio
1187 2861 1266 2886 cum
1281 2859 1435 2895 quereret.
