1778 3095
257 73 336 107 854

261 189 347 217 non
381 175 527 219 decet:
558 177 617 219 sic
647 179 832 236 gaudere
861 179 996 232 decet,
1026 181 1157 222 laetari
1187 195 1270 222 non
1299 178 1444 221 decet:

611 71 866 112 TUSCUL.
895 73 1335 112 QUAESTIONUM

1509 179 1682 221 uoniam

199 238 249 282 67
262 231 441 275 docendi
473 249 597 278 causa
627 251 651 277 a
682 237 840 292 gaudio
867 238 1054 279 laetitiam
1084 236 1395 293 distinguimus.
1454 236 1472 275 Ι
1508 235 1565 276 ud
1586 235 1678 291 jam

261 303 388 345 supra
423 290 617 343 diximus,
649 294 977 347 contractionem
1018 294 1142 335 animi
1182 303 1293 335 recte
1331 291 1418 333 fieri
1450 306 1678 348 numquam

259 359 398 401 posse,
427 347 651 390 elationem
682 350 833 405 posse:
874 351 994 393 aliter
1026 351 1135 392 enim
1168 350 1395 392 Naevianus
1426 348 1495 390 ille
1522 347 1684 404 gaudet

260 403 438 455 Hector,

734 486 813 523 Laet
817 500 855 522 us
874 501 912 522 sn
916 501 946 522 m

369 537 526 575 Laudari
546 551 594 575 me
610 538 672 575 abs
691 548 734 582 te,
752 549 862 589 pater,
881 539 1019 576 laudato
1035 540 1112 576 viro
1128 556 1138 576 .-

260 620 379 662 aliter
404 621 474 663 ille
495 622 608 677 apud
627 623 848 673 Trabeam,

365 703 477 739 Laena
496 702 634 739 delinita
652 712 789 752 argento
808 710 925 740 nutum
945 702 1136 741 observabit
1153 717 1270 748 meum,

371 755 468 804 Quid
481 756 598 799 velim,
620 756 704 807 qnid
719 755 869 793 studeam
888 772 896 793 ε
926 756 1107 794 adveniens
1126 757 1232 808 digito
1249 757 1413 808 impellam
1423 757 1571 804 januam
1587 772 1600 793 .·

365 808 461 844 Fores
474 808 651 858 patebunt.
679 808 720 845 de
736 810 912 860 improviso
934 810 1069 859 Chrysis
1090 811 1149 848 ubi
1166 824 1215 848 me
1232 811 1431 861 adspexerit,

364 861 500 898 Alacris
520 862 656 899 obviam
675 863 755 900 mihi
770 864 894 907 veniet,
912 865 1114 915 complexum
1131 871 1289 916 exoptans
1309 877 1432 909 meum,

366 914 462 951 Mihi
477 928 512 952 se
528 915 635 953 dedet.

258 999 401 1054 Quam
421 998 512 1041 haec
532 1000 678 1056 pulcra
697 1010 829 1057 putet,
851 1002 939 1058 ipse
953 1001 1043 1058 jam
1065 1001 1190 1055 dicet,

364 1077 545 1116 Fortunam
563 1080 670 1130 ipsam
689 1080 818 1118 anteibo
824 1082 978 1130 fortunis
997 1082 1086 1120 meis.

217 1214 248 1244 b.
260 1217 346 1247 tem
367 1209 532 1262 penitus
551 1210 700 1250 videre.

177 1146 246 1194 32
261 1150 368 1191 Haec
390 1150 535 1193 laetitia
555 1168 682 1209 quam
704 1154 837 1209 turpis
866 1154 934 1205 sit,
959 1164 975 1186 ⁵
991 1154 1091 1196 satis
1122 1163 1186 1196 est
1214 1155 1438 1211 diligenter
1465 1155 1684 1198 attenden-

759 1211 815 1252 Et
835 1220 882 1251 ut
901 1220 1044 1266 turpes
1065 1221 1177 1262 sunt,
1195 1212 1268 1267 qui
1282 1212 1459 1253 efferunt
1478 1227 1522 1254 se
1539 1213 1685 1255 laetitia

197 1258 247 1295 (58
261 1271 367 1313 tum,
388 1278 486 1304 cum
507 1266 704 1307 fruuntur
722 1267 922 1308 Venereis
949 1267 1236 1323 voluptatibus
1257 1285 1266 1309 :
1297 1268 1356 1310 sic
1375 1268 1588 1324 flagitiosi,
1609 1269 1683 1326 qui

258 1333 328 1360 eas
357 1319 616 1364 inflammato
646 1323 787 1364 animo
822 1324 1140 1379 concupiscunt.
1197 1325 1332 1367 Totus
1365 1339 1461 1366 vero
1489 1326 1581 1376 iste,
1612 1325 1685 1381 qui

258 1375 386 1431 vulgo
417 1379 651 1433 appeilatur
681 1395 814 1431 amor,
841 1383 947 1433 (nec,
976 1381 1161 1432 hercule,
1190 1381 1369 1433 invenio,
1399 1396 1486 1437 quo
1515 1382 1687 1424 nomine

256 1431 340 1473 alio
359 1435 494 1488 possit
516 1436 730 1492 appellari)
751 1445 880 1479 tantae
901 1437 1078 1479 levitatis
1100 1447 1177 1489 est,
1190 1447 1239 1480 ut
1255 1438 1360 1481 nihil
1376 1437 1552 1492 videam,
1569 1439 1686 1496 quod

258 1499 403 1544 putem
423 1492 740 1536 conferendum.
797 1495 939 1550 Quem
963 1494 1177 1546 Caecilius,

363 1591 416 1599 -—
429 1571 524 1609 deum
542 1575 600 1624 qui
618 1588 680 1611 non
698 1588 863 1617 summum
875 1584 984 1625 putet,

365 1626 438 1662 Aut
455 1627 611 1671 stultum,
631 1638 691 1664 aut
709 1641 819 1665 rerum
837 1641 904 1665 esse
921 1628 1106 1679 imperitum
1124 1629 1288 1666 existimet
1303 1644 1315 1665 .-

375 1683 394 1708 ⁶
411 1680 477 1718 Cui
494 1682 528 1717 in
547 1695 649 1718 manu
667 1682 722 1724 sit,
741 1694 834 1732 quem
853 1694 920 1718 esse
937 1681 1114 1719 dementem
1130 1683 1228 1724 velit,

377 1735 479 1783 Quem
498 1746 624 1785 sapere,
651 1741 665 1770 7
681 1748 774 1785 quem
792 1735 951 1779 insanire,
972 1749 1064 1786 quem
1084 1735 1119 1771 in
1137 1735 1285 1772 morbum
1304 1736 1409 1784 injici,

377 1790 483 1838 Quem
501 1799 615 1826 contra
633 1789 758 1833 amari,
779 1803 875 1839 quem
898 1789 1068 1832 arcessier,
1085 1790 1191 1840 expeti
1209 1802 1316 1840 quem.

196 1862 575 1920 690,praeclaram
603 1861 928 1903 emendatricem
958 1862 1068 1913 vitae,
1093 1862 1330 1918 poeticam!
1362 1877 1457 1920 quae
1485 1879 1690 1921 amorem,

260 1920 408 1976 flagitii
438 1929 482 1961 et
509 1919 688 1960 levitatis
716 1927 948 1969 auctorem,
982 1919 1024 1959 in
1058 1918 1239 1960 concilio
1267 1919 1444 1963 deorum
1473 1922 1688 1965 collocan-
1713 1948 1716 1951 ι

260 1977 364 2018 dum
384 1986 517 2033 putet.
576 1977 644 2017 De
665 1975 874 2017 comoedia
894 1976 1047 2032 loquor
1067 1992 1076 2017 :
1108 1991 1219 2032 quae,
1241 1977 1274 2018 si
1301 1976 1393 2019 haec
1420 1977 1579 2034 flagitia
1602 1994 1688 2022 non

257 2034 547 2089 probaremus,
581 2032 698 2073 nulla
731 2041 840 2073 esset
870 2032 1058 2073 omnino.
1116 2032 1234 2089 Quid
1271 2034 1362 2076 eait
1396 2049 1448 2076 ex
1479 2036 1689 2092 tragoedia

257 2090 450 2145 princeps
469 2089 539 2131 ille
560 2091 903 2145 Argonautarum
919 2090 933 2129 ?

368 2172 421 2208 Tu
442 2171 483 2206 m'
502 2170 621 2206 amoris
641 2169 764 2218 magis,
783 2182 884 2219 quam
906 2168 1032 2206 honoris
1051 2170 1238 2206 servavisti
1249 2170 1383 2219 gratia.
1422 2209 1425 2211 ,

258 2243 375 2300 Quid
403 2244 534 2298 ergo?
575 2241 643 2283 hie
674 2256 793 2282 amor
826 2240 994 2282 Medeae
1025 2249 1181 2298 quanta
1208 2241 1470 2284 miseriarum
1494 2244 1689 2289 excitavit

257 2299 473 2341 incendia!
506 2308 632 2353 atque
666 2313 713 2339 ea
740 2308 882 2339 tamen
911 2298 1025 2354 apud
1052 2298 1182 2339 alium
1212 2303 1382 2354 poetam
1410 2301 1520 2356 patri
1547 2301 1693 2346 dicere

256 2357 400 2408 audet,
421 2372 465 2397 se
486 2356 716 2411 conjugem
736 2354 933 2395 habuisse

301 2468 316 2492 5
342 2461 412 2490 saris
437 2466 477 2489 es!
500 2458 572 2497 δια]
592 2460 729 2489 Sensum
754 2459 815 2489 hoc
839 2466 949 2498 aptum

255 2503 327 2534 loco
354 2513 419 2533 non
446 2503 552 2532 efficit.
585 2502 701 2532 melius
716 2501 815 2541 fite-ile
838 2508 890 2537 est,
915 2509 951 2531 ut

254 2547 349 2576 edidit
365 2546 523 2576 Davisius.
546 2546 597 2575 cui
614 2553 722 2575 tamen
745 2552 775 2574 et
793 2544 951 2573 attendenti

255 2592 341 2629 aptiu
374 2596 453 2626 esset
468 2597 565 2627 quam
582 2588 785 2617 attendentem.

298 2638 318 2667 fi
334 2639 336 2641 ·
384 2632 393 2660 i
411 2632 439 2660 in
456 2643 541 2660 manu
557 2630 606 2669 sit]
624 2631 739 2669 Legarn
758 2629 860 2669 Cujus,
874 2639 949 2659 nam

254 2675 316 2705 hoc
332 2662 476 2705 usiiatius
492 2681 549 2709 est,
567 2683 624 2703 nec
641 2679 793 2713 repugnat
809 2680 920 2703 metro.

299 2725 313 2752 7
343 2729 426 2758 quem
453 2717 594 2749 insanire!
625 2717 772 2746 Davisius
798 2723 829 2746 et
856 2716 949 2746 Bent-

253 2760 333 2791 leius
347 2761 457 2796 sanari,
470 2760 620 2799 probante
637 2760 785 2789 Buherio.
801 2768 859 2798 ego
874 2768 949 2788 cau-

252 2813 322 2834 mm
336 2804 546 2834 necessariam
563 2813 628 2833 non
649 2803 749 2832 video.
795 2802 950 2833 Videntur

994 2460 1097 2498 potius
1119 2460 1172 2489 hic
1195 2458 1280 2489 mala
1297 2468 1384 2489 mera
1398 2468 1478 2496 esse,
1493 2466 1530 2489 ut
1545 2460 1579 2490 in
1593 2469 1624 2490 v.
1639 2470 1690 2492 se·

993 2509 1110 2540 quente
1126 2511 1213 2533 mera
1227 2503 1321 2532 bona.
1358 2502 1476 2532 Contra
1491 2502 1523 2532 in
1534 2510 1693 2542 sequente

993 2554 1023 2574 v.
1041 2545 1154 2576 melius
1170 2552 1260 2585 pum,
1276 2546 1309 2575 in
1326 2545 1390 2575 fine
1405 2555 1472 2576 esse
1487 2546 1634 2582 arcessier,
1651 2553 1690 2577 ut

993 2589 1106 2626 gradus
1132 2590 1195 2628 apti
1217 2589 1292 2625 sint,
1315 2588 1422 2625 amari,
1446 2588 1552 2627 capeti,
1569 2589 1693 2628 arcessi,

994 2632 1165 2669 praesertim
1181 2640 1258 2661 cum
1273 2638 1304 2661 et
1320 2631 1398 2661 Mss.
1414 2631 1655 2670 adstipulentur.

1037 2680 1054 2704 8
1078 2674 1122 2702 ai!
1149 2685 1184 2703 ex
1210 2673 1355 2713 tragoedia
1374 2672 1526 2713 princeps]
1553 2674 1634 2713 Lege
1655 2674 1691 2704 8⁰⁷1

993 2717 1149 2755 naga-dia,
1163 2724 1199 2747 ut
1214 2717 1372 2747 Davisius.
1393 2716 1425 2745 in
1440 2725 1532 2746 versu
1547 2726 1613 2756 seq.
1628 2727 1689 2747 ser·

991 2760 1109 2790 ‹va-visti
1133 2767 1234 2791 metro
1258 2761 1361 2800 aptius
1383 2765 1442 2797 est,
1463 2768 1563 2800 quam
1586 2769 1691 2790 ser-u·

991 2808 1038 2831 stt.
