1768 3095
232 80 308 118 106
536 80 608 118 DE
637 80 729 119 FIN
734 76 1021 120 IB.:BON0R1.‘
1037 81 1105 121 ET
1125 82 1342 122 JMALOR.

228 185 344 244 Quia
361 186 619 242 voluptatem
642 188 750 239 hanc
769 203 862 232 esse
890 190 1076 232 sentiunt
1096 203 1257 243 omnes,
1278 201 1404 246 quam
1426 204 1570 232 sensus
1589 206 1662 234 ac-

193 243 389 303 7cipiens
410 253 617 294 movetur,
637 256 682 286 et
704 245 972 301 jucunditate
1000 248 1181 302 quadam
1211 247 1489 304 perfunditur.
1546 248 1662 305 Quid

228 315 348 358 ergo,
368 300 491 342 istam
510 301 784 357 voluptatem,
804 304 954 360 inquit,
976 305 1182 360 Epicurus
1201 305 1395 361 ignorat?
1428 305 1530 345 Non
1551 316 1665 346 sem-

226 372 317 414 per,
347 358 534 413 inquam.
566 373 662 400 nam
693 359 904 402 interdum
940 361 1062 402 nimis
1092 362 1218 403 etiarn
1250 362 1377 411 novit,
1404 360 1560 417 quippe
1589 360 1665 417 qui

184 429 217 461 b.
228 414 489 465 testificetur,
512 429 563 457 ne
591 415 826 471 intelligere
856 417 1025 471 quidem
1057 432 1101 458 se
1129 432 1269 472 posse,
1287 418 1361 459 ubi
1383 418 1449 467 sit,
1470 427 1543 460 aut
1562 417 1664 474 quid

226 470 282 514 sit
301 470 436 513 ullum
457 471 632 522 bonum,
650 482 802 527 praeter
820 472 940 519 illud,
961 473 1076 529 quod
1103 475 1215 524 cibo,
1235 484 1277 515 et
1306 475 1495 529 potione,
1516 484 1559 514 et
1588 488 1665 515 au·

225 527 338 570 rium
358 527 657 578 delectatione,
678 538 722 570 et
749 529 952 571 obscoena
979 529 1192 587 voluptate
1220 531 1424 586 capiatur.
1480 531 1553 572 An
1572 530 1666 572 haec

228 584 284 626 ab
302 598 356 626 eo
377 599 461 627 non
482 585 708 627 dicuntur?
741 586 875 641 Quasi
897 600 992 628 vero
1021 600 1090 628 me
1109 587 1279 642 pudeat,
1300 587 1448 642 inquit,
1469 587 1664 637 istorum,

226 651 303 683 aut
339 654 425 682 non
469 642 644 698 possim,
684 642 1047 697 quemadmodum
1093 658 1144 685 ea
1186 643 1392 694 dicantur,
1428 644 1664 685 ostendere.

226 699 324 754 Ego
356 712 453 740 vero
486 713 568 740 non
600 697 766 749 dubito,
786 699 974 754 inquam,
1001 700 1102 754 quin
1134 699 1256 741 facile
1286 700 1449 754 possis:
1480 714 1556 740 nec
1586 708 1666 750 est,

227 753 343 811 quod
373 763 415 796 te
444 754 604 809 pudeat
630 755 809 810 sapienti
836 756 1052 805 assentiri3
1083 756 1158 811 qui
1177 770 1222 796 se
1241 770 1365 806 unus,
1385 756 1500 811 quod
1519 757 1667 806 sciam,

227 811 460 865 sapientem
481 811 667 865 profiteri
697 812 752 853 sit
783 826 923 854 ausus.
953 827 1050 853 nam
1082 811 1381 854 Metrodorum
1409 827 1494 854 non
1515 820 1666 867 putant

227 868 241 910 i
273 881 368 909 sum
386 867 654 923 professum:
684 868 772 919 sed,
793 883 891 911 cum
920 868 1205 924 appellaretur
1233 867 1287 910 ab
1317 869 1518 924 Epicuro,
1542 882 1669 924 repu-

228 882 537 966 diare-tantum
567 924 817 967 beneficium
851 926 1048 968 noluisse.
1107 926 1281 981 Septem
1310 937 1454 966 autem
1484 925 1561 975 illi,
1581 938 1667 970 non

192 992 324 1031 Ssuo,
344 980 420 1023 sed
438 981 695 1037 populorum
722 983 922 1038 suffragio
952 983 1144 1024 omnium
1174 982 1379 1024 nominati
1408 992 1520 1023 sunt.
1578 982 1666 1022 Ve⁴

228 1052 322 1078 rum
343 1036 425 1079 hoc
455 1035 552 1078 loco
582 1052 719 1089 sum0,
740 1039 875 1081 verbis
894 1039 957 1081 his
980 1047 1017 1072 13
1035 1039 1214 1081 eandem
1239 1049 1354 1080 certe
1371 1039 1455 1079 vim
1474 1038 1667 1092 volupta÷

226 1093 282 1137 tis
312 1094 545 1150 Epicurum
575 1109 714 1145 nosse,
744 1110 873 1151 quam
900 1104 1078 1138 ceteros.
1109 1110 1257 1137 omnes
1287 1095 1398 1136 enim
1427 1094 1668 1151 jucundum

226 1159 410 1201 motum,
433 1165 518 1206 quo
549 1165 694 1193 sensus
722 1152 938 1202 hilaretur,
957 1154 1110 1193 Graece
1138 1154 1269 1202 ἡδονὴν,
1294 1152 1444 1194 Latine
1472 1151 1668 1206 volupta-

226 1214 316 1248 tem
336 1215 501 1248 vocant.
559 1207 677 1264 Quid
696 1217 761 1250 est
781 1208 924 1263 igitur,
945 1209 1095 1265 inquit,
1115 1208 1230 1264 quod
1250 1208 1464 1264 requiras?
1497 1207 1668 1259 Dicam,

226 1264 415 1319 inquam,
433 1272 477 1304 et
508 1263 678 1318 quidem
709 1264 897 1306 discendi
926 1280 1054 1307 eausa
1083 1265 1233 1321 magis,
1254 1278 1382 1320 quam
1413 1278 1498 1320 quo
1517 1273 1572 1314 te,
1592 1270 1667 1306 aut

227 1320 460 1375 Epicurum
491 1319 791 1375 reprehensum
827 1321 965 1363 velim.
1025 1323 1121 1377 Ego
1157 1335 1342 1378 quoque,
1373 1320 1524 1376 inquit,
1556 1320 1668 1362 didi-

226 1375 356 1417 cerim
386 1376 602 1427 libentius,
634 1376 670 1418 si
703 1377 808 1433 quid
838 1379 1045 1427 attuleris,
1078 1393 1205 1434 quam
1235 1387 1278 1419 te
1313 1376 1667 1433 reprehenderim.

225 1433 417 1474 Tenesne
450 1432 595 1488 igitur,
630 1433 817 1489 inquam,
853 1434 1143 1491 Hieronymus
1184 1433 1374 1486 Rhodius,
1407 1433 1522 1490 quod
1556 1433 1669 1476 dicat

225 1502 318 1531 esse
351 1503 565 1530 summum
601 1490 776 1540 bonum,
815 1505 900 1547 quo
935 1500 1055 1546 putet
1090 1491 1233 1533 omnia
1264 1490 1666 1545 referrioportere?

225 1544 384 1596 Teneo,
415 1545 567 1601 inquit,
602 1546 727 1587 finem
759 1547 820 1589 illi
856 1547 1000 1598 videri,
1029 1547 1132 1589 nihil
1158 1547 1315 1589 dolere.
1374 1545 1519 1603 Quid?
1552 1546 1666 1588 idem

188 1601 305 1662 giste
323 1601 377 1643 de
396 1602 613 1657 voluptate
643 1603 747 1659 quid
777 1604 930 1645 sentit?
964 1605 1110 1659 Negat
1138 1617 1230 1645 esse
1257 1618 1366 1652 eam,
1394 1604 1547 1659 inquit,
1567 1601 1667 1657 prok

225 1666 320 1714 pter
339 1658 517 1713 seipsam
538 1659 832 1714 expetendam.
893 1660 1026 1702 Aliud
1046 1661 1178 1716 igitur
1197 1675 1289 1702 esse
1306 1669 1450 1702 censet
1464 1659 1668 1715 gaudere,

224 1713 339 1756 aliud
380 1729 465 1756 non
502 1713 658 1756 dolere.
719 1717 775 1756 Et
813 1716 999 1772 quidem,
1045 1717 1211 1773 inquit,
1232 1716 1502 1757 vehementer
1540 1724 1667 1758 errat.

224 1785 338 1821 nam,
358 1779 406 1812 ut
427 1770 573 1826 paullo
602 1782 701 1813 ante
729 1771 871 1823 docui,
893 1773 1096 1829 augendae
1125 1773 1352 1830 voluptatis
1377 1773 1469 1814 finis
1488 1772 1667 1822 est,·do··

224 1827 324 1869 loris
353 1827 491 1869 omnis
523 1828 698 1870 amotio.
758 1831 858 1871 Non
889 1830 1046 1880 dolere,
1072 1830 1260 1886 inquam,
1279 1829 1392 1871 istud
1424 1827 1665 1885 quam=viin

223 1883 394 1934 habeat,
415 1893 563 1938 postea
581 1885 751 1927 videro:
782 1885 908 1927 aliam
938 1901 1034 1927 vero
1064 1887 1146 1927 vim
1171 1886 1520 1941 voluptatisesse,
1539 1885 1666 1927 aliam

225 1939 329 1981 nihil
350 1939 535 1991 dolendi,
558 1941 635 1982 nisi
655 1942 772 1983 valde
792 1944 981 1997 pertinax
1012 1943 1155 1992 fueris,
1175 1942 1382 1984 concedas
1401 1949 1668 1987 necesseest‘,

225 1996 360 2052 Atqui
381 1996 575 2051 reperies,
595 1998 746 2054 inquit,
765 1999 807 2039 in
835 1998 916 2041 hoc
947 1999 1119 2055 quidem
1149 2000 1420 2055 pertinacem.
1451 1998 1534 2039 dici
1552 1998 1667 2040 enim

101 2072 147 2103 ,p.
162 2065 213 2092 66.
226 2052 332 2094 nihil
346 2062 486 2109 potest
504 2055 654 2096 verius.
711 2057 841 2096 Estne
860 2070 1019 2112 quaeso,
1039 2057 1226 2112 inquam,
1244 2055 1399 2097 sitienti
1419 2055 1462 2095 in
1483 2054 1668 2096 bibendo

184 2113 213 2134 a.
226 2108 450 2165 voluptas?
486 2119 524 2142 14
541 2111 650 2153 Quis
684 2111 812 2161 istud,
846 2112 997 2168 inquit,
1031 2121 1174 2168 posset
1208 2125 1376 2166 negare.
1435 2110 1666 2163 Eademne3

224 2165 413 2221 inquam,
432 2181 526 2221 quae
548 2168 747 2209 restincta
762 2168 859 2209 siti?
883 2170 1024 2210 Immo
1044 2170 1126 2210 alio
1145 2181 1316 2224 genere.v
1335 2168 1540 2212 restincta·
1553 2167 1665 2210 enim

225 2222 330 2272 sitis,
364 2223 639 2265 stabilitatem
676 2225 903 2280 voluptatis
936 2226 1080 2277 habet,
1113 2224 1278 2280 inquit:
1314 2224 1388 2266 >illa
1418 2235 1571 2266 autem
1592 2233 1666 2266 voa

219 2278 365 2334 ·luptas
385 2279 515 2335 ipsius
535 2281 832 2332 restinctionis,
852 2282 894 2323 in
915 2290 1038 2323 motu
1066 2289 1142 2322 est.
1205 2279 1295 2322 Cur
1313 2280 1458 2337 igitur,
1478 2280 1667 2337 inquam,

165 2349 214 2382 10
225 2349 290 2377 res
328 2344 416 2377 tam
451 2336 676 2379 dissimiles
712 2338 862 2380 eodem
899 2338 1068 2380 nomine
1106 2337 1343 2394 appellas?
1368 2337 1486 2392 Quid
1505 2336 1667 2393 .‹.P.?¹.,1.110

224 2400 337 2442 ante,
356 2392 508 2448 inquit,
529 2393 722 2444 dixerim,
741 2409 879 2436 nonne
899 2394 1140 2444 meministi,
1160 2408 1258 2435 cum
1289 2394 1429 2445 omnis
1445 2392 1667 2436 .dolor.=de·-

223 2452 384 2489 tractus
404 2458 528 2500 esset,
550 2450 710 2502 variari,
732 2466 817 2492 non
847 2451 995 2507 augeri
1020 2450 1281 2506 voluptatem
1293 2450 1529 2503 ¹?{‘·⁶Me⁵1‘nini
1547 2450 1665 2504 iser-03

221 2502 410 2560 inquam.
443 2505 518 2547 sed
548 2516 596 2548 tu
627 2507 736 2549 istuc
758 2506 861 2549 dixti
881 2508 990 2549 bene
1010 2507 1174 2555 Latine,
1195 2501 1668 2564 pannnplar'ie‘varie-

223 2568 286 2605 tas
307 2561 419 2603 enim
440 2562 643 2604 Latinum
671 2564 846 2606 verbum
876 2574 955 2616 est,
975 2564 1102 2621 idque
1130 2563 1311 2622 proprie.
1327 2557 1498 2620 quidem
1517 2555 1561 2605 in
1581 2555 1666 2606 dis-

1009 2644 1012 2645 i
1069 2642 1071 2645 ,
1200 2630 1213 2647 ’,
1238 2631 1243 2646 t
1267 2640 1291 2653 aa
1306 2632 1361 2647 ··..·
1432 2633 1481 2648 ω.
1506 2637 1561 2659 ...Ὺ
1580 2631 1610 2652 ,31

230 2682 235 2692 ³
268 2689 307 2716 la
324 2682 440 2713 eandem
456 2693 489 2714 ν.
505 2694 540 2715 ν.
559 2684 720 2723 Epicurum
739 2683 832 2725 nosse]
849 2696 926 2716 nosse
969 2685 1072 2725 magis
1096 2684 1203 2727 placet!
1225 2686 1289 2729 legi.
1313 2671 1669 2734 norafsesziits'c-oiiiji't

222 2725 289 2756 vim
314 2725 477 2767 voluptatis
498 2727 588 2757 verbo
611 2733 778 2769 utcunque
800 2729 925 2759 defendi
968 2727 1129 2761 Davisius.
1306 2758 1320 2770 ,ί
1349 2724 1371 2760 '2
1400 2728 1403 2732 “
1455 2725 1463 2734 ‘
1500 2725 1505 2763 ⁵.
1551 2725 1560 2745 ”
1584 2724 1613 2762 “.

223 2775 336 2809 potest,
360 2770 386 2801 si
412 2780 487 2800 nosse
512 2771 666 2810 accipitur
688 2770 862 2811 intelligere,
886 2778 922 2802 ut
976 2813 979 2816 Ι
1010 2771 1049 2805 14
1062 2763 1379 2821 ,ρς-,ρρψλιζμλιεᾈῃῇ
1386 2766 1505 2821 1,ῲῇτὸ
1508 2765 1662 2824 ggssffijjsj

222 2812 297 2842 notio
313 2818 360 2845 est
381 2813 427 2845 vis
449 2813 549 2851 verbi,
564 2813 633 2845 idea
656 2814 689 2845 in
712 2815 842 2846 animo:
866 2815 919 2846 sed
998 2822 1001 2825 ’
1135 2822 1138 2828 ·
1277 2812 1283 2819 ’
1375 2810 1390 2822 “”
1424 2810 1459 2823 ““
1509 2814 1514 2822 ‘
1594 2822 1604 2824 *
1621 2820 1654 2825 ””
