1778 3095
243 116 317 158 198
552 109 624 146 DE
652 109 808 148 FINIB.
828 109 1027 148 BONOR.
1049 110 1116 147 ET
1144 109 1354 147 MALOR.

239 231 336 273 quae
364 217 476 259 bona
505 227 757 273 negarentur
785 233 875 261 esse
897 219 950 259 ab
971 232 1037 269 eo,
1058 226 1101 259 et
1129 233 1224 274 quae
1243 216 1369 268 mala,
1400 215 1472 258 illa
1500 216 1671 258 laetiori-

241 274 320 315 bus
355 274 594 318 nominibus
627 276 680 316 ab
712 290 763 316 eo
796 275 1009 331 appellari,
1031 289 1169 339 quam
1190 289 1214 314 a
1242 274 1378 323 nobis,
1398 273 1490 314 haec
1514 274 1673 314 tristio-

158 327 229 381 27
241 331 369 372 r1bus
431 332 524 372 Piso
554 331 683 386 igitur
712 333 793 373 hoc
824 332 968 382 modo,
995 332 1053 372 vir
1082 331 1284 386 optimus,
1305 330 1465 385 tuique,
1494 338 1541 370 ut
1573 329 1668 380 scis,

180 387 566 445 74amantissimus.
598 402 674 428 nos
695 388 837 443 paucis
857 388 912 429 ad
933 388 1023 429 haec
1045 388 1196 429 additis
1219 387 1343 428 finem
1362 387 1565 427 faciamus
1595 385 1671 426 ali-

240 444 423 499 quando.
455 444 634 499 longum
668 454 734 487 est
764 444 875 485 enim
907 444 961 485 ad
994 444 1137 485 omnia
1165 443 1432 500 respondere,
1452 458 1548 499 quae
1578 457 1604 483 a
1630 451 1673 484 te

241 501 356 541 dicta
376 509 486 543 sunt.

295 558 410 598 Nam
441 571 492 597 ex
520 555 669 597 iisdem
699 557 922 597 verborum
951 556 1175 611 praestigiis
1206 564 1249 596 et
1277 571 1408 612 regna
1438 563 1534 597 nata
1554 554 1674 597 vobis

111 622 351 664 p.123.sunt,
373 621 417 655 et
435 612 624 668 imperia,
645 620 687 652 et
706 612 873 663 divitiae,
893 620 936 653 et
959 620 1086 653 tantae
1119 612 1305 667 quidem,
1325 623 1374 654 ut
1399 613 1556 663 omnia,
1577 627 1673 668 quae

200 677 218 698 a
239 670 396 725 ubique
418 669 513 719 sint,
534 669 732 724 sapientis
753 682 842 709 esse
861 668 1023 709 dicatis.
1045 668 1182 709 solum
1203 679 1404 724 praeterea
1421 670 1674 721 formosum,

239 726 377 767 solum
413 725 608 775 liberum,
643 725 782 766 solum
818 725 977 766 civem:
1011 725 1238 766 stultorum
1273 726 1416 765 omnia
1449 726 1674 776 contraria,

239 798 346 838 quos
367 782 494 823 etiam
515 782 683 822 insanos
704 795 794 822 esse
814 781 954 822 vultis.
1015 783 1123 822 Haec
1143 781 1332 838 παράδοξα
1351 781 1426 831 1111,
1447 797 1523 823 1105
1539 782 1673 823 admi—

238 839 386 880 rabilia
427 837 629 879 dicamus.
690 838 809 880 Quid
849 848 990 879 autem
1033 838 1191 879 habent
1235 837 1537 902 admirationis,
1575 853 1673 880 cum

238 909 371 951 prope
390 894 646 935 accesseris?
679 895 894 935 conferam
925 905 1083 946 tecum,
1105 909 1232 950 quam
1260 894 1413 950 cuique
1439 895 1566 935 verbo
1586 909 1674 936 rem

239 951 465 1007 subjicias.
499 950 615 992 nulla
644 951 722 992 erit
751 951 1047 992 controversia.
1080 951 1224 992 omnia
1242 960 1416 1006 peccata
1435 951 1551 1006 paria
1570 951 1675 992 dici-

238 1008 306 1048 tis.
338 1022 422 1048 non
453 1022 536 1062 ego
567 1015 708 1048 tecum
734 1007 825 1064 jam
857 1008 916 1048 ita
944 1008 1108 1064 loquar,
1130 1016 1178 1048 ut
1206 1007 1355 1048 iisdem
1376 1007 1441 1048 his
1464 1007 1516 1048 de
1537 1007 1676 1071 rebus,

239 1079 339 1105 cum
361 1066 411 1104 L.
434 1065 675 1115 Murenam,
695 1073 737 1105 te
755 1074 993 1116 accusante,
1012 1064 1297 1105 defenderem.
1327 1063 1440 1119 apud
1460 1064 1677 1120 imperitos

239 1127 332 1162 ‘tum
368 1121 440 1161 illa
472 1121 585 1162 dicta
619 1129 741 1161 sunt:
783 1120 942 1175 aliquid
974 1121 1103 1162 etiam
1137 1135 1306 1162 coronae
1346 1121 1523 1162 datum·
1566 1135 1677 1162 nunc

179 1186 227 1228 75
241 1177 454 1233 agendum
484 1186 547 1218 est
577 1177 786 1218 subtilius.
848 1179 1023 1218 Peccata
1047 1177 1163 1232 paria
1180 1192 1365 1232 quonam
1385 1177 1546 1217 modo?
1580 1177 1680 1232 quia

240 1249 316 1275 nec
347 1235 527 1275 honesto
559 1233 789 1289 quidquam
820 1233 1052 1284 honestius,
1071 1247 1148 1273 nec
1176 1233 1289 1287 turpi
1309 1233 1486 1288 turpius.
1547 1234 1679 1288 Perge

237 1304 379 1345 porro.
413 1305 508 1330 nam
531 1290 583 1330 de
602 1290 684 1331 isto
705 1303 862 1344 magna
883 1289 1086 1330 dissensio
1108 1296 1185 1330 est.
1216 1289 1289 1330 illa
1308 1297 1558 1344 argumenta
1578 1303 1678 1345 pro-

238 1347 331 1400 pria
354 1346 583 1396 videamus,
603 1361 677 1387 cur
696 1347 838 1387 omnia
857 1354 1030 1401 peccata
1060 1346 1143 1387 sint
1171 1345 1301 1401 paria.
1360 1347 1437 1397 Ut,
1467 1346 1617 1402 inquit,
1636 1347 1679 1387 in

241 1402 394 1443 fidibus
427 1402 633 1458 plurimis,
654 1411 694 1437 29
711 1403 745 1444 si
776 1403 891 1443 nulla
919 1417 1063 1443 earum
1097 1402 1156 1444 ita
1186 1409 1386 1443 contenta
1404 1403 1589 1444 numeris
1611 1403 1679 1455 sit,

238 1469 290 1500 ut
319 1468 576 1500 concentum
607 1474 767 1501 servare
798 1460 946 1515 possit,
967 1473 1112 1500 omnes
1145 1473 1265 1515 aeque
1295 1459 1548 1500 incontentae
1569 1459 1677 1500 sint:

241 1515 300 1556 sic
338 1524 528 1571 peccata,
564 1516 662 1571 quia
694 1516 948 1570 discrepant,
986 1531 1104 1572 aeque
1139 1515 1405 1570 discrepant:
1437 1516 1552 1570 paria
1582 1524 1680 1557 sunt

238 1572 385 1627 igitur.
446 1572 530 1613 Hic
550 1573 754 1636 ambiguo
775 1572 974 1614 ludimur.
1006 1587 1126 1627 aeque
1156 1573 1268 1613 enim
1301 1572 1513 1627 contingit
1540 1573 1678 1613 omni-

239 1629 321 1669 bus
343 1628 509 1679 fidibus,
531 1638 579 1670 ut
597 1629 851 1670 incontentae
883 1630 992 1670 sint·
1024 1628 1128 1670 illud
1150 1643 1232 1669 non
1255 1629 1472 1679 continuo,
1493 1637 1540 1670 ut
1559 1644 1680 1685 aeque

241 1685 513 1725 incontentae.
562 1685 734 1726 collatio
773 1686 903 1740 igitur
942 1686 1022 1726 ista
1056 1694 1097 1726 te
1136 1685 1239 1726 nihil
1271 1684 1405 1740 juvat.
1452 1699 1529 1726 nec
1565 1687 1679 1727 enim

242 1755 389 1781 omnes
425 1741 615 1782 avaritias
649 1743 683 1783 si
719 1757 838 1797 aeque
875 1742 1063 1783 avaritias
1095 1756 1187 1782 esse
1216 1740 1461 1792 dixerimus,
1493 1743 1681 1797 sequitur

182 1798 369 1850 76etiam
402 1806 450 1837 ut
479 1813 618 1853 aequas
651 1813 740 1839 esse
770 1798 974 1839 dicamus.
1033 1800 1143 1839 Ecce
1163 1797 1276 1838 aliud
1297 1798 1434 1838 simile
1464 1797 1680 1839 dissimile.

244 1854 307 1894 Ut
325 1854 452 1904 enim,
474 1854 624 1909 inquit,
645 1855 937 1919 gubernator
926 1869 1045 1910 aeque
1067 1863 1228 1910 peccat,
1245 1854 1279 1894 ’51
1299 1854 1513 1909 palearum
1534 1870 1679 1896 navem

241 1910 404 1960 evertit,
433 1919 476 1951 et
506 1925 540 1950 Sl
571 1912 690 1952 auri:
720 1912 818 1952 item
855 1926 974 1966 aeque
1004 1918 1166 1966 peccat,
1186 1911 1258 1966 qui
1288 1919 1520 1965 parentem,
1541 1920 1585 1953 et
1609 1911 1682 1967 qui

242 1981 405 2007 servum
440 1966 590 2022 injuria
620 1968 822 2008 verberat.
882 1975 923 2000 30
940 1968 1023 2008 Hic
1058 1982 1141 2008 non
1173 1967 1324 2017 videre,
1360 1967 1481 2031 cuj-us
1515 1968 1681 2032 generis

243 2037 351 2063 onus
372 2023 483 2063 navis
506 2023 641 2072 vehat,
664 2024 717 2064 ad
737 2024 1032 2079 gubernatoris
1053 2034 1186 2065 artem
1209 2023 1312 2064 nihil
1331 2024 1569 2078 pertinere?
1602 2025 1680 2065 ita·-

245 2093 343 2134 que,
376 2094 541 2128 aurum,
564 2080 777 2134 paleanne
808 2089 960 2135 portet,
982 2080 1035 2121 ad
1056 2081 1176 2131 bene,
1197 2088 1269 2121 aut
1298 2080 1352 2121 ad
1378 2081 1488 2120 male
1521 2081 1680 2135 guber-

202 2140 234 2170 b
246 2135 446 2186 nandum,
466 2136 570 2176 nihil
591 2138 804 2177 interesse.
836 2148 879 2177 at
900 2137 1001 2192 quid
1021 2137 1128 2178 inter
1146 2148 1379 2200 parentem,
1399 2145 1442 2176 et
1471 2137 1680 2179 servulum

243 2191 422 2242 intersit,
442 2192 621 2247 intellioi
643 2203 686 2234 et
706 2202 862 2249 potest,
883 2203 925 2234 et
947 2193 1086 2235 debet.
1118 2207 1221 2248 ergo
1252 2193 1294 2233 111
1322 2193 1598 2248 gubernando
1619 2195 1680 2235 ni—

288 2333 328 2361 29
344 2327 368 2357 (ι’
384 2339 412 2357 η.
431 2338 453 2357 e.
471 2327 513 2356 ira
530 2333 658 2355 contenta
673 2327 796 2356 numeris
813 2326 862 2365 sit]
889 2328 945 2357 Vi-

244 2371 362 2401 tiosum
390 2372 493 2400 visum
521 2377 567 2399 cst
590 2370 724 2399 numeris.
770 2370 944 2399 [αι-1111111115

243 2414 345 2443 voluit
361 2413 466 2442 deleri.
490 2420 533 2448 et,
549 2414 574 2442 si
598 2413 730 2448 abesset,
746 2422 841 2442 nemo
865 2414 944 2442 desi-

244 2458 364 2486 deraret
379 2468 385 2485 1
411 2466 487 2485 nam
507 2455 587 2485 nihil
605 2456 766 2494 exprimit,
784 2456 841 2484 nisi
859 2456 943 2493 quod

244 2500 340 2529 estin
357 2499 409 2527 ita.
456 2499 603 2527 Davisius
624 2499 735 2537 reperit
758 2498 789 2526 in
812 2498 943 2536 quibus-

245 2543 319 2571 dam
339 2542 416 2571 Mss.
433 2541 551 2569 nervis:
575 2542 661 2570 unde
684 2541 808 2579 corrigit
822 2541 865 2568 ila
881 2552 944 2569 con-

246 2585 332 2613 tentis
355 2584 464 2613 nervis.
488 2584 613 2612 utinam
637 2583 776 2619 dixisset,
798 2583 875 2620 quid
898 2593 945 2612 65-

244 2633 292 2657 set
303 2626 382 2666 fides
406 2626 540 2655 contentis
556 2626 664 2656 nervis.
687 2627 741 2655 sed
757 2635 773 2654 e
788 2635 873 2664 seqq.
890 2635 944 2664 pa-

245 2676 302 2705 tet,
315 2669 395 2709 fidae
416 2675 557 2697 contentas
579 2669 653 2702 dici,
670 2675 700 2697 et
716 2669 800 2697 nervi
817 2674 892 2698 sunt
908 2669 945 2698 fi-

244 2713 310 2742 des.
354 2713 453 2742 Credo
483 2718 592 2740 autem
620 2711 809 2750 scripturam
845 2711 943 2740 nervis

244 2762 346 2785 ortam
371 2764 436 2787 esse
458 2764 475 2783 e
497 2754 607 2783 vitiosa
621 2755 775 2801 scriptura
790 2754 873 2783 verbi
892 2765 943 2782 nu—

243 2795 354 2836 'meris;
379 2807 433 2841 pro
455 2806 520 2836 quo
543 2803 588 2826 est
604 2806 633 2825 v.
649 2806 677 2826 c.
694 2797 725 2826 in
747 2797 795 2826 ed.
813 2806 858 2835 pr.
877 2808 943 2825 rme-

246 2841 298 2878 ris‚
315 2842 433 2872 omissa
448 2840 564 2871 lineola
581 2849 675 2879 super
689 2851 708 2870 u
723 2839 773 2870 vel
789 2851 814 2871 e.
831 2840 943 2869 numeri

987 2327 1172 2365 exprimunt
1188 2326 1323 2355 modum
1339 2332 1369 2355 et
1384 2325 1516 2364 gradum
1533 2327 1684 2358 tensionis

988 2376 1098 2408 aptum
1115 2376 1144 2398 et
1160 2369 1328 2398 definitum
1343 2369 1380 2398 ad
1397 2369 1600 2399 efficiendum
1618 2379 1683 2400 cer-

988 2418 1059 2442 tum
1082 2418 1112 2441 et
1135 2419 1244 2450 aptum
1268 2422 1398 2442 sonum.
1423 2419 1493 2451 post
1514 2420 1589 2442 sunt
1605 2413 1681 2444 fides

987 2465 1069 2496 aeque
1079 2454 1121 2482 in
1114 2461 1257 2483 ontentae.

1030 2504 1070 2528 30
1088 2497 1162 2525 Haec
1185 2508 1237 2526 non
1259 2495 1376 2536 videre]
1406 2497 1579 2528 Lambinus
1602 2498 1685 2530 delet

987 2539 1071 2569 haec:
1095 2539 1241 2570 Davisius
1266 2542 1391 2579 corrigit
1416 2541 1502 2570 Hunc
1522 2552 1550 2570 n.
1571 2552 1604 2571 v.
1628 2544 1682 2573 sed

987 2584 1025 2612 ad
1041 2592 1139 2621 quem
1162 2585 1309 2613 referetur
1323 2583 1395 2613 hunc
1408 2584 1426 2612 .?
1448 2583 1530 2614 Mihi
1547 2585 1634 2614 venit
1649 2585 1682 2615 in

988 2633 1131 2655 mentem
1147 2625 1208 2655 hem
1222 2628 1235 2655 ,Ι
1256 2636 1310 2655 non
1332 2627 1433 2656 videre
1446 2639 1455 2656 .·
1480 2629 1500 2657 i.
1517 2637 1544 2657 e.
1560 2636 1600 2657 an
1617 2628 1683 2659 fieri

987 2678 1076 2707 posse
1102 2676 1266 2708 putamus,
1293 2676 1329 2698 ut
1354 2670 1465 2709 aliquis
1489 2680 1554 2700 non
1581 2671 1685 2702 videat

987 2714 1047 2741 ἃς.
1092 2712 1151 2741 Sed
1166 2713 1214 2742 ed.
1231 2723 1276 2751 pr.
1292 2713 1341 2742 J0.
1357 2714 1395 2742 de
1411 2713 1543 2743 Colonia
1558 2720 1588 2743 et
1601 2714 1683 2744 Ven.

989 2761 1080 2786 1494.
1099 2755 1216 2784 habent
1232 2755 1287 2784 hic.
1301 2756 1342 2784 ita
1357 2765 1468 2785 sensus
1481 2757 1554 2785 erit:
1572 2757 1604 2786 in
1622 2757 1683 2786 hac

986 2807 1017 2826 rc
1033 2807 1097 2826 non
1115 2798 1260 2828 viderunt
1276 2800 1333 2828 dre.
1351 2800 1435 2837 quod
1451 2800 1611 2839 optimum
1627 2806 1683 2831 est.

985 2840 1090 2880 itaque
1106 2841 1135 2871 id
1147 2849 1274 2872 secutus
1290 2851 1375 2871 sum.
