1778 3095
188 89 265 122 308
540 83 797 122 TUSCUL.
828 83 1282 122 QUAESTIONUM

188 189 418 242 avaritiam,
438 190 548 232 clam
570 190 811 247 depositum
835 207 917 234 non
939 192 1135 244 reddidit,
1157 193 1271 249 quod
1291 199 1356 233 est
1376 191 1629 249 injustitiae,
1617 205 1628 221 ·

189 261 267 288 nec
301 248 387 303 qui,
419 256 592 303 propter
623 249 918 300 temeritatem,
954 250 1065 291 male
1101 265 1190 291 rem
1227 250 1374 305 gessit,
1409 248 1526 305 quod
1562 257 1628 290 est

189 303 396 354 stultitiae,
431 305 544 360 frugi
581 305 779 361 appellari
815 306 949 348 solet:
981 322 1033 348 eo
1069 315 1151 348 tres
1183 307 1373 356 virtutes,
1412 305 1629 347 fortitudi-

190 376 302 411 nem,
331 362 558 418 justitiam,
595 362 878 417 prudentiam,
914 364 1133 419 frugalitas
1172 373 1236 404 θεῖ
1267 362 1516 427 com-plexa:
1554 361 1633 402 etsi

191 418 274 459 hoc
307 418 478 474 quidem
512 433 739 460 commune
771 430 835 460 θεῖ
868 421 1083 461 virtutum.
1125 435 1272 461 omnes
1304 420 1414 461 enim
1449 420 1556 460 inter
1589 432 1633 458 se

191 489 323 525 nexae,
352 485 394 516 et
418 475 582 531 jugatae
615 485 738 516 sunt:
771 484 810 506 ‘2‘3
830 476 1039 531 reliquum
1073 477 1204 532 igitur
1236 486 1314 527 est,
1336 485 1486 532 quarta
1504 475 1632 515 virtus

190 540 238 572 ut
260 533 313 572 sit
335 532 424 586 ipsa
445 532 677 587 frugalitas.
698 532 788 586 ejus
808 532 919 572 enim
944 532 1107 573 videtui
1126 548 1216 574 esse
1237 534 1468 589 proprium,
1490 540 1633 572 motus

190 588 319 629 animi
351 589 586 644 appetentis
619 601 778 652 regere,
804 597 847 629 et
879 588 1038 639 sedare,
1064 604 1311 646 semperque
1342 591 1632 631 adversantem

189 645 367 695 libidini,
388 645 681 686 moderatam
672 660 714 684 111
736 646 852 685 omni
873 660 916 686 re
938 660 1099 686 servare
1120 648 1416 688 constantiam.
1437 646 1505 687 cui
1527 659 1630 686 con-

133 702 362 742 18trarium
400 701 546 742 vitium
583 701 770 756 nequitia
804 701 972 742 dicitur.
1034 703 1283 757 frugalitas,
1320 712 1368 745 ut
1403 704 1569 765 opinor,
1606 715 1631 741 a

191 759 339 814 fruge:
373 774 456 813 qua
475 758 578 798 nihil
601 757 752 799 melius
774 772 797 798 e
819 768 941 799 terra.
963 768 1003 793 29
1019 774 1145 814 nequ
1135 760 1206 800 tia
1232 761 1325 812 (etsi
1346 761 1426 801 hoc
1447 760 1525 800 erit
1548 759 1634 798 for-

190 824 299 856 tasse
332 814 505 855 du1ius:
537 822 578 847 30
597 813 670 855 5θά
702 823 941 857 tentemus:
972 816 1119 857 lusisse
1154 825 1367 871 putemur,
1399 817 1432 857 si
1468 816 1524 856 nil
1557 814 1626 866 sit)

188 872 241 913 ab
273 886 339 924 co,
363 871 479 926 quod
508 871 820 936 necquidquam
848 880 912 912 θεῖ
931 873 973 913 in
996 873 1069 914 tali
1088 873 1290 914 homine:
1319 888 1370 914 ex
1396 887 1482 928 quo
1502 872 1631 921 idem,

189 928 308 969 nihili
344 928 510 969 dicitur.
542 929 614 984 qui
646 928 700 969 sit
732 929 845 984 frugi
875 929 1021 984 igitur,
1043 930 1120 981 vel,
1142 930 1174 971 si
1206 930 1350 981 mavis,
1371 929 1633 978 moderatus,

188 993 232 1026 et
262 994 516 1040 temperans,
538 999 635 1026 eum
670 1000 839 1027 necesse
861 995 925 1027 est
944 1001 1035 1028 esse
1055 996 1351 1029 constantem.
1383 986 1456 1051 qui
1485 995 1628 1026 autem

188 1051 401 1092 constans,
421 1042 635 1097 quietum:
657 1043 729 1097 qui
750 1043 931 1098 quietus,
953 1045 1270 1108 perturbatione
1290 1044 1407 1085 omni
1426 1057 1630 1084 vacuum.

142 1095 294 1155 9ergo
316 1099 444 1140 etiam
476 1099 741 1154 aegritudine.
773 1108 815 1140 et
836 1108 932 1139 sunt
952 1100 1023 1140 illa
1044 1100 1268 1155 sapientis.
1301 1100 1435 1140 aberit
1458 1100 1590 1163 igitur
1610 1112 1636 1138 a

189 1156 376 1211 sapiente
398 1156 623 1211 aegritudo.
646 1157 788 1211 itaque
811 1171 896 1196 non
924 1157 1071 1197 inscite
1093 1156 1369 1197 Heracleotes
1397 1155 1634 1219 Dionysius

187 1212 241 1254 ad
274 1228 324 1253 ea
356 1213 558 1268 disputat,
592 1228 686 1267 quae
724 1211 890 1267 ³1apud
929 1213 1170 1254 Homerum
1206 1212 1397 1253 Achilles
1432 1211 1635 1268 queritur,

186 1269 284 1320 hoc,
306 1279 355 1310 ut
376 1269 542 1325 opinor,
563 1269 711 1319 modo,

297 1360 425 1410 Corque
444 1372 549 1396 meum
566 1359 698 1409 penitus
717 1360 877 1409 turgescit
896 1359 1050 1396 tristibus
1075 1361 1148 1404 iris,

297 1414 384 1451 Cum
404 1413 514 1450 decore
533 1422 634 1464 atque
652 1413 738 1450 omni
758 1426 807 1450 me
825 1412 979 1450 orbatum
998 1413 1100 1450 laude
1120 1413 1279 1451 recordor.

127 1502 174 1542 19
186 1497 306 1537 Num
326 1510 477 1536 manus
498 1494 649 1536 affecta
666 1504 781 1536 recte
802 1504 881 1546 est,
903 1510 1000 1536 eum
1029 1496 1071 1537 in
1101 1505 1271 1538 tumore
1300 1497 1392 1537 est?
1427 1501 1502 1536 aut
1531 1508 1634 1534 num

187 1561 226 1585 32
238 1552 526 1616 aliquodpiam
547 1552 786 1593 membrum
808 1552 1038 1603 tumidum,
1057 1567 1105 1594 ac
1125 1553 1362 1608 turgidum,
1384 1566 1469 1593 non
1487 1550 1636 1592 vitiose

187 1624 231 1652 se
251 1609 409 1651 habet?
443 1608 502 1649 sic
532 1609 664 1664 igitur
692 1609 876 1659 inflatus,
897 1618 940 1649 et
971 1618 1140 1652 tumens
1170 1610 1350 1674 animus,
1369 1609 1413 1650 in
1432 1607 1535 1649 vitio
1555 1615 1635 1648 est.

185 1666 385 1731 sapientis
424 1674 565 1707 autem
607 1665 788 1717 animus,
826 1680 994 1722 semper
1027 1675 1147 1708 vacat
1183 1666 1299 1717 vitio,
1339 1674 1378 1698 33
1398 1678 1633 1720 numquam

186 1723 407 1779 turgescit,
429 1737 662 1788 numquam
683 1730 834 1763 tumet.
865 1730 905 1754 34
919 1730 963 1763 at
982 1723 1077 1764 irati
1107 1723 1287 1774 animus,
1308 1721 1523 1779 ejusmodi
1542 1728 1636 1762 θεῖ·

142 1787 175 1817 b·
189 1794 422 1836 numquam
458 1779 589 1835 igitur
623 1778 790 1835 sapiens
823 1779 1030 1821 irascitur.
1061 1794 1159 1821 narn
1193 1780 1227 1820 si
1262 1780 1471 1829 irascitur,
1503 1778 1634 1819 etiam

186 1837 464 1893 concupiscit.
495 1836 723 1900 proprium
733 1844 798 1877 est
819 1837 932 1877 enim
958 1837 1066 1888 irati,
1087 1850 1255 1892 cupere,
1276 1850 1302 1877 a
1321 1851 1407 1892 quo
1427 1835 1554 1876 laesus
1573 1834 1634 1875 vi-

187 1895 350 1947 deatur,
384 1894 422 1934 ei
455 1908 583 1950 quam
614 1892 847 1935 maximum
878 1892 1072 1958 dolorem
1102 1893 1282 1934 inurere.
1308 1893 1386 1958 ‘qui
1418 1900 1562 1934 autem
1591 1890 1636 1932 id

185 1950 463 2007 concupierit,
482 1965 581 1991 eum
602 1964 772 1991 necesse
791 1958 870 2000 est,
892 1950 927 1991 si
947 1950 991 1991 id
1010 1959 1264 1993 consecutus
1286 1950 1354 2001 sit,
1375 1961 1635 2004 magnopere

185 2009 334 2051 laetari.
366 2022 417 2050 ex
450 2022 535 2063 quo
569 2007 629 2058 fit,
658 2015 707 2048 ut
734 2006 872 2048 alieno
904 2007 1018 2050 malo
1051 2007 1251 2063 gaudeat.
1281 2004 1460 2063 quodq
1462 2005 1635 2047 uoniam

186 2081 273 2107 non
303 2064 448 2106 cadit
437 2080 480 2105 m
503 2064 751 2120 sapientem,
773 2079 826 2104 ne
847 2073 895 2106 ut
914 2064 1117 2106 irascatur
1148 2063 1319 2120 quidem
1351 2022 1479 2104 cadiqt.
1510 2069 1550 2094 35
1571 2060 1634 2102 sin

184 2131 330 2165 autem
352 2121 552 2163 caderet
541 2136 584 2162 m
605 2121 838 2177 sapientem
870 2121 1098 2177 aegritudo,
1118 2120 1288 2163 caderet
1316 2120 1444 2161 etiam
1466 2119 1633 2160 iracun-

229 2273 269 2296 28
287 2265 432 2307 reliquum
455 2264 548 2305 igitur
564 2262 622 2306 est]
648 2264 700 2294 Sic
723 2263 803 2294 Mss-
820 2263 891 2304 plu-

186 2319 245 2340 res.
268 2309 367 2349 vulgo
384 2308 488 2339 male:
516 2307 630 2349 reliqua
653 2307 746 2347 igitur
761 2313 789 2337 et
803 2318 892 2349 quar·

187 2360 219 2382 ta
234 2353 344 2390 vinus,
361 2359 394 2382 ut
409 2363 431 2382 s.
448 2352 471 2382 i.
475 2352 529 2392 fr.

232 2403 273 2428 29
295 2395 427 2438 nequitia
450 2395 486 2424 ab
508 2393 551 2433 eo]
577 2393 766 2423 Delevimus
789 2393 826 2422 ab
850 2405 892 2432 eo,

187 2438 264 2478 quia
279 2445 326 2468 est
342 2448 420 2468 mox
436 2439 521 2468 idem
537 2444 608 2477 post
623 2437 837 2476 parenthesin.

232 2488 273 2512 30
297 2481 346 2511 sed
368 2479 522 2520 tentemus]
552 2481 603 2510 Sc.
628 2480 722 2510 verbo
745 2480 807 2509 hoc
832 2479 890 2517 uti,

186 2530 243 2555 aut
260 2525 290 2554 id
308 2525 353 2554 sic
376 2524 544 2563 explicare.
568 2524 613 2553 sic
638 2523 717 2553 Mss.
734 2522 892 2553 meliores.

187 2567 296 2608 vulgg.
314 2567 458 2597 temerius.

231 2618 269 2641 31
288 2610 368 2650 apud
383 2608 551 2647 Homerum]
568 2608 607 2638 Il.
623 2606 643 2637 ι’.
663 2613 736 2638 642.

230 2660 271 2685 32
302 2652 517 2694 aliquodpiam]
557 2652 611 2682 Est
641 2660 657 2680 e
695 2651 887 2681 correctione

184 2697 214 2727 J.
245 2698 280 2727 F.
306 2697 458 2726 Gronovii
482 2696 520 2725 ad
544 2696 609 2725 Liv.
624 2695 712 2731 XLI,
737 2699 766 2724 6.
791 2694 888 2733 vulgo

185 2747 272 2770 erat:
312 2738 432 2781 aliquod
467 2738 629 2780 quippiam.
680 2736 888 2769 GuilielmiuS

185 2783 361 2823 corrigebat
376 2782 460 2811 aliud
475 2781 636 2824 quippiam.
667 2781 839 2812 Turnebus
855 2781 888 2810 in

186 2827 267 2857 Mss.
285 2827 396 2867 reperit
407 2825 494 2856 aliud
503 2824 666 2867 quodpiam.
691 2825 777 2864 quod
792 2825 889 2857 Davi-

933 2265 998 2295 sius
1026 2264 1153 2304 recepit.
1180 2265 1225 2295 sic
1255 2261 1452 2305 aliquodpiam
1478 2262 1637 2302 aecipien-

933 2308 1026 2346 dum,
1043 2309 1068 2338 si
1091 2314 1137 2338 est
1152 2318 1169 2338 a
1185 2308 1348 2338 Cicerone.
1372 2315 1450 2336 nam
1473 2312 1505 2336 et
1527 2305 1638 2348 aliquis

933 2361 1016 2390 saepe
1039 2352 1154 2381 dicitur
1177 2361 1232 2390 pro
1255 2350 1330 2379 alius
1353 2349 1430 2390 quis,
1445 2359 1476 2378 v.
1494 2349 1583 2379 Clav.
1602 2350 1636 2378 in

934 2393 1055 2435 aliquis.
1090 2395 1175 2424 unde
1205 2400 1237 2423 et
1264 2393 1385 2432 probari
1416 2392 1513 2431 possit
1543 2392 1637 2422 lectio

936 2437 1000 2467 Ms.
1017 2437 1103 2468 Leid.
1119 2438 1173 2476 qui
1189 2437 1285 2466 habet
1300 2442 1426 2465 tantum
1443 2434 1569 2477 aliquod.

977 2486 1016 2510 33
1045 2491 1201 2521 numquam
1225 2476 1379 2519 turgescit]
1404 2479 1537 2509 Videtur
1550 2478 1636 2509 exci-

934 2523 1013 2553 disse
1030 2534 1094 2562 ergo
1109 2523 1159 2553 vel
1175 2522 1278 2563 igitur.

974 2572 1014 2596 34
1031 2573 1063 2595 at
1079 2566 1171 2595 iratus
1195 2563 1323 2604 animus]
1351 2565 1414 2595 Ms.
1431 2565 1533 2595 VatiC.
1550 2563 1634 2593 irati.

930 2609 1022 2639 bene.
1039 2618 1116 2638 nam
1133 2616 1206 2639 ante
1221 2615 1268 2638 est
1284 2607 1421 2647 sapientis
1436 2607 1559 2637 animus.

974 2658 1013 2682 35
1043 2652 1086 2680 sin
1114 2651 1224 2689 autem]
1255 2657 1352 2680 autem
1380 2657 1484 2690 posset
1513 2650 1633 2680 abesse.

932 2695 1080 2725 Davisius
1104 2696 1189 2725 dedit
1203 2695 1237 2724 si.
1253 2695 1308 2724 sed
1324 2701 1355 2724 et
1363 2694 1431 2724 alia
1454 2693 1552 2731 hujus
1573 2694 1634 2722 for-

934 2748 997 2768 mae
1026 2738 1175 2777 exempla
1203 2745 1280 2769 sunt
1311 2747 1361 2777 ap.
1386 2737 1576 2767 Ciceronem
1605 2742 1636 2765 et

932 2781 1022 2812 alios.
1047 2782 1151 2820 itaque
1176 2791 1241 2813 non
1264 2780 1385 2812 correxi
1401 2780 1438 2818 si,
1459 2781 1515 2812 etsi
1535 2780 1580 2809 sic
1604 2785 1635 2808 et

935 2825 998 2857 Ms.
1015 2824 1123 2855 Guelf.
