1778 3095
633 69 818 122 LIBER
856 83 1101 120 PRIMUS.
1497 85 1573 128 275

137 202 195 247 te,
223 209 368 238 verum
399 193 434 236 si
462 192 579 249 loqui
609 191 819 243 volumus,
849 197 1082 231 ornaverat.
1113 185 1185 229 sed
1215 185 1385 243 quinam
1405 198 1468 230 est
1494 190 1572 232 iste

137 253 334 309 epilogus
356 254 369 293 ?
411 264 512 293 aveo
546 249 657 289 enim
696 247 854 298 audire,
891 245 1100 303 quidquid
1138 253 1215 285 est.
1274 244 1340 284 M.
1378 244 1570 288 Deorum
1588 259 1657 292 113

135 309 440 351 immortalium
463 305 627 362 judicia
647 305 786 345 solent
802 305 845 345 in
867 303 1023 344 scholis
1044 301 1228 357 proferre
1248 301 1301 342 de
1320 310 1473 351 morte,
1494 317 1570 345 nec

133 381 232 407 vero
252 365 475 418 ea‘fingere
496 362 590 418 ipsi,
612 361 685 402 sed
708 360 932 401 Herodoto
954 368 1140 409 auctore,
1161 357 1336 414 aliisque
1366 356 1569 412 pluribus·

137 423 323 464 Primum
343 419 489 474 Argiae
520 417 764 468 sacerdotis,
791 416 963 457 Cleobis
992 424 1034 457 et
1065 416 1195 456 Biton
1226 414 1313 464 filii,
1336 413 1570 470 praedican-

133 488 216 520 tur.
249 486 349 517 nota
368 476 512 516 fabula
531 485 596 516 est
613 491 622 515 :
654 489 751 515 cum
772 473 884 514 enim
911 473 1030 513 illam
1050 472 1103 513 ad
1125 472 1327 521 solemne,
1348 479 1391 511 et
1411 479 1569 512 statum

133 533 382 576 sacrificium
401 546 527 573 curru
544 531 638 573 vehi
653 530 725 587 jus
746 539 868 581 esset,
889 530 987 570 satis
1010 529 1139 584 longe
1161 529 1215 569 ab
1237 527 1396 584 oppido
1422 527 1476 568 ad
1505 528 1569 568 fa·-

132 604 248 639 num,
268 597 617 644 morarenturque
641 588 865 644 jumenta:
897 596 997 627 tunc
1024 587 1198 642 juvenes
1229 585 1272 636 ii,
1301 599 1408 640 quos
1437 584 1568 625 modo

132 645 356 696 nominavi,
378 654 491 686 veste
509 645 647 701 posita
666 659 845 700 corpora
865 645 960 685 oleo
986 651 1273 699 perunxerunt
1292 658 1301 682 :
1333 641 1386 682 ad
1408 642 1568 697 jugum

130 710 411 744 accesserunt.
442 702 500 742 ita
521 701 715 742 sacerdos
735 701 910 742 advecta
930 701 970 741 in
992 701 1152 749 fanum,
1173 714 1270 740 cum
1292 712 1439 739 currus
1459 706 1569 739 esset

129 759 284 800 duetus
304 773 328 798 a
348 758 458 809 filiis,
479 767 651 814 precata
679 773 704 798 a
731 757 811 798 dea
840 757 1006 807 dicitur,
1027 766 1074 798 ut
1094 757 1175 797 illis
1196 755 1420 811 praemium
1450 754 1568 795 daret

127 830 205 871 pro
226 815 395 870 pietate,
414 815 533 871 quod
561 815 793 856 maximum
816 813 978 854 homini
1006 813 1095 854 dari
1122 821 1265 869 posset
1284 827 1308 852 a
1330 812 1437 853 deo:
1468 819 1568 867 post

127 871 321 927 epUlatos
352 886 450 913 cum
479 881 613 913 matre
645 871 946 921 adolescentes,
978 885 1129 911 somno
1163 884 1206 910 se
1235 868 1413 920 dedisse,
1440 882 1565 909 mane

128 929 319 969 inventos
339 943 430 969 esse
450 937 657 970 mortuos.
679 927 805 968 simili
826 926 1067 982 precatione
1084 925 1370 981 Trophonius,
1388 933 1430 966 et
1444 925 1565 980 Aga-
1578 937 1654 974 114

129 985 291 1035 medes,
322 986 387 1026 usi
417 985 644 1027 dicuntur:
676 985 762 1040 qui,
793 999 892 1024 cum
922 983 1113 1039 Apollini
1145 982 1327 1038 Delphis
1355 981 1565 1038 templum

127 1041 496 1083 exaedificavissent
514 1059 523 1083 :
555 1050 796 1083 venerantes
823 1040 965 1091 deum,
984 1040 1197 1096 petierunt
1217 1038 1458 1080 mercedem
1480 1053 1565 1080 non

127 1112 298 1154 parvam
330 1098 500 1155 quidem
534 1098 687 1154 operis,
716 1107 759 1139 et
787 1097 942 1138 laboris
972 1097 1051 1148 sui,
1076 1096 1179 1137 nihil
1209 1096 1328 1146 certi,
1350 1095 1424 1137 sed
1449 1095 1566 1151 quod

127 1164 239 1196 esset
258 1156 471 1211 optimum
493 1155 669 1197 homini.
701 1154 855 1210 quibus
874 1153 1035 1209 Apollo
1062 1169 1106 1195 se
1135 1153 1177 1194 id
1202 1153 1401 1194 daturum
1423 1161 1568 1193 osten-

127 1211 191 1253 dit
209 1221 309 1267 post
337 1211 428 1268 ejus
459 1212 543 1253 diei
572 1211 684 1253 diem
711 1211 909 1252 tertium:
940 1211 1014 1266 qui
1040 1219 1089 1251 ut
1119 1210 1270 1261 illuxit,
1291 1209 1449 1250 mortui
1470 1217 1567 1250 sunt
1578 1224 1611 1256 b.

127 1269 298 1323 reperti.
356 1268 614 1310 Judicavisse
651 1268 777 1309 deum
815 1267 975 1318 dicunt,
1012 1276 1053 1308 et
1086 1282 1185 1308 eum
1221 1266 1393 1322 quidem
1423 1266 1567 1317 deum,

129 1325 198 1366 cui
218 1325 368 1381 reliqui
389 1325 446 1366 dii
469 1325 786 1375 concessissent,
809 1333 857 1365 ut
876 1334 1028 1380 praeter
1048 1333 1209 1365 ceteros
1227 1322 1442 1364 divinaret.
1484 1323 1566 1364 Af·
1576 1314 1650 1367 48

130 1382 264 1423 fertur
293 1382 420 1422 etiam
452 1382 504 1422 de
537 1382 678 1423 Sileno
711 1381 866 1422 fabella
897 1380 1123 1436 quaedam:
1155 1380 1227 1436 qui
1259 1394 1358 1420 cum
1392 1394 1416 1420 a
1443 1379 1568 1421 Mida

128 1446 276 1493 captus
297 1446 420 1489 esset,
440 1438 521 1479 hoc
542 1439 580 1479 ei
601 1437 785 1479 muneris
806 1451 882 1492 pro
904 1452 979 1477 sua
999 1437 1198 1478 missione
1227 1436 1393 1477 dedisse
1421 1436 1570 1477 scribi-

127 1501 224 1544 tur3
256 1493 450 1535 docuisse
467 1509 626 1550 regem,
648 1509 732 1535 non
753 1493 866 1534 nasci
887 1493 1049 1534 homini
1070 1494 1198 1548 longe
1217 1492 1428 1548 optimum
1449 1507 1567 1543 esse3

127 1550 368 1605 proximum
390 1559 547 1601 autem,
570 1565 694 1606 quam
718 1551 902 1605 primum
922 1551 1046 1591 mori.
1104 1552 1202 1607 Qua
1218 1558 1283 1590 est
1302 1549 1507 1590 sententia
1525 1550 1566 1590 in
1584 1550 1655 1586 11⁵

131 1606 399 1663 Cresphonte
419 1622 519 1648 usus
540 1607 759 1663 Euripides
780 1623 789 1648 z

235 1700 330 1736 Nam
348 1713 404 1736 nos
423 1699 558 1737 decebat
577 1709 682 1736 coetus
702 1698 897 1736 celebrantis
916 1698 1061 1742 domum,

234 1752 382 1801 Lagare,
401 1753 460 1789 ubi
477 1762 559 1789 esset
577 1753 701 1804 aliquis
719 1753 753 1789 in
772 1753 875 1789 lucem
892 1752 1015 1795 editus,

235 1805 412 1843 Hzcmanae
430 1807 518 1842 vitae
536 1807 640 1843 varia
659 1807 845 1856 reputantis
865 1806 957 1842 mala
975 1821 986 1841 .-

235 1862 301 1902 At,
320 1860 376 1909 qui
393 1858 518 1896 labores
539 1868 640 1896 morte
643 1858 783 1905 finisset
794 1859 936 1908 gravis,

238 1917 254 1947 7
271 1912 374 1948 Hunc
392 1913 478 1948 omni
493 1913 613 1949 amicos
633 1911 731 1949 laude
748 1922 779 1948 et
798 1913 922 1949 laetitia
937 1912 1066 1962 exequi.

132 1993 278 2035 Simile
296 1993 496 2049 quiddam
519 2003 582 2036 est
602 1994 644 2035 in
665 1994 954 2036 consolatione
978 1994 1196 2036 Crantoris
1216 2010 1226 2034 ι
1256 1994 1314 2035 ait
1340 1993 1468 2045 enim,
1487 1994 1570 2036 Te-

128 2051 304 2092 rinaeum
337 2051 548 2105 quendam
576 2051 770 2101 Elisium,
792 2066 890 2092 cum
914 2052 1097 2107 graviter
1119 2052 1191 2092 filii
1213 2060 1394 2092 mortem
1418 2065 1569 2093 maere-

131 2116 211 2158 ret,
234 2107 390 2147 venisse
410 2108 453 2148 in
475 2108 866 2164 Psychomantium,
888 2117 1162 2163 quaerentem,
1181 2122 1277 2163 quae
1304 2107 1456 2149 fuisset
1476 2118 1570 2149 tan-

128 2173 182 2205 tae
203 2163 454 2205 calamitatis
471 2179 596 2205 causa
614 2182 623 2206 :
656 2165 756 2206 huic
777 2164 819 2205 in
840 2165 1005 2206 tabellis
1027 2165 1102 2205 tris
1122 2164 1371 2220 hujusmodi
1391 2166 1572 2207 versicu-

130 2220 194 2261 los
213 2220 334 2262 datos
350 2236 360 2260 :

234 2312 373 2360 Ignaris
390 2312 532 2349 homines
550 2312 585 2348 in
603 2313 682 2349 vita
699 2312 864 2349 mentibus
882 2319 998 2349 errant
1013 2328 1025 2348 .·

236 2365 432 2414 Euthynous
445 2367 576 2416 potitur
578 2366 741 2414 fatorum
760 2379 905 2410 munere,
926 2364 1023 2403 letho.

237 2418 381 2468 Sicfuit
399 2420 518 2455 utilius
525 2418 628 2465 finiri
648 2419 786 2470 ipsique,
805 2419 945 2470 tibique.

132 2504 228 2556 His,
250 2513 293 2546 et
312 2505 467 2546 talibus
488 2504 732 2547 auctoribus
762 2505 842 2556 usi,
867 2503 1131 2554 confirmant,
1157 2510 1174 2535 8
1189 2516 1362 2544 causam
1391 2504 1516 2544 rebus
1545 2517 1570 2545 a
1585 2515 1660 2554 116

131 2561 209 2602 diis
228 2562 536 2603 immortalibus
550 2561 802 2618 judicatam.
847 2560 1099 2602 Alcidamus
1120 2559 1310 2616 quidam,
1330 2560 1476 2602 rhetor
1494 2575 1571 2602 an-

131 2618 288 2673 tiquus,
309 2618 353 2659 in
373 2619 519 2674 primis
551 2618 720 2670 nobilis,
741 2617 908 2673 scripsit
937 2618 1066 2658 etiam
1095 2616 1382 2658 laudationem
1408 2617 1573 2670 mortis,

176 2736 192 2764 7
212 2730 295 2760 Hunc
310 2733 400 2761 omnis
413 2730 532 2772 amicos]
547 2731 622 2761 omni
634 2732 719 2762 dedit
734 2731 831 2762 Davi·
874 2732 1003 2771 ponitur
1019 2731 1206 2769 rationibus,
1222 2731 1420 2770 argumentis
1434 2743 1439 2761 :
1465 2737 1576 2770 estque

132 2772 197 2803 sius
214 2773 306 2810 bene,
322 2776 418 2805 etiam
433 2776 524 2804 metri
541 2785 647 2805 causa.
876 2784 932 2814 pro
948 2775 1048 2805 factis.

176 2822 193 2844 8
210 2827 324 2846 causam
349 2816 650 2859 rebus—judicatam]
675 2817 756 2848 rebus
778 2827 835 2858 op-

880 2870 956 2898 '1⁸2
