1778 3095
586 68 763 106 LIBER
795 65 1114 103 QUARTUS.
1491 68 1566 102 335

136 189 219 221 tur.
280 177 542 235 Peripatetici
573 186 714 218 autern
751 176 805 218 ad
839 173 1067 231 placandos
1103 172 1266 214 animos
1302 170 1436 212 multa
1470 172 1570 212 affe-

137 244 260 277 runt:
293 236 430 291 spinas
467 233 674 289 partiendi
706 242 749 274 et
781 231 1004 273 definiendi
1035 228 1375 285 praetermittunt.
1411 243 1572 282 quaere-

137 293 237 334 bam
259 292 402 348 igitur,
422 299 563 332 utrum
588 296 625 322 16
641 289 865 346 panderem
888 288 978 329 vela
997 285 1198 328 orationis
1228 283 1384 332 statim,
1406 298 1458 322 an
1478 299 1571 325 eam

137 358 235 390 ante
268 347 503 404 paullulum
537 346 853 388 dialecticorum
887 344 1013 386 remis
1046 341 1339 398 propellerem.
1398 339 1454 378 A.
1482 341 1571 381 Isto

138 405 269 446 modo
302 418 413 444 vero.
443 404 520 444 erit
550 404 661 444 enirn
694 403 776 444 hoc
807 411 961 451 totum,
983 398 1098 456 quod
1133 411 1292 454 quaero,
1312 411 1361 436 ex
1391 404 1572 451 utroque

137 461 377 517 perfectius
437 460 503 500 M.
525 461 601 500 Est
621 460 664 501 id
685 459 855 515 quidem
887 457 1040 498 rectius
1061 473 1070 496 :
1103 455 1177 496 sed
1198 463 1296 509 post
1317 452 1517 508 requires,
1538 452 1571 493 si
1589 464 1637 496 10

138 517 240 573 quid
271 515 398 557 fuerit
428 516 661 557 obscurius.
721 517 777 556 A.
810 515 977 556 Faciam
1012 511 1222 568 equidem.
1255 521 1302 551 tu
1335 518 1491 559 tamen,
1524 516 1573 549 ut

138 574 262 625 soles,
281 572 396 613 dices
417 572 497 613 ista
515 573 606 628 ipsa
626 573 806 613 obscura
836 571 1015 627 planius,
1036 583 1164 625 quam
1185 567 1383 608 dicuntur
1403 580 1428 606 a
1450 566 1573 606 Grae-

138 630 213 671 cis.
273 629 339 669 M.
362 629 507 670 Enitar
536 629 732 685 equidem
751 647 759 669 z
791 628 865 669 sed
893 628 1056 668 intento
1077 640 1184 681 opus
1205 632 1269 664 est
1288 622 1445 673 animo,
1470 630 1504 658 17
1521 636 1575 663 ne

137 685 280 726 omnia
298 685 551 737 dilabantur,
574 686 608 726 si
629 701 762 727 unum
783 683 955 740 aliquod
974 681 1182 738 effugerit.
1243 680 1459 722 Quoniam
1479 693 1574 734 quae

137 742 279 782 Graeci
299 743 398 792 πάθη
419 752 583 793 vocant,
605 743 725 783 nobis
748 740 1084 797 perturbationes
1105 737 1304 794 appellari
1327 736 1462 791 magis
1484 735 1574 790 pla-

137 807 220 849 cet,
240 813 366 854 quam
388 800 584 840 morbos:
616 800 658 840 in
681 799 745 840 his
765 796 1022 853 explicandis
1042 804 1223 836 veterem
1245 793 1359 834 illam
1377 792 1575 848 equidem

139 855 395 911 Pythagorae
424 857 623 911 primum,
644 855 793 896 deinde
824 853 1007 895 Platonis
1039 851 1366 906 descriptionem
1400 863 1575 905 sequar:

135 911 210 967 qui
229 912 416 952 animum
448 913 491 954 in
521 912 626 953 duas
647 921 786 968 partes
812 910 1026 959 dividunt3
1058 908 1232 949 alteram
1253 906 1425 948 rationis
1447 905 1577 961 parti-

137 968 275 1024 cipem
297 969 471 1019 faciunt,
493 968 664 1010 alteram
687 978 917 1023 expertem.
938 967 979 1006 in
1000 965 1203 1021 participe
1221 964 1394 1004 rationis
1412 970 1580 1018 ponunt

136 1025 500 1080 tranquillitatem,
532 1025 576 1066 id
605 1034 683 1076 est,
713 1024 937 1079 placidam,
964 1023 1236 1078 quietamque
1268 1020 1578 1061 constantiam:

138 1081 180 1122 in
201 1081 273 1122 illa
293 1081 423 1123 altera
441 1091 585 1123 motus
614 1081 806 1123 turbidos
836 1091 929 1121 tum
961 1080 1046 1130 irae,
1068 1088 1160 1120 tum
1189 1076 1447 1132 cupiditatis,
1470 1091 1576 1116 con-

137 1138 287 1179 trarios
325 1138 603 1195 inimicosque
635 1137 802 1180 rationi.
862 1137 925 1177 Sit
959 1136 1091 1192 igitur
1120 1135 1189 1175 hic
1222 1134 1331 1175 fons.
1393 1134 1637 1176 Utamurll

139 1204 296 1245 tamen,
317 1195 358 1235 in
381 1196 444 1236 his
466 1195 852 1251 perturbationibus
882 1191 1182 1242 describendis,
1205 1191 1447 1231 Stoicorum
1473 1188 1576 1230 defi·
1589 1193 1622 1223 b·

140 1251 383 1302 nitionibus,
417 1260 460 1292 et
494 1251 816 1307 partitionibus:
848 1250 920 1305 qui
950 1249 1053 1290 mihi
1083 1248 1276 1289 videntur
1297 1247 1339 1288 in
1359 1246 1439 1287 hac
1459 1261 1576 1302 quae·

141 1307 277 1349 stione
295 1309 445 1349 versari
465 1309 718 1349 acutissime.

196 1366 273 1404 Est
302 1364 433 1419 igitur
463 1365 647 1405 Zenonis
681 1364 771 1405 haec
800 1363 1002 1414 definitio,
1024 1371 1071 1403 ut
1091 1360 1352 1417 perturbatio
1372 1359 1440 1407 sit,
1462 1355 1627 1414 quod6

138 1420 255 1467 πάθος
274 1420 345 1461 ille
366 1421 484 1471 dicit,
506 1436 647 1462 aversa
669 1436 693 1461 a
714 1430 828 1461 recta
848 1421 1024 1470 ratione,
1045 1429 1192 1460 contra
1222 1426 1428 1467 naturam,
1449 1415 1580 1457 animi

139 1478 388 1519 commotio.
419 1478 591 1532 quidam
624 1477 803 1527 brevius,
834 1475 1209 1531 perturbationem,
1231 1489 1321 1514 esse
1343 1473 1579 1529 appetitum

137 1533 491 1575 vehementiorem
512 1552 520 1575 ε
554 1533 626 1575 sed
663 1534 1018 1574 vehementiorem
1055 1546 1153 1572 eum
1188 1531 1334 1571 volunt
1370 1544 1474 1579 esse,
1507 1529 1580 1585 qui

138 1589 308 1645 longius
327 1590 564 1631 discesserit
586 1605 610 1631 a
631 1600 789 1631 naturae
813 1588 1062 1630 constantia.
1086 1596 1224 1643 partes
1249 1595 1390 1628 autem
1415 1597 1580 1642 pertur-

138 1647 358 1688 bationum
382 1647 529 1688 volunt
561 1662 611 1688 ex
642 1647 811 1688 duobus
840 1645 1021 1701 opinatis
1043 1645 1166 1685 bonis
1188 1644 1317 1694 nasci,
1340 1652 1381 1683 et
1402 1657 1452 1683 ex
1471 1642 1581 1683 duo-

139 1703 217 1744 bus
239 1704 421 1758 opinatis
442 1704 563 1745 malis
583 1721 592 1746 ;
624 1704 682 1745 ita
702 1717 791 1744 esse
821 1712 1035 1758 quattuor.
1067 1716 1117 1742 ex
1138 1701 1260 1741 bonis
1283 1699 1517 1749 libidinem,
1538 1707 1582 1739 et

137 1759 328 1802 laetitiam
349 1777 358 1801 ε
389 1769 436 1802 ut
457 1761 510 1801 sit
536 1760 698 1811 laetitia,
719 1761 990 1816 praesentium
1021 1759 1235 1799 bonorum
1249 1774 1260 1808 3
1293 1756 1442 1806 libido,
1464 1756 1581 1796 futu-

139 1831 300 1858 rorum.
329 1831 379 1858 ex
400 1817 521 1858 malis
541 1825 719 1867 metum,
741 1825 783 1857 et
803 1815 1099 1871 aegritudinem
1121 1815 1235 1855 nasci
1257 1822 1430 1855 censent
1449 1829 1458 1854 :
1490 1825 1581 1852 me-

140 1881 247 1923 tum,
266 1873 443 1914 futuris:
474 1873 784 1929 aegritudinem,
806 1872 1098 1928 praesentibus.
1125 1887 1220 1926 quae
1242 1871 1354 1912 enim
1375 1868 1581 1911 venientia

141 1939 402 1981 metuuntur,
440 1931 588 1970 eadem
626 1930 813 1971 afficiunt
849 1929 1101 1984 aegritudine
1138 1928 1350 1969 instantia.
1411 1925 1582 1967 Laetitia
1598 1939 1643 1969 12

140 1996 283 2027 autem
305 1995 347 2028 et
368 1986 500 2027 libido
523 1987 564 2027 in
584 1987 793 2027 bonorum
826 1987 1025 2041 opinione
1055 1994 1284 2035 versantur,
1316 1998 1414 2026 cum
1446 1981 1581 2024 libido

143 2051 179 2075 18
195 2043 248 2084 ad
277 2043 335 2094 id,
358 2043 473 2098 quod
504 2043 666 2084 videtur
696 2044 873 2092 bonum,
894 2044 1062 2098 injecta,
1085 2052 1126 2083 et
1156 2043 1417 2082 inflammata
1444 2039 1582 2095 rapia-

140 2108 234 2149 tur3
265 2099 426 2150 laetitia,
448 2109 495 2141 ut
516 2100 670 2155 adepta
693 2100 784 2156 jam
815 2099 975 2155 aliquid
997 2099 1289 2154 concupitum,
1310 2098 1519 2147 efferatur,
1540 2103 1583 2136 et

138 2155 308 2211 gestiat.
334 2166 488 2198 'natura
517 2156 630 2197 enim
661 2171 808 2197 omnes
836 2171 898 2205 ea,
921 2171 1013 2211 quae
1036 2156 1150 2196 bona
1168 2155 1374 2204 videntur,
1396 2167 1583 2209 sequun-

139 2222 223 2264 tur,
243 2213 499 2269 fugiuntque
529 2214 754 2255 contraria.
814 2213 1105 2269 Quamobrem
1138 2211 1265 2252 simul
1294 2210 1467 2266 objecta
1488 2222 1584 2265 spe-

185 2362 223 2388 16
238 2357 395 2398 panderem
420 2357 489 2387 vela
513 2357 662 2396 orationis]
690 2358 839 2388 Davisius

139 2401 234 2431 edidit
248 2401 380 2431 orationi.
404 2411 444 2430 an
461 2411 534 2440 ergo
550 2403 645 2432 etiam
661 2401 730 2430 vela
751 2401 837 2437 navi,

141 2453 206 2473 non
233 2444 319 2473 navis
349 2445 544 2484 panduntur.
576 2452 606 2474 et
636 2444 719 2474 clare
749 2442 840 2473 oratio

140 2494 341 2526 comparatur
364 2488 449 2524 navi,
473 2498 539 2517 non
562 2495 670 2524 vento,
695 2489 747 2517 cui
770 2488 840 2517 vela

141 2531 336 2568 panduntur,
364 2531 439 2569 quia
462 2531 577 2560 dicitur
598 2531 682 2560 retnis
704 2530 839 2570 propelli.

143 2573 298 2603 Buherius
323 2574 355 2602 in
379 2574 442 2604 Ms.
461 2575 572 2613 reperit
595 2575 738 2604 additum
756 2573 841 2602 velut

141 2615 314 2654 egredientes
341 2627 355 2644 e
371 2622 473 2655 portu,
498 2618 593 2655 idque
617 2618 643 2646 ei
667 2627 779 2646 verum
794 2617 840 2646 vi-

141 2667 227 2688 sum.
254 2659 356 2688 immo
383 2666 429 2688 est
454 2669 472 2688 a
502 2660 682 2698 glossatore.
728 2660 839 2689 Cicero

143 2699 204 2730 alio
220 2700 289 2730 loco
301 2702 376 2731 dicit
392 2703 584 2740 egredientes
601 2713 617 2732 e
634 2710 724 2742 portu
742 2702 841 2732 solere

146 2741 271 2772 inhibere
287 2744 383 2773 remis.

191 2792 223 2819 17
252 2797 284 2815 ne
307 2787 401 2816 omnia
422 2786 603 2827 dilabantur]
630 2788 760 2827 conjeci
784 2788 842 2817 du·-

883 2358 962 2387 dum
988 2356 1152 2392 elabantur,
1169 2355 1257 2395 quod
1280 2354 1397 2385 melius
1422 2354 1587 2394 respondet

885 2400 972 2429 alteri
988 2400 1134 2439 efficgerit.

930 2450 965 2473 18
984 2443 1024 2471 ad
1037 2442 1079 2478 id,
1098 2454 1126 2483 q.
1143 2452 1177 2471 v.
1194 2441 1221 2471 b.
1238 2441 1346 2480 injecta
1368 2446 1396 2469 et
1418 2438 1587 2480 irfiamma-

883 2485 927 2524 ta]
949 2486 1077 2516 Haesere
1101 2486 1157 2515 viri
1180 2484 1263 2514 docti
1287 2484 1325 2513 ad
1348 2483 1468 2522 injecta,
1490 2483 1587 2513 Davi-

882 2530 947 2559 sius
961 2529 1095 2559 correxit
1112 2527 1230 2563 inlecta,
1247 2528 1333 2566 quod
1349 2534 1380 2556 et
1395 2535 1455 2556 scr.
1471 2533 1501 2556 et
1515 2526 1585 2557 edd.

882 2573 1032 2611 quaedam
1057 2573 1095 2601 de
1119 2572 1278 2600 veteribus
1301 2571 1433 2606 habent,
1450 2569 1586 2609 placuit·

883 2625 945 2654 que
962 2623 992 2644 et
1009 2615 1158 2645 Buherio.
1182 2621 1212 2643 et
1227 2620 1275 2643 est
1290 2613 1321 2642 id
1336 2612 1459 2642 facilius
1476 2612 1587 2650 vulga-

883 2666 915 2688 to
931 2658 1057 2697 injecta.-
1081 2658 1135 2687 sed
1156 2664 1264 2686 tamen
1288 2663 1318 2685 et
1341 2655 1445 2695 injecta
1461 2654 1587 2685 defendi

886 2709 988 2741 potest
1002 2711 1040 2731 ex
1057 2701 1131 2730 Nat.
1149 2700 1190 2729 D.
1209 2701 1235 2736 Ι,
1254 2707 1306 2730 20.
1322 2698 1352 2727 in
1375 2709 1462 2739 quam
1483 2708 1510 2726 se
1521 2696 1588 2726 ani-

886 2755 947 2773 mus
964 2744 1094 2783 itqjiciens
1109 2750 1197 2784 atque
1213 2741 1368 2771 intendens.
1393 2741 1497 2780 itaque
1521 2748 1587 2770 non

887 2797 983 2818 ausus
1001 2796 1074 2817 sum
1092 2787 1120 2815 id
1138 2785 1257 2815 tollere.
