1778 3095
140 505 189 540 45

122 1182 186 1235 17

136 1250 190 1287 46

65 1709 100 1738 p.
116 1705 188 1731 1:³6.

130 2032 181 2075 47

206 109 288 142 218
520 103 592 141 DE
620 104 777 144 FINIB.
796 105 997 144 BONOR.
1016 106 1084 144 ET
1112 105 1322 145 MALOR.

204 210 511 266 perfectissima
529 226 554 253 a
575 220 724 254 natura
752 212 1030 256 haberemus:
1061 214 1349 256 confitendum
1379 222 1456 266 est,
1476 230 1573 259 cum
1594 218 1638 260 id

204 265 347 324 adepti
367 266 514 319 simus,
545 269 662 324 quod
692 270 927 326 appetitum
961 271 1029 322 sit,
1061 271 1103 312 in
1132 286 1184 312 eo
1216 272 1334 328 quasi
1362 271 1514 314 ultimo
1535 288 1637 316 con-

203 323 350 366 sistere
370 334 578 376 naturam,
598 335 724 382 atque
743 325 786 368 id
806 341 896 369 esse
923 343 1137 369 summum
1167 329 1327 369 bonum
1348 344 1357 369 :
1388 329 1502 385 quod
1524 340 1637 372 certe

202 381 441 423 universum
474 396 550 423 sua
581 392 731 438 sponte
756 383 893 439 ipsum
928 385 1081 441 expeti,
1112 393 1155 426 et
1186 395 1358 441 propter
1385 400 1443 437 se,
1466 400 1636 428 necesse

202 446 281 489 est,
299 438 500 494 quoniam
522 448 619 480 ante
641 440 976 482 demonstratum
993 450 1070 492 est,
1083 442 1209 482 etiarn
1227 442 1411 497 singulas
1432 442 1522 498 ejus
1542 457 1638 498 par-

203 501 265 535 tes
285 508 376 535 esse
400 509 473 549 per
493 509 538 536 se
557 496 823 551 expetendas.
885 498 934 537 In
952 498 1244 539 enumerandis
1273 510 1415 540 autem
1447 499 1636 554 corporis

202 551 442 592 commodis
463 551 592 608 siquis
620 553 943 607 praetermissam
975 569 999 594 a
1029 555 1149 595 nobis
1176 555 1432 610 voluptatem
1454 556 1636 611 putabit,

200 606 244 648 in
265 607 380 649 aliud
400 617 566 664 tempus
583 609 760 664 quaestio
788 609 1016 650 differatur.
1047 619 1189 652 utrum
1219 613 1330 652 enim
1362 612 1415 653 sit
1444 612 1636 668 voluptas

201 664 245 704 in
265 663 314 704 iis
335 665 476 716 rebus,
507 680 609 720 quas
640 664 795 720 primas
831 666 1062 707 secundum
1097 677 1287 708 naturam
1315 683 1406 709 esse
1437 669 1637 721 diximus,

204 726 242 756 78
255 734 385 761 necne
405 721 474 771 sit,
496 722 549 762 ad
577 720 633 770 id,
664 721 779 777 quod
807 722 989 777 agimus,
1021 722 1127 763 nihil
1156 722 1339 765 interest.
1371 725 1405 765 si
1435 726 1547 766 enim
1572 728 1636 779 (ut

201 776 307 818 mihi
327 777 497 833 quidem
520 777 696 829 videtur)
723 792 807 819 non
836 779 976 834 explet
995 779 1108 820 bona
1137 788 1295 821 naturae
1316 781 1523 837 voluptas,
1535 781 1634 838 jure

201 834 483 889 praetermissa
504 843 580 874 est.
602 841 641 870 79
656 834 719 875 sin
739 844 803 875 est
832 835 874 876 in
904 850 968 886 ea,
999 835 1114 892 quod
1144 835 1314 891 quidam
1345 837 1506 888 volunt,
1528 838 1634 880 nihil

199 889 378 946 impedit
408 899 594 932 nostram
625 890 733 934 hanc
771 893 1190 947 comprehensionem
1224 894 1379 934 summi
1407 894 1522 935 boni.
1539 910 1636 950 quae

200 948 311 988 enim
343 947 572 989 constituta
602 957 699 988 sunt
728 948 864 1003 prima
896 959 1070 1000 naturae,
1106 949 1160 991 ad
1195 964 1245 990 ea
1279 951 1313 991 si
1343 950 1534 1006 voluptas
1563 965 1636 992 ac-

200 1003 383 1054 cesserit,
414 1019 546 1045 unum
576 1004 748 1060 aliquod
778 1007 999 1047 accesserit
1028 1006 1302 1048 commodum
1334 1007 1537 1062 corporiS‚
1559 1022 1634 1048 ne-

201 1074 284 1116 que
321 1074 415 1101 eam
454 1061 801 1103 constitutionem
834 1063 990 1104 summi
1021 1062 1135 1113 boni,
1168 1078 1264 1118 quae
1302 1072 1367 1105 est
1402 1064 1636 1119 proposita,

200 1126 436 1158 mutaverit.

256 1174 312 1214 Et
345 1174 485 1216 adhuc
519 1175 693 1231 quidem
727 1176 786 1217 ita
825 1176 946 1217 nobis
985 1190 1210 1232 progressa
1248 1177 1356 1218 ratio
1389 1185 1468 1229 est,
1504 1186 1553 1218 ut
1585 1191 1636 1219 ea

201 1229 425 1272 duceretur
441 1232 578 1272 omnis
592 1246 615 1272 a
631 1232 766 1287 prima
780 1232 1149 1274 commendatione
1169 1242 1342 1274 naturae.
1358 1247 1470 1274 nunc
1490 1242 1633 1274 autem

199 1286 313 1328 aliud
343 1286 433 1342 jam
474 1288 796 1342 argumentandi
838 1303 1062 1344 sequamur
1101 1303 1252 1344 genus,
1290 1299 1339 1330 ut
1376 1304 1462 1330 non
1497 1289 1635 1331 solum

198 1343 299 1398 quia
328 1357 403 1383 nos
434 1343 677 1398 diligamuS,
711 1344 783 1385 sed
817 1345 915 1401 quia
945 1344 1151 1402 cujusque
1181 1345 1311 1401 partis
1341 1354 1501 1387 naturae
1528 1355 1571 1387 et
1591 1346 1635 1388 in

197 1413 390 1455 corpore,
410 1408 453 1440 et
479 1400 522 1441 in
552 1401 694 1442 animo
727 1409 766 1434 80
780 1416 856 1443 sua
890 1416 1068 1458 quaeque
1099 1403 1157 1444 vis
1188 1402 1270 1444 sit:
1301 1402 1460 1444 idcirco
1493 1403 1536 1443 in
1567 1402 1635 1444 his

196 1455 323 1497 rebus
344 1470 524 1507 summa,
546 1466 687 1498 nostra
703 1466 851 1513 sponte
866 1473 1124 1500 moveamur.
1183 1460 1327 1515 Atque
1346 1468 1395 1500 ut
1414 1474 1439 1500 a
1457 1474 1635 1515 corpore

197 1512 352 1564 ordiar,
371 1512 553 1564 videsne,
573 1522 634 1565 ut,
656 1514 689 1555 si
718 1529 801 1570 qua
824 1515 866 1555 in
897 1515 1098 1556 membris
1129 1530 1268 1572 prava,
1296 1525 1369 1556 aut
1399 1515 1633 1567 debilitata,

199 1578 272 1611 aut
293 1568 517 1611 imminuta
536 1569 631 1620 sint,
654 1571 868 1612 occultent
888 1571 1080 1624 homines
1097 1573 1110 1613 ?
1143 1581 1191 1613 ut
1212 1573 1337 1613 etiam
1361 1572 1634 1623 contendant,

199 1635 244 1667 et
264 1626 495 1677 elaborent,
518 1626 552 1668 si
571 1627 733 1668 efficere
752 1628 931 1682 possint,
951 1637 999 1669 ut
1018 1639 1092 1670 aut
1123 1644 1207 1669 non
1227 1638 1426 1684 appareat
1444 1629 1633 1684 corporis

199 1682 363 1734 vitium,
399 1691 473 1724 aut
511 1698 639 1738 quam
678 1684 901 1725 minimum
941 1686 1174 1740 appareat?
1226 1686 1468 1741 multosque
1504 1686 1633 1726 etiam

177 1738 366 1781 -dolores
387 1739 615 1781 curationis
636 1741 1020 1804 causa-perferant?
1054 1751 1115 1792 ut,
1133 1742 1166 1783 si
1183 1742 1272 1797 ipse
1293 1757 1393 1783 usus
1415 1742 1633 1783 membro-

197 1811 292 1837 rum
314 1811 398 1837 non
418 1795 548 1837 modo
578 1811 663 1837 non
691 1811 842 1853 major,
873 1812 1013 1839 verum
1049 1799 1176 1840 etiam
1208 1799 1347 1840 minor
1374 1798 1541 1839 futurus
1562 1798 1633 1850 sit,

197 1867 345 1894 eorum
375 1862 517 1894 tamen
548 1854 707 1908 species
737 1853 790 1895 ad
824 1863 1016 1896 naturam
1048 1856 1308 1896 revertatur?
1341 1854 1495 1896 etenim
1530 1869 1632 1896 cum

197 1923 342 1951 omnes
364 1918 512 1951 natura
540 1918 653 1951 totos
684 1925 728 1951 se
762 1911 1018 1966 expetendos
1054 1919 1218 1966 putent,
1251 1925 1328 1953 nec
1356 1911 1401 1952 id
1429 1911 1485 1953 ob
1505 1910 1632 1952 aliam

197 1980 300 2017 rem,
321 1966 395 2008 sed
415 1975 587 2022 propter
606 1967 719 2022 ipsos
736 1984 745 2008 z
777 1982 944 2009 necesse
965 1977 1030 2009 est
1048 1969 1137 2025 ejus
1159 1968 1286 2009 etiam
1302 1976 1440 2023 partes
1458 1977 1633 2024 propter

197 2036 241 2063 se
258 2023 410 2079 expeti,
431 2023 546 2079 quod
581 2024 818 2065 universum
845 2034 1016 2080 propter
1041 2040 1085 2066 se
1112 2034 1342 2080 expetatur.
1402 2024 1554 2081 Quid?
1586 2023 1630 2065 in

196 2089 332 2130 motu,
352 2089 395 2121 et
413 2079 456 2121 in
487 2088 599 2120 statu
628 2081 818 2135 corporis
849 2081 1007 2123 nihilne
1041 2090 1120 2132 est,
1152 2081 1267 2138 quod
1299 2081 1632 2122 animadverten-

194 2134 296 2176 dum
319 2151 409 2177 esse
431 2137 523 2192 ipsa
543 2145 689 2177 natura
703 2137 867 2193 judicet
885 2139 898 2179 ?
932 2138 1295 2193 quemadmodum
1313 2138 1406 2193 quis
1426 2137 1631 2188 ambulet,

195 2192 354 2243 sedeat,
388 2194 459 2248 qui
493 2192 645 2233 ductus
681 2194 779 2244 oris,
813 2195 885 2249 qui
918 2194 1057 2236 vultus
1084 2195 1125 2236 in
1159 2209 1331 2251 quoque
1363 2195 1440 2235 sit:
1473 2194 1632 2236 nihilne

195 2258 259 2290 est
288 2250 330 2290 in
362 2248 426 2290 his
457 2249 596 2299 rebuS,
636 2250 750 2305 quod
785 2250 962 2306 dignum
995 2251 1144 2301 libero,
1176 2260 1249 2292 aut
1284 2251 1506 2306 indignum
1538 2264 1630 2291 esse

194 2306 428 2347 ducamus?
461 2321 599 2347 nonne
620 2306 718 2347 odio
749 2306 900 2362 dignos
931 2307 1088 2348 multos
1113 2317 1327 2363 putamus,
1348 2308 1419 2363 qui
1440 2306 1628 2362 quodam

193 2372 316 2403 motu
348 2372 422 2404 aut
460 2372 571 2404 statu
604 2362 796 2404 videntur
837 2373 995 2405 naturae
1034 2364 1189 2419 legem,
1228 2373 1270 2404 et
1310 2363 1487 2404 modum
1522 2378 1629 2404 con-

193 2417 414 2461 temsisse?
448 2420 518 2470 Et,
539 2419 738 2475 quoniam
762 2428 796 2452 81
815 2420 906 2461 haec
928 2419 1194 2462 deducuntur
1222 2420 1275 2461 de
1304 2434 1496 2476 corpore,
1527 2418 1630 2476 quid

192 2543 263 2579 fuit,
288 2550 320 2572 tet
343 2557 388 2581 ea,
412 2557 478 2587 quae
504 2546 569 2575 dixi
596 2559 614 2576 a
640 2554 747 2576 natura
770 2548 885 2585 habere,
930 2556 960 2578 et
976 2550 1044 2579 sine
1058 2559 1152 2579 sensu
1176 2549 1214 2578 ad
1239 2550 1271 2579 h.
1296 2549 1317 2579 1.
1342 2556 1427 2587 apto.
1452 2550 1631 2582 Lambinus

190 2594 279 2627 quam
289 2588 501 2628 perfectissima
517 2589 679 2619 haberemus
692 2591 709 2620 ἓ
930 2591 1054 2622 volebat
1069 2592 1175 2622 deleri.
1196 2593 1308 2622 frustra
1331 2593 1383 2622 alii
1401 2593 1629 2624 correctionem

237 2636 275 2664 78
298 2641 381 2660 necne
396 2631 451 2671 sit]
469 2631 507 2660 sit
523 2632 695 2662 delendum
713 2640 799 2672 puto.
930 2636 1015 2665 verbi
1033 2642 1204 2665 tentarunt.

235 2678 275 2707 79
299 2672 342 2701 sin
357 2681 397 2702 est
418 2674 448 2703 in
470 2674 516 2712 ea]
542 2676 689 2706 Davisius
713 2677 795 2706 bene
818 2685 887 2706 cor·
975 2685 1010 2708 81
1038 2678 1098 2707 haec
1114 2677 1290 2707 deducuntur
1313 2677 1346 2707 de
1367 2675 1491 2717 corpore]
1510 2677 1560 2708 Ab
1577 2678 1628 2709 hig

190 2716 261 2755 tigit
278 2715 323 2746 iis.
337 2717 467 2747 refertur
483 2718 570 2748 enim
584 2719 622 2748 ad
639 2718 709 2748 bona
725 2726 851 2748 naturae.
930 2721 1059 2751 liberare
1076 2730 1188 2759 corpus
1201 2721 1329 2750 student
1339 2721 1497 2751 homines.
1523 2720 1626 2750 Hora-

233 2765 273 2789 80
295 2769 347 2788 sua
377 2770 497 2801 quaeque
523 2761 571 2789 vis
600 2760 652 2800 sit]
682 2772 805 2802 quaeque
833 2762 885 2791 hic
930 2765 1013 2794 tius:
1038 2763 1174 2795 deducere
1195 2770 1306 2804 corpore
1320 2764 1432 2806 febres.
1450 2761 1576 2804 Epp.1‚
1595 2771 1626 2796 2.

188 2809 320 2831 sensum
343 2804 555 2833 commodum
582 2814 647 2834 non
679 2804 784 2835 habet.
829 2805 886 2834 Le·
930 2813 982 2838 48.

188 2844 288 2882 gerim
302 2846 446 2887 quaedam.
462 2856 538 2877 mox
560 2858 669 2877 summa
685 2847 828 2878 alienum
841 2856 886 2879 est
