1768 3095
584 125 773 177 LI'BER'
797 127 1042 176 PRIMUS.
1222 115 1227 120 ’
1446 133 1518 174 101·

91 243 295 292 iaculare.
325 243 673 299 tuentursrtamenr
694 259 795 287 eum
818 244 987 298 locum,
1017 257 1144 299 seque
1176 242 1314 293 facile,
1342 251 1391 283 ut
1417 241 1521 284 mihi

89 305 266 357 videtur,
286 302 523 361 expediunt.
550 300 599 344 ut
627 301 737 343 enim
764 301 957 355 ‘virtutem
978 300 1031 342 de
1060 300 1214 355 quibus
1234 308 1341 340 rante
1360 297 1522 345 dictum

91 371 168 413 est,
199 363 258 403 sic
287 357 514 403 amicitiam
546 357 704 413 negant
732 371 857 413 posse
883 372 907 397 a
937 357 1152 412 voluptate
1177 354 1402 400 discedere,
1425 368 1523 396 nam

93 432 191 459 cum
210 415 409 466 solitudo,
430 424 473 456 et
492 414 576 469 vita
594 416 683 461 sine
706 413 868 464 amicis,
889 412 1132 467 insidiarum
1159 422 1202 453 et
1231 420 1370 453 metus
1390 411 1525 467 >plena

92 475 160 524 sit,
194 473 299 514 ratio
332 471 425 528 ipsa
460 469 627 525 monetJ
654 470 861 523 amicitias
896 483 1141 525 comparare
1157 486 1169 510 ε
1208 468 1361 524 quibus
1395 467 1523 522 partis

91 529 360 582 confirmatur
391 527 583 578 a'nimus,
602 536 702 569 eta
732 541 805 582 spe
826 526 1131 582 pariendarum
1161 525 1424 581 voluptatum
1444 537 1523 564 se-

83 584 210 642 jungi
227 599 312 626 non
331 583 485 640 potestss
543 582 691 639 Atque
707 593 755 624 ut
775 582 888 638 odia,
906 582 1087 634 invidiae,
1105 581 1428 637 despicationes,
1447 579 1523 631 ad·
1536 578 1584 624 67

91 639 305 682 versantur
341 639 673 697 voluptatibus:·
698 640 757 681 sic
786 640 1000 694 amicitiae,
1028 654 1125 692 *non
1160 638 1297 691 modo*
1327 636 1524 679 fautrices
1586 686 1588 689 Ι

90 695 357 749 fidelissimae,
378 697 452 738 sed
471 697 612 751 uetiam
640 696 869 739 effectrices
891 705 989 737 sunt
1014 695 1280 751 voluptatum
1309 703 1396 736 tam
1414 693 1525 743 ami-

90 753 164 803 cis,
185 759 313 809 quam
335 753 428 796 sibi.
460 750 617 810 quibus‘
641 751 729 794 non
758 753 897 794 solum
916 752 1192 808 praesentibus
1217 752 1428 801 fruuntur,
1449 749 1523 791 sed

89 810 214 852 etiam
235 825 308 865 spe
325 809 546 867 eriguntur
565 807 863 865 consequentis
881 823 929 850 ac
949 809 1108 864 posteri
1126 807 1343 864 temporis·
1392 806 1563 865 Quodp·
1581 817 1633 845 ⁶3.

89 865 322 923 quianullo
341 866 472 908 modo
494 866 582 908 sine
602 866 786 907 amicitia
806 866 968 907 firmam
989 875 1033 917 et
1051 874 1303 920 perpetuam
1323 864 1524 920 jucundi·
1535 865 1565 886 ³·

90 927 221 965 tatem
253 923 348 964 vitae
383 932 527 964 tenere
548 937 800 979 possumus,
830 934 969 979 ‘neque
1002 935 1097 962 vero
1128 922 1261 976 ipsam
1297 920 1525 962 amicitiam

93 979 215 1030 tueri,
235 979 314 1021 nisi
334 994 453 1036 aeque
474 977 649 1030 amicos,
668 991 718 1021 ae
747 989 914 1020 nosmet
942 979 1059 1034 ipsos
1089 978 1341 1034 diligamus:
1373 978 1528 1026 iccirco

90 1040 139 1077 et‘
153 1035 235 1077 hoc
257 1036 395 1091 ipsum
426 1036 604 1078 efficitur
623 1036 666 1077 in
685 1036 884 1086 amicitia,
914 1045 957 1076 et
987 1035 1173 1087 amicitia·
1196 1049 1292 1086 cum
1314 1035 1530 1090 voluptate

92 1092 371 1135 connectitur.
401 1107 497 1134 nam
530 1102 573 1133 et
602 1093 797 1134 laetamur
826 1092 1060 1132 amicorum
1088 1091 1240 1144 laetitia
1265 1105 1383 1148 aeque
1403 1100 1529 1147 atque

95 1149 263 1199 nostra3
295 1149 515 1206 etrpariter
527 1148 720 1191 dolemus
737 1149 981 1204 angoribuS.
1188 1199 1191 1201 q
1268 1183 1270 1186 ,
1386 1196 1389 1197 ⁷
1463 1195 1466 1196 ⁷
1501 1170 1504 1173 ·

122 1211 125 1212 ’
149 1204 366 1253 Quocirca
384 1205 535 1246 eodem
557 1205 689 1247 modo
709 1206 872 1260 sapiens
900 1205 978 1245 erit
1009 1204 1182 1246 affectus
1214 1219 1315 1261 erga
1343 1204 1527 1246 amicum
1540 1203 1591 1242 68

95 1262 242 1317 quoin
263 1262 472 1317 seiPSum:
504 1276 696 1318 quosque
723 1262 887 1302 labores
915 1270 1090 1316 propter
1119 1276 1238 1303 suam
1267 1261 1529 1317 voluptatem
1553 1263 1562 1293 -”
1586 1267 1592 1270 ”

95 1317 339 1372 susciperet,
358 1317 530 1359 eosdem
551 1318 750 1373 suscipiet
768 1328 941 1373 propter
960 1317 1084 1358 amici
1104 1318 1386 1373 voluptatem:
1413 1333 1530 1373 quae-

95 1388 179 1429 que
211 1373 276 1426 de⁴
294 1373 518 1415 virtutibus
548 1373 660 1415 dicta
689 1383 801 1425 sunt,
826 1381 863 1410 77
883 1373 1242 1429 quemadmodum
1271 1374 1338 1414 hae
1368 1388 1533 1429 semper

95 1429 382 1484 voluptatibus
403 1430 622 1480 inhaerent,
642 1429 787 1470 eadem
810 1429 860 1470 de
880 1430 1063 1470 amicitia
1083 1429 1262 1471 dicenda
1281 1438 1392 1472 sunt.
1423 1445 1533 1485 prae-

95 1485 206 1527 clare
227 1485 338 1527 enim
358 1486 566 1541 Epicurus
586 1487 649 1527 his
672 1501 791 1541 paene
811 1487 966 1527 verbis:
1000 1486 1174 1537 Eadem,
1193 1487 1342 1542 inquit,
1363 1486 1534 1528 scientia

95 1541 347 1598 confirmavit
371 1541 567 1592 animum,
588 1557 637 1583 ne
656 1543 764 1598 quod
782 1549 856 1583 aut
873 1542 1176 1597 sempiternum,
1198 1551 1269 1583 aut
1291 1542 1532 1585 diuturnum

98 1597 258 1644 limeret
275 1597 431 1639 malum
446 1617 462 1650 ,-
494 1613 588 1655 quae
602 1599 828 1653 perspeaez't,
848 1598 892 1639 in
913 1599 984 1639 hoc
1012 1600 1096 1654 ipso
1127 1599 1228 1640 vitoe
1257 1599 1405 1653 spatio,
1426 1600 1532 1641 ami-

98 1654 209 1697 c'z‘tz‘oe
223 1653 468 1710 praesidium
487 1670 569 1697 esse
580 1654 887 1710 firmissimum.
947 1655 1056 1696 Sunt
1075 1665 1216 1697 autem
1236 1655 1409 1712 quidam
1431 1657 1531 1711 Epi·
1543 1651 1596 1699 69

97 1711 219 1759 curci
231 1711 462 1753 timidiores
482 1711 625 1767 paullo
650 1721 800 1752 contra
829 1720 963 1753 vestra
987 1713 1187 1763 convicia,
1210 1713 1281 1753 sed
1303 1722 1443 1760 tamen
1465 1728 1532 1754 sa·
1566 1716 1591 1722 ‘⁴
1638 1723 1640 1725 ’

98 1768 152 1809 tis
172 1768 300 1819 acuti,
321 1769 394 1823 qui
424 1779 630 1819 verentur,
651 1783 717 1819 ne,
738 1768 772 1808 si
792 1769 1021 1810 amicitiam
1052 1779 1224 1824 propter
1253 1779 1439 1810 nostram
1459 1779 1550 1810 vo-‘

97 1824 305 1882 luptatem
325 1824 602 1880 expetendam
623 1834 836 1879 putemus,
851 1834 943 1866 tota
959 1825 1142 1867 amicitia
1162 1826 1281 1881 quasi
1298 1826 1535 1868 claudicare

99 1880 302 1923 videatur.
331 1881 474 1935 itaque
493 1882 652 1935 primos
673 1896 941 1937 congressu‘S,
961 1882 1350 1938 copulationesque,
1370 1886 1536 1925 et'conss-

101 1936 374 1978 suetudinum
405 1937 754 1978 instituendarum
776 1938 1010 1980 voluntates
1033 1939 1118 1980 fieri
1139 1949 1312 1995 propter
1339 1939 1534 1996 voluptass

100 2002 217 2034 temt
247 2007 347 2034 cum
377 2002 520 2034 autem
550 2008 652 2034 usus
683 1995 956 2050 progrediens
986 1996 1315 2037 familiaritatem
1335 1996 1535 2048 effecerit}

101 2059 194 2091 tum
214 2063 402 2090 amorem
423 2049 680 2091 efflorescere
700 2060 881 2102 tantum,
900 2062 963 2103 ut,
984 2053 1109 2094 etiam
1143 2053 1176 2093 si
1204 2053 1319 2094 nulla
1339 2053 1391 2094 sit
1418 2053 1536 2095 utili-²

100 2114 164 2147 tas
183 2120 232 2148 ex
253 2105 452 2158 amicitia,
480 2116 620 2147 tamen
652 2106 730 2161 ipsi
758 2108 881 2148 amici
909 2118 1080 2164 propter
1111 2124 1154 2151 se
1186 2109 1299 2164 ipsos
1328 2119 1534 2152 amentur.

100 2162 256 2203 etenim
277 2162 311 2203 si
331 2162 440 2213 loca,
460 2162 494 2204 si
525 2163 636 2214 fana,
657 2163 691 2203 si
722 2165 861 2214 urbes,
883 2165 917 2205 si
945 2167 1182 2222 gymnasia,
1203 2166 1236 2207 si
1266 2180 1481 2222 campum,
1502 2166 1536 2208 si

100 2232 240 2270 canes,
259 2217 293 2259 si
312 2233 460 2274 equos,
481 2220 515 2260 si
536 2227 574 2256 78
592 2219 755 2261 ludicra
773 2221 991 2262 exercendi
1011 2231 1085 2263 aut
1104 2222 1278 2263 venandi
1308 2233 1537 2264 consuetu-

101 2274 212 2326 dine,
241 2275 440 2317 adamare
469 2276 686 2317 solemus:
720 2286 878 2332 quanto
909 2277 952 2318 id
981 2277 1022 2318 in
1056 2278 1278 2320 hominum
1308 2288 1536 2320 consuetu-

103 2330 201 2377 dine
222 2338 260 2369 79
277 2332 442 2374 facilius
477 2332 563 2373 fieri
595 2333 766 2388 poterit,
794 2342 838 2374 et
863 2333 1052 2389 justius?
1088 2343 1127 2367 80
1147 2336 1256 2376 Sunt
1285 2345 1442 2384 autem,
1464 2335 1536 2391 qui
1549 2338 1602 2380 70

104 2386 261 2439 dicant,
280 2387 420 2430 foedus
440 2389 655 2445 quoddam
674 2403 765 2431 esse
784 2391 1037 2446 sapientum,
1056 2400 1104 2432 ut
1123 2406 1174 2431 ne
1195 2391 1334 2432 minus
1364 2391 1536 2447 quidem
1547 2387 1581 2419 b·

102 2444 277 2497 amicos,
297 2459 425 2501 quam
455 2460 499 2486 se
527 2446 641 2501 ipsos
671 2445 863 2502 diligant.
893 2447 1007 2504 quod
1025 2456 1069 2488 et
1088 2447 1174 2489 fieri
1192 2462 1316 2504 posse
1336 2448 1537 2504 intelligi-

146 2563 183 2594 77
216 2557 653 2601 quemadmodum—inhaerent]
694 2560 801 2590 Immo
845 2560 962 2591 habet:
995 2562 1088 2602 idque
1118 2572 1165 2593 res
1192 2569 1223 2592 et
1250 2563 1407 2592 sententia
1433 2571 1542 2602 postu-

103 2600 286 2638 inhaererent,
304 2602 420 2641 pendet
437 2602 524 2632 enim
542 2611 559 2631 a
574 2601 652 2631 dicta
668 2609 743 2632 sunt.
844 2604 900 2633 lat.

125 2679 127 2683 ¹
149 2649 188 2679 78
204 2643 318 2674 ludicra
340 2654 435 2674 exerc.
452 2651 478 2674 et
500 2655 570 2674 ven.
586 2643 799 2685 consuetudine]
890 2652 929 2681 79
945 2646 980 2687 f.
998 2647 1033 2687 f.
1059 2645 1184 2686 poterit]
1213 2648 1264 2677 Sic
1291 2648 1360 2678 edd.
1388 2658 1433 2686 pr.
1459 2648 1540 2678 Ven.

105 2685 191 2727 Ordo
216 2693 264 2719 est
285 2688 311 2717 si
335 2688 483 2718 adamare
503 2687 624 2718 ludicra
646 2688 800 2724 solemus,
849 2696 940 2721 1494.
957 2690 1016 2720 ἅτε.
1033 2697 1102 2729 post
1118 2691 1202 2721 male
1217 2692 1338 2722 editum
1348 2691 1487 2730 potuerit.

106 2730 272 2769 exercendi
310 2736 342 2760 et
376 2730 512 2761 venandi
557 2731 799 2761 consuetudine.
889 2738 928 2762 so
944 2731 1020 2762 Sunt
1035 2740 1144 2768 autem,
1161 2735 1212 2775 qui
1234 2732 1345 2772 dicant]
1371 2734 1481 2762 Dicant
1502 2743 1542 2764 ex

107 2770 213 2811 Vulgo
230 2779 300 2807 exat
310 2771 435 2803 ludicras
457 2773 679 2804 consuetudines.
723 2774 804 2805 Edd.
846 2774 914 2813 lege
937 2775 1031 2806 bonae
1056 2776 1215 2807 latinitatis
1241 2777 1322 2806 edidi
1349 2786 1405 2815 pro
1430 2776 1542 2812 dicunt,

107 2819 182 2843 vett.
205 2823 318 2845 omnes
341 2815 468 2853 ludicra,
492 2817 604 2846 deinde
629 2816 806 2847 consuetudi·
846 2818 931 2856 quod
945 2818 1043 2859 vulgo
1056 2819 1169 2857 editur,
1186 2826 1222 2850 ut
1238 2820 1269 2850 in
1286 2819 1354 2850 aliis
1370 2818 1445 2850 locis
1461 2827 1542 2860 saepe

109 2866 166 2885 nes.
194 2857 243 2886 ed.
267 2857 351 2890 Ven.
375 2865 468 2891 1494.
490 2859 586 2890 etiam
610 2858 806 2890 consuetudine
848 2860 983 2892 factum.

844 2913 924 2956 1³3
