1778 3095
567 122 755 162 LIBER
783 124 1024 164 PRIMUS.
1424 132 1505 167 525

75 229 184 273 fallit
211 231 386 274 fortasse
404 244 748 287 nonnumquam:
781 230 852 271 sed
872 240 1014 273 tamen
1035 231 1089 273 ad
1119 229 1335 273 veritatem
1348 232 1500 296 saepis-
1513 238 1569 276 25

76 287 182 329 sime
209 289 367 345 dirigit.
396 297 460 329 est
487 288 597 328 enim
629 287 682 328 ab
712 288 826 328 omni
856 289 1086 329 aeternitate
1114 287 1317 344 repetita:
1347 288 1389 328 in
1421 304 1503 354 qua

74 357 171 385 curn
205 359 325 410 paene
353 343 763 385 421nnumerab1hter
792 358 856 385 res
883 343 1031 384 eodem
1053 344 1181 386 modo
1201 343 1411 385 evenirent
1431 346 1503 387 115-

74 399 171 441 dem
204 402 333 457 signis
363 400 625 455 antegressis,
646 415 709 441 ars
740 409 805 441 est
832 400 994 450 effecta,
1015 400 1159 440 eadem
1183 415 1290 455 saepe
1311 401 1503 442 animad-

73 458 273 499 vertendo
293 472 341 498 ac
362 456 559 498 notando.
618 457 821 511 Auspicia
845 471 941 497 vero
971 466 1104 497 vestra
1124 471 1248 511 quani
1277 459 1501 498 constant?
1524 458 1586 508 15

74 527 170 567 quae
202 514 370 569 quidem
402 528 511 554 nunc
530 528 556 554 a
582 513 781 554 Romanis
808 513 1039 568 auguribus
1071 513 1341 568 ignorantur:
1378 514 1506 567 (bona

74 567 159 610 hoc
199 579 273 611 tua
308 568 424 610 venia
459 569 662 610 dixerim:
674 571 688 623 )
722 584 746 610 a
783 569 1001 620 Cilicibus,
1038 569 1310 625 Pamphylfis,
1343 570 1504 621 Pisidis,

74 625 216 689 Lyciis
238 632 445 667 tenentur.
503 628 616 667 Nam
646 626 748 690 quid
778 641 861 682 ego
892 626 1103 682 hospitem
1135 635 1340 676 nostrum,
1361 626 1502 667 claris·
1516 637 1569 673 26

73 681 227 722 simum
258 690 384 737 atque
414 681 624 737 optimum
655 683 802 733 virum,
833 683 1086 747 Dejotarum
1117 696 1276 746 regem,
1313 697 1503 723 comme-

72 739 265 778 morem?
299 753 371 794 qui
400 738 504 779 nihil
538 754 740 795 umquam
772 739 850 780 nisi
879 739 1096 794 auspicato
1125 739 1260 794 gerit:
1289 738 1375 794 qui,
1406 753 1504 779 cum

72 808 124 834 ex
144 794 289 835 itinere
314 794 499 850 quodam
529 796 746 851 proposito
769 805 812 836 et
832 796 1062 837 constituto
1084 795 1329 846 revertisset,
1351 795 1546 850 aquilaep.
1561 809 1614 836 86.

71 849 311 892 admonitus
340 851 507 902 volatu3
539 852 736 893 conclave
760 852 880 902 illud,
909 853 982 893 ubi
1010 860 1099 893 erat
1122 866 1357 902 mansurus,
1380 852 1413 892 si
1444 851 1544 892 irea-

71 907 337 961 perrexisset,
366 908 557 963 proxima
582 916 706 948 nocte
731 910 902 949 corruit.
967 909 1140 971 Itaque,
1161 916 1208 948 ut
1235 923 1286 949 ex
1313 909 1405 963 ipso
1427 923 1502 948 au-
1516 921 1566 963 27

70 962 253 1013 diebam,
285 978 473 1019 persaepe
507 963 673 1004 revertit
712 978 762 1004 ex
797 964 958 1014 itinere,
993 978 1089 1005 cum
1124 963 1215 1019 jam
1257 979 1505 1019 progressus

71 1029 183 1060 esset
211 1020 441 1060 multorum
473 1020 635 1061 dierum
665 1020 786 1061 viam.
848 1020 984 1076 Cujus
1014 1020 1184 1075 quidem
1216 1020 1298 1060 1100
1328 1021 1506 1075 praecla-

70 1075 281 1116 rissimum
321 1086 399 1127 est,
444 1076 574 1132 quod,
623 1085 895 1132 posteaquam
937 1092 962 1118 a
999 1077 1168 1117 Caesare
1209 1084 1247 1108 43
1265 1077 1507 1128 tetrarchia,

71 1146 220 1196 regno,
248 1133 509 1188 pecuniaque
535 1132 737 1174 multatus
766 1143 843 1183 051,
877 1142 1004 1189 negat
1033 1148 1075 1174 se
1097 1142 1237 1174 tamen
1258 1147 1406 1173 eorum
1428 1148 1505 1174 au-

70 1187 313 1242 spiciorum,
333 1204 427 1253 quae
457 1189 534 1229 sibi
556 1189 608 1229 ad
638 1190 883 1253 Pompeium
910 1189 1188 1245 proficiscenti
1209 1189 1392 1230 secunda
1411 1204 1458 1230 ev
1460 1203 1506 1230 e-

69 1244 220 1294 nerint,
251 1246 468 1300 poenitere
498 1254 664 1286 senatus
695 1247 807 1286 enim
838 1247 1146 1296 auctoritatem,
1177 1254 1220 1286 et
1248 1245 1397 1300 populi
1418 1246 1504 1286 Ro-

68 1300 183 1340 mani
212 1301 465 1352 libertatem,
496 1311 622 1357 atque
652 1302 815 1358 imperii
847 1302 1096 1357 dignitatem
1131 1302 1214 1342 suis
1250 1302 1376 1342 armis
1412 1317 1506 1343 esse

68 1355 312 1399 defensam.
343 1358 505 1414 sibique
535 1373 603 1398 eas
633 1373 740 1409 aves,
772 1360 924 1414 quibus
953 1359 1196 1399 auctoribus
1235 1358 1418 1398 officium
1460 1368 1505 1399 et

69 1412 195 1454 fidem
216 1423 383 1455 secutus
409 1425 534 1466 esset,
559 1415 665 1455 bene
687 1415 960 1456 consuluisse.
990 1415 1267 1470 antiquiorem
1290 1415 1400 1454 enim
1424 1413 1503 1455 sibi

68 1468 198 1510 fuisse
230 1471 571 1525 possessionibus
592 1472 676 1511 suis
701 1472 895 1527 gloriam.
956 1471 1033 1512 Ille
1067 1471 1170 1511 mihi
1192 1470 1352 1511 videtur
1372 1471 1504 1535 igitur

66 1539 161 1566 vere
195 1527 408 1581 augurari.
467 1528 579 1568 Nam
622 1529 752 1568 nostri
789 1529 959 1584 quidem
998 1528 1268 1582 magistratus
1309 1527 1503 1582 auspiciis

68 1590 245 1624 utuntur
274 1583 445 1624 coactis.
477 1598 646 1624 necesse
675 1585 787 1625 enim
817 1594 893 1635 est,
924 1584 1008 1624 offa
1036 1585 1217 1640 objecta,
1240 1583 1389 1624 cadere
1414 1584 1503 1624 fru-

67 1648 182 1681 stum
218 1653 268 1680 ex
303 1639 408 1694 pulli
445 1654 532 1690 ore,
566 1655 666 1681 cum
700 1642 898 1695 pascitur.
957 1640 1086 1696 Quod
1122 1650 1262 1680 autem
1299 1642 1501 1694 scriptum
1514 1653 1564 1686 23

67 1695 247 1746 habetis,
297 1705 336 1727 44
355 1704 427 1737 aut
458 1696 691 1752 tripudium
723 1698 824 1747 fieri,
856 1697 889 1737 si
919 1711 968 1737 ex
999 1711 1049 1736 ea
1078 1696 1179 1751 quid
1210 1696 1251 1736 in
1274 1696 1412 1736 solum
1434 1710 1503 1737 ce-

67 1751 240 1793 ciderit:
280 1750 362 1793 hoc
392 1767 576 1816 quoque,
607 1753 722 1809 quod
763 1754 861 1803 dixi,
891 1763 1103 1817 0000111111,
1135 1751 1365 1807 tripudium
1405 1752 1505 1793 soli-

66 1809 243 1849 stimum
269 1808 421 1849 dicitis.
447 1809 588 1864 itaque
622 1810 757 1850 multa
784 1810 974 1865 auguria,
1003 1809 1174 1850 11111110
1162 1809 1362 1863 auspicia,
1388 1808 1505 1864 quod

57 1864 180 1906 Cato
206 1864 276 1905 ille
300 1865 462 1920 sapiens
493 1866 695 1921 queritur,
727 1866 985 1921 negligentia
1017 1865 1186 1920 collegii
1207 1865 1359 1906 amissa
1377 1866 1504 1921 plane

66 1929 110 1962 et
130 1921 294 1962 deserta
313 1930 425 1962 sunt.

123 1976 247 2019 Nihil
277 1978 363 2018 fere
393 1977 607 2033 quondam
637 1977 809 2034 majoris
841 1978 912 2029 rei,
935 1978 1011 2019 nisi
1041 1978 1272 2034 auspicato,
1293 1993 1345 2019 ne
1366 1978 1500 2034 priva·
1519 1976 1585 2028 16

66 2031 144 2075 11111
178 2033 364 2089 quidem,
398 2034 648 2089 gerebatur·
690 2035 805 2091 quod
838 2035 965 2075 etiam
1001 2050 1110 2076 nunc
1147 2036 1387 2090 nuptiarum
1427 2050 1502 2076 au-

66 2090 203 2145 spices
222 2089 448 2141 declarant,
470 2092 556 2146 qui,
576 2106 622 2132 re
641 2092 809 2142 omissa,
832 2106 983 2132 nomen
1007 2101 1173 2132 tantum
1193 2100 1348 2132 tenent.
1386 2093 1503 2133 Nam

66 2155 117 2187 ut
145 2161 257 2187 nunc
284 2147 414 2188 extis:
448 2162 704 2203 quamquam
735 2148 814 2189 id
805 2163 940 2203 lpsurn
963 2147 1178 2202 aliquanto
1197 2148 1350 2198 minus,
1374 2163 1503 2204 quam

67 2202 195 2243 olim:
229 2203 287 2244 sic
308 2212 399 2244 tum
421 2204 564 2244 avibus
586 2219 751 2268 magnae
772 2219 835 2245 res
856 2204 1056 2258 impetriri
1078 2204 1285 2245 solebant
1327 2205 1502 2269 Itaque,

66 2258 276 2300 ⁴&sinistra
303 2259 406 2301 dum
431 2274 516 2300 non
543 2261 813 2317 exquirimus,
843 2261 884 2302 in
913 2260 1002 2301 dira
1030 2268 1072 2301 et
1097 2261 1140 2301 in
1161 2260 1307 2301 vitiosa
1325 2260 1503 2302 incurri-

108 2421 149 2445 42
173 2415 390 2445 innumerabiles
405 2428 449 2445 res
466 2417 558 2446 eodem
574 2415 664 2455 modo]
683 2417 763 2447 Mss.
808 2417 887 2447 rexit
909 2417 984 2447 hinc.
1007 2426 1065 2456 ego
1088 2416 1202 2447 malim
1224 2417 1319 2446 deleri
1342 2423 1404 2448 aut.
1425 2426 1505 2449 mox

66 2457 171 2497 plures
194 2458 313 2489 habent
334 2459 595 2497 innumerabiliter,
618 2461 702 2490 unde
718 2469 764 2489 re·
806 2462 873 2490 sine
890 2460 1086 2490 haesitatione
1102 2470 1119 2490 e
1134 2459 1254 2489 solidum
1271 2460 1328 2490 feci
1346 2469 1423 2490 cum
1439 2460 1504 2490 Da-

67 2500 152 2538 cepit
174 2500 331 2532 Davisius.
377 2503 431 2532 Est
452 2512 527 2533 sane
551 2503 672 2533 facilior
693 2504 763 2532 haec
807 2503 884 2533 visio
900 2502 997 2533 solum.

67 2542 172 2579 lectio,
189 2550 282 2582 atque
298 2544 432 2575 melior
425 2558 431 2563 ·
457 2547 542 2576 unde
559 2553 589 2576 et
612 2556 668 2577 nos
685 2555 763 2576 cum
850 2553 888 2576 45
913 2545 1030 2574 sinistra
1042 2545 1110 2574 dum
1122 2556 1174 2574 non
1188 2545 1376 2587 exquirimus,
1391 2545 1421 2574 in
1435 2545 1503 2575 dira

66 2585 248 2616 Alemanno
265 2588 451 2626 recepimus.
806 2587 1033 2627 —incurr-imus]
1055 2589 1073 2617 i.
1092 2598 1119 2618 e.
1137 2589 1215 2618 dum
1229 2597 1292 2617 non
1310 2589 1501 2619 attendimus

109 2635 150 2659 43
176 2629 346 2665 tetrarchia,
362 2641 458 2668 regno,
467 2629 664 2673 pecuniaque]
682 2630 764 2661 Vul-
806 2631 845 2660 ad
869 2631 993 2661 sinistra
1019 2632 1170 2670 auspicia,
1199 2632 1232 2660 in
1257 2638 1367 2667 cantu,
1392 2631 1502 2662 volatu

67 2680 107 2708 go
121 2678 167 2702 est
183 2672 403 2708 tetrarchiae,id
419 2674 640 2712 corrigendum
658 2681 763 2702 tetrar-
806 2675 915 2704 avium
941 2676 1000 2704 &c.
1026 2675 1195 2704 incidimus
1219 2674 1252 2703 in
1278 2674 1362 2703 mala
1385 2674 1450 2703 dira
1471 2680 1502 2703 et

67 2712 142 2744 chia.
166 2715 208 2743 ita
229 2724 276 2744 res
293 2714 442 2754 postulat.
460 2725 534 2746 narn
551 2724 581 2746 et
596 2717 764 2746 tetrarchia
806 2717 935 2755 gravia3
959 2727 977 2746 a
999 2718 1115 2757 quibus
1138 2717 1238 2747 caveri
1263 2717 1354 2746 nobis
1370 2723 1501 2755 poterat,

68 2762 99 2786 et
122 2766 217 2795 regno
238 2764 285 2788 est
308 2758 476 2796 Dejotarus
492 2768 510 2788 a
525 2759 646 2790 Caesare
663 2761 763 2799 priva·
805 2760 830 2789 si
854 2759 908 2789 illa
934 2761 1025 2799 signa
1046 2760 1169 2790 sinistra
1195 2760 1446 2789 observassemus
1471 2764 1502 2788 et

69 2803 133 2829 tus.
806 2801 845 2831 ab
876 2804 997 2842 agendo
1033 2803 1177 2834 deterreri
1214 2811 1272 2833 nos
1303 2802 1383 2841 passi
1420 2810 1502 2830 esse-

112 2848 152 2872 44
175 2848 228 2872 aut
250 2842 408 2882 tripudium
420 2842 510 2882 fim']
534 2842 681 2876 Davisius
696 2853 764 2874 cor·
808 2854 893 2874 mus.
1312 2844 1315 2845 ⁷
