1768 3095
259 109 333 148 102
573 105 645 144 DE
673 105 831 146 FINIB.
851 106 1052 147 BONOR.
1073 108 1141 146 ET
1159 107 1362 146 MALOR.

253 221 364 259 muS,
384 215 430 251 et
448 222 560 266 saepe
578 210 623 252 id
643 210 847 268 videmus,
864 221 908 255 et
925 212 1290 270 perspicuumest,
1307 212 1411 256 nihil
1431 211 1483 253 ad
1496 211 1686 268 jucunde

251 264 473 308 vivendum
506 267 676 322 reperiri
703 282 840 325 posse,
874 269 990 326 quod
1021 269 1318 326 conjunctione
1347 268 1421 310 tali
1450 270 1503 310 sit
1532 271 1686 325 aptius.

251 320 419 378 Quibus
447 336 497 364 ex
527 325 724 366 omnibus
747 325 930 382 judicari
952 335 1107 382 potest,
1131 341 1215 368 non
1235 324 1364 367 modo
1386 340 1470 366 non
1490 326 1687 382 impediri

250 377 455 422 rationem
475 380 688 433 amicitiae,
707 382 741 422 si
761 394 976 425 summum
1002 383 1162 424 boumn
1183 383 1225 423 in
1244 382 1459 438 voluptate
1488 393 1685 437 ponatur,

250 434 326 499 sed
344 435 435 478 sine
455 435 537 479 hoc
557 436 867 495 institutionem
895 438 1092 491 amicitiae
1118 439 1295 482 omnino
1316 454 1400 480 non
1420 453 1543 495 posse
1563 454 1684 495 repe-

248 504 335 534 nri.
1176 508 1179 509 ⁷

166 556 232 605 21
305 548 579 605 Quapropter
597 551 632 593 si
650 564 712 601 ea,
732 565 828 606 quae
848 550 949 599 dixi,
968 549 1058 592 sole
1077 549 1169 604 ipso
1195 550 1425 593 illustriora
1444 559 1487 592 et
1507 551 1686 595 clariora

186 628 232 670 71
249 615 373 649 sunt:
403 605 438 647 si
469 607 614 651 omnia
641 607 740 659 dixi,
767 607 919 657 hausta
947 621 973 648 e
998 606 1116 648 fonte
1146 616 1336 649 naturae:
1365 608 1399 649 si
1429 616 1520 649 tota
1547 609 1684 650 oratio

247 670 392 703 nostra
423 662 597 705 ornnem
627 663 705 705 sibi
737 663 863 706 fidem
891 662 1339 714 sensibus‘confirmass
1359 663 1404 705 id
1431 672 1510 713 est,
1542 665 1682 707 incor-

243 717 380 772 ruptis
399 728 528 775 atque
545 720 721 776 integris
739 720 916 763 testibus
935 737 945 762 ε
976 719 1012 761 si
1040 718 1220 762 infantes
1250 718 1382 774 pueri,
1400 730 1531 762 mutae
1552 722 1682 764 etiam

242 773 406 824 bestiae,
425 788 544 830 paene
563 776 811 833 loquuntur,
829 775 1035 833 magistra
1062 790 1112 818 ac
1143 775 1252 818 duce
1281 784 1444 825 natura,
1464 776 1568 818 nihil
1591 792 1682 820 esse

240 844 507 888 prosperum,
527 832 606 874 nisi
622 832 898 889 voluptatem,
920 832 1026 888 nihil
1045 846 1256 890 asperum,
1277 831 1354 874 nisi
1374 832 1568 876 dolorem
1585 849 1597 884 3
1627 835 1682 878 de

241 887 397 944 quibus
416 902 553 945 neque
573 888 796 945 depravate
817 889 1028 946 judicant,
1053 903 1190 946 neque
1219 899 1446 944 corrupte:
1479 904 1616 932 nonne
1642 892 1681 933 ei

241 944 472 988 maximam
499 945 683 1001 gratiam
712 946 869 990 habere
902 945 1127 996 debemus,
1141 945 1216 1000 qui
1235 945 1314 998 hac
1343 946 1540 988 exaudita
1561 949 1681 1002 quasi

239 1014 343 1042 voce
363 1010 538 1054 naturae,
568 1003 627 1044 sic
655 1017 751 1046 eam
781 1003 914 1054 firme,
932 1003 1200 1059 graviterque
1229 1001 1610 1057 comprehenderit,
1629 1014 1698 1047 ut·

239 1070 386 1100 omnes
407 1058 514 1099 bene
535 1073 657 1101 sanos
675 1060 716 1101 in
736 1060 846 1101 viam
866 1059 1059 1115 placatae,
1079 1057 1331 1115 tranquillae,
1352 1059 1520 1116 quietae,
1541 1061 1678 1103 beatae

237 1113 333 1155 vitae
365 1113 624 1157 deduceret?
657 1117 730 1172 qui
761 1116 877 1172 quod
907 1116 985 1158 tibi
1015 1130 1166 1172 parum
1199 1114 1363 1156 videtur
1391 1116 1597 1167 eruditus,
1628 1133 1679 1160 ea

238 1183 367 1213 causa
398 1180 479 1222 est,
510 1171 627 1227 quod
662 1173 823 1220 nullam
857 1171 1138 1215 eruditionem
1173 1184 1265 1213 esse
1299 1171 1432 1222 duxit,
1467 1172 1545 1214 nisi
1581 1188 1677 1229 quae

174 1231 228 1281 '72
237 1226 375 1272 beatae
393 1227 488 1270 vitae
507 1228 773 1285 disciplinam
798 1229 979 1285 juvaret.
1037 1228 1107 1272 An
1127 1223 1197 1269 ille
1218 1237 1386 1284 tempus
1417 1238 1489 1269 aut
1511 1229 1553 1269 in
1573 1235 1678 1286 poe-

237 1282 291 1326 tis
309 1282 561 1335 evolvendiS,
580 1295 628 1326 ut
645 1299 743 1340 ego,
762 1295 807 1326 et
824 1284 1025 1334 Triarius,
1046 1292 1088 1325 te
1108 1283 1339 1333 hortatore,
1358 1284 1551 1337 facimus,
1572 1297 1675 1329 con·-

236 1341 456 1390 sumeret?
485 1340 531 1383 in
561 1340 715 1397 quibus
745 1340 861 1386 nulla
892 1340 1027 1383 solida
1055 1339 1230 1389 utilitas,
1251 1340 1474 1397 omnisque
1503 1344 1676 1397 puerilis

235 1404 300 1438 est
325 1395 580 1440 delectatio:
611 1406 685 1441 aut
717 1412 777 1448 se,
810 1406 858 1440 ut
885 1397 1021 1448 Plato,
1046 1397 1090 1438 in
1118 1395 1305 1448 musicis,
1325 1398 1574 1452 geometria,
1595 1410 1675 1442 nu·

234 1452 377 1502 meris,
412 1454 535 1496 astris
570 1456 837 1496 contereret?
880 1467 978 1510 quae
1015 1461 1058 1495 et
1096 1467 1121 1494 a
1158 1452 1273 1495 falsis
1301 1451 1429 1494 initiis
1467 1456 1675 1510 profecta,

233 1522 332 1553 vera
349 1522 441 1551 esse
459 1524 546 1552 non
563 1520 742 1567 possunt
759 1528 769 1552 ε
798 1519 857 1561 et,
878 1511 913 1553 si
931 1518 1072 1553 essent
1094 1523 1203 1560 vera,
1223 1508 1327 1550 nihil
1355 1510 1564 1561 afferrent,
1584 1522 1672 1569 quo

229 1563 477 1622 jucundius,
496 1565 540 1610 id
558 1575 637 1617 est,
659 1582 745 1623 quo
774 1567 927 1611 melius
955 1567 1199 1608 viveremus.
1230 1579 1300 1607 eas
1320 1580 1424 1621 ergo
1445 1574 1555 1610 artes
1574 1582 1672 1625 per·

234 1633 278 1663 se
308 1631 492 1673 ueretur,
513 1623 673 1667 vivendi
692 1633 827 1668 artem
847 1631 1023 1673 tantam,
1045 1632 1218 1678 tamque
1248 1636 1487 1677 operosam,
1508 1633 1551 1665 et
1572 1628 1668 1680 per·

127 1697 160 1730 p.
171 1692 223 1721 ⁶9·
234 1676 278 1721 in
309 1692 332 1719 e
360 1678 624 1721 fructuosam
655 1680 945 1737 relinqueret?
977 1680 1079 1721 Non
1109 1692 1212 1733 ergo
1244 1678 1452 1733 Epicurus
1486 1680 1673 1724 inerudi-

195 1735 318 1785 εἷήιιε,
337 1734 411 1776 sed
438 1735 467 1777 ii
490 1736 665 1786 indocti,
684 1737 772 1794 qui,
793 1751 887 1793 quae
918 1750 1071 1792 pueros
1101 1750 1184 1776 non
1214 1734 1410 1776 didicisse
1440 1747 1561 1793 turpe
1590 1748 1670 1794 est,

231 1803 283 1832 ea
300 1799 453 1847 putent
470 1806 604 1848 usque
622 1792 677 1835 ad
696 1801 954 1835 senectutem
974 1805 1064 1834 esse
1083 1791 1295 1833 discenda.
1356 1793 1466 1850 Qvuae
1487 1808 1586 1846 cum
1602 1795 1671 1850 di·

228 1846 374 1898 xisset‚
405 1848 635 1904 Explicavi,
668 1850 819 1905 inquit,
853 1849 1100 1891 sententiam
1139 1862 1295 1898 meam,
1332 1858 1376 1891 et
1408 1864 1461 1890 eo
1494 1849 1667 1907 quidem

226 1903 422 1955 consilio,
453 1912 576 1947 tuum
601 1905 812 1962 judicium
842 1915 891 1947 ut
921 1919 1240 1961 cognoscerem.
1269 1919 1364 1960 quae
1395 1905 1502 1951 mihi
1530 1906 1666 1954 facul-

226 1967 378 2061 taS,dut
396 1961 440 2003 id
459 1976 558 2005 meo
577 1963 781 2006 arbitratu
799 1963 996 2013 facerem,
1018 1971 1114 2004 ante
1134 1961 1216 2004 hoc
1235 1968 1404 2018 tempus
1430 1977 1665 2021 numquam

227 2022 295 2061 est
339 2024 423 2061 ata.
