1768 3095
145 260 175 290 p.
189 257 240 283 90.

507 248 604 300 M.
643 249 924 301 TULLII
965 223 1403 304 emmoms

689 441 1187 547 ‘FINIBUS

354 619 832 683 BONORUM
880 623 1003 684 ET
1053 623 1192 685 MA
1209 624 1553 718 LORUM

931 768 986 792 AD

793 849 1099 896 BRUTUM

684 959 886 1001 LIBER
913 960 1222 1002 TERTIUS.

814 1109 1057 1129 *-

744 1237 1153 1275 ARGUMENTUM.

229 1326 332 1365 Liber
349 1326 402 1361 bic
417 1339 491 1361 cum
510 1334 629 1374 quarto
648 1323 788 1360 continet
807 1321 957 1359 habitam
978 1323 1013 1359 in
1035 1322 1173 1360 Luculli
1194 1323 1381 1361 Tusculano
1397 1325 1485 1362 inter
1504 1326 1661 1364 Catonem

278 1389 310 1416 et
333 1379 515 1416 Ciceronem
540 1377 580 1414 de
591 1376 669 1422 fine
687 1377 840 1417 bonorum
858 1386 890 1413 et
909 1376 1068 1413 malorum
1091 1376 1362 1426 disputationem,
1383 1378 1417 1414 in
1436 1393 1505 1429 qua
1525 1381 1661 1418 Catoni

277 1433 422 1477 Stoicae,
445 1433 614 1470 Ciceroni
635 1431 883 1480 Peripateticae
905 1439 1019 1479 partes
1041 1429 1249 1468 tribuuntur.
1306 1432 1487 1468 Praemisso
1508 1432 1604 1472 brevi
1619 1434 1661 1471 de

276 1487 404 1524 ratione
436 1486 549 1522 Stoica
578 1494 609 1521 et
630 1484 855 1534 Peripatetica
883 1495 1038 1528 sermone,
1058 1492 1170 1520 utrum
1198 1483 1313 1520 verbis
1331 1498 1377 1521 an
1403 1499 1438 1522 re
1463 1486 1658 1538 discrepent,

275 1554 413 1590 quorum
439 1537 528 1576 illud
556 1538 665 1575 Cicero
691 1536 918 1580 contendebat,
945 1535 1004 1573 boc
1034 1536 1120 1574 Cato
1144 1536 1336 1586 pugnabat,
1354 1551 1383 1574 c.
1404 1545 1442 1576 3.
1462 1545 1488 1577 4
1504 1557 1515 1587 3
1532 1540 1585 1586 fit
1611 1541 1663 1579 ad

274 1595 381 1644 ipsam
401 1592 652 1643 disputationem
672 1591 822 1633 accessio,
841 1597 873 1628 et
897 1590 981 1627 Cato
1006 1598 1111 1627 totam
1139 1590 1286 1627 Stoicam
1314 1593 1474 1629 rationem
1497 1595 1657 1645 explicat.

274 1648 362 1694 Ejus
380 1645 613 1696 disputationis
639 1644 712 1682 haec
729 1658 859 1681 summa
883 1653 931 1680 est
947 1659 960 1680 .·
991 1643 1105 1680 Simul
1128 1657 1169 1680 ac
1195 1653 1297 1680 natus
1315 1654 1364 1681 est
1383 1645 1487 1692 bomo,
1507 1649 1576 1698 ipse
1591 1649 1657 1686 sibi

271 1699 518 1736 commendatur
535 1707 567 1736 et
584 1698 779 1735 conciliatur
798 1711 821 1734 a
844 1706 972 1734 natura
990 1696 1040 1734 ad
1054 1710 1088 1734 se
1103 1697 1380 1742 conservandum,
1399 1709 1431 1736 et
1449 1699 1496 1737 ab
1517 1701 1654 1739 interitu

270 1753 451 1790 alienatur.
509 1753 597 1789 Haec
615 1753 734 1801 prima
753 1751 932 1801 appetitio
951 1750 1010 1787 ubi
1027 1761 1200 1788 consecuta
1218 1761 1267 1788 est
1284 1751 1331 1794 id,
1350 1753 1440 1802 quod
1463 1754 1652 1804 quaerebat,

271 1807 409 1844 accedit
437 1806 608 1856 voluptas,
628 1819 706 1855 quae
726 1816 898 1856 perperam
916 1815 978 1854 pro
1007 1805 1078 1855 ipsa
1101 1805 1215 1854 prima
1233 1806 1429 1856 appetitione
1446 1806 1590 1844 habetur
1606 1808 1652 1846 ab

269 1861 426 1911 Epicuro,
443 1869 474 1896 et
494 1860 529 1895 in
549 1860 677 1908 primis
695 1859 922 1895 naturalibus
941 1871 972 1894 s.
990 1858 1107 1894 initiis
1135 1865 1277 1895 naturae
1300 1860 1449 1908 ponitur.
1509 1860 1581 1899 Sed
1604 1861 1655 1899 ad

267 1913 342 1951 haec
357 1913 469 1957 initia,
484 1921 619 1963 propter
636 1926 669 1949 se
685 1911 881 1963 appetenda,
894 1910 1056 1962 ponendae
1072 1912 1173 1948 etiam
1186 1921 1266 1948 sunt
1284 1925 1404 1949 rerum
1425 1915 1651 1964 cognitiones

272 1965 517 2017 (καταλῆψεις)
539 1975 570 2003 et
601 1973 692 2003 artes
711 1967 806 2017 ipsae,
825 1964 916 2016 quod
930 1966 1029 2015 pueri
1042 1964 1210 2014 gaudent,
1229 1966 1258 2002 si
1285 1965 1370 2015 quid
1393 1967 1457 2017 ipsi
1483 1968 1649 2013 invenere,

268 2022 329 2059 etsi
348 2020 434 2057 nibil
449 2019 525 2056 inde
543 2018 592 2056 ad
606 2033 639 2056 se
657 2019 813 2056 commodi
825 2018 1014 2070 perveniat,
1032 2032 1063 2055 et
1082 2018 1199 2068 dignae
1223 2028 1302 2055 sunt
1329 2027 1420 2056 artes.
1439 2022 1648 2066 assumtione,

265 2088 339 2111 cum
370 2084 402 2111 et
432 2073 628 2123 cognitiones
658 2073 858 2116 contineant,
876 2081 908 2109 et
933 2072 997 2109 via
1022 2073 1091 2109 sint
1118 2086 1159 2109 ac
1185 2073 1313 2108 ratione
1337 2073 1535 2112 constitutae.
1556 2087 1586 2112 c.
1608 2082 1646 2114 5.

268 2128 335 2166 His
354 2128 458 2164 initiis
480 2127 594 2177 positis
620 2127 770 2178 sequitur
790 2126 905 2176 prima
932 2125 1055 2162 divisio
1079 2125 1179 2162 baec:
1207 2125 1308 2163 aliud
1321 2128 1643 2174 esseaestimabile,

264 2180 355 2231 quod
371 2180 549 2218 secundum
568 2191 727 2218 naturam
744 2180 803 2224 sit,
820 2191 882 2216 aut
899 2178 1023 2227 efficiat
1033 2179 1168 2230 aliquid
1176 2190 1238 2229 per
1251 2191 1285 2215 se
1301 2180 1466 2218 selectione
1478 2180 1618 2231 dignum
1631 2199 1642 2228 ,²

264 2234 363 2271 aliud
388 2234 658 2277 inaestimabile,
677 2233 766 2284 quod
789 2234 831 2270 sit
849 2233 900 2269 illi
918 2233 1134 2270 contrarium.
1193 2232 1380 2270 Constituto
1405 2233 1476 2278 boc,
1494 2245 1546 2278 ut,
1565 2249 1644 2285 quae

261 2287 439 2325 secundum
471 2298 632 2324 naturam
664 2289 745 2330 sint,
771 2295 905 2337 propter
934 2299 967 2322 se
994 2295 1187 2329 sumantur,
1217 2287 1362 2336 primum
1395 2295 1445 2323 est
1478 2288 1641 2326 officium

265 2340 440 2391 (καθῆκον)
464 2350 501 2377 ut
519 2353 553 2377 se
569 2349 737 2378 conservet
764 2340 855 2376 bomo
881 2340 916 2375 in
942 2348 1080 2376 naturae
1104 2348 1214 2382 statu,
1235 2338 1385 2391 deinceps
1401 2350 1441 2377 ut
1458 2353 1498 2378 ea
1517 2348 1642 2386 teneat,

260 2408 339 2444 quae
365 2393 545 2430 secundum
571 2403 730 2431 naturam
757 2402 844 2434 sunt,
869 2393 1038 2442 pellatque
1060 2392 1241 2430 contraria.
1299 2393 1412 2431 Simul
1426 2401 1540 2432 autem
1554 2396 1643 2445 cepit

261 2447 560 2497 inteiligentiam,
578 2448 638 2483 vel
663 2446 850 2484 notionem
872 2446 985 2496 potius
1007 2444 1153 2495 (ἔννοιαν)
1174 2455 1207 2482 et
1232 2446 1325 2483 vidit
1348 2458 1460 2486 rerum
1487 2447 1640 2496 agenda·

258 2514 333 2536 rum
351 2500 509 2541 ordinem,
522 2499 602 2549 plus
629 2513 702 2536 eum
730 2499 858 2548 diligit,
877 2512 980 2549 quam
1000 2499 1072 2548 ipsa
1102 2499 1163 2535 illa
1191 2499 1306 2542 initia,
1327 2509 1428 2551 atque
1447 2501 1586 2550 colligit,
1605 2501 1641 2538 in

257 2567 293 2591 eo
317 2554 462 2604 positum
493 2565 561 2589 esse
588 2565 777 2589 summum
810 2553 963 2595 bonum,
991 2552 1080 2602 quod
1105 2553 1141 2589 in
1168 2554 1422 2590 convenientia
1442 2553 1635 2606 (ὁμολογίᾳ)

258 2616 423 2648 versetur,
440 2604 532 2656 quod
551 2616 611 2655 per
636 2620 670 2642 se
697 2612 900 2654 expetatur,
917 2618 993 2642 cum
1013 2604 1099 2646 nihil
1113 2618 1155 2642 ex
1171 2606 1274 2642 initiis
1300 2616 1435 2642 naturae
1457 2617 1589 2657 propter
1605 2620 1640 2644 se

255 2668 448 2712 appetatur,
475 2657 535 2695 sed
562 2666 695 2696 tantum
723 2659 910 2707 sekigamr.
939 2671 969 2695 c.
990 2658 1028 2695 6.
1085 2658 1171 2695 Cum
1197 2668 1310 2695 autem
1338 2659 1448 2696 omnia
1478 2659 1588 2708 officia
1613 2673 1637 2697 a

249 2713 369 2765 primis
396 2718 533 2749 naturae
558 2713 723 2755 oriantur,
742 2711 842 2748 etiam
872 2711 1058 2761 Sapientia
1089 2711 1166 2748 inde
1187 2711 1421 2762 proficiscatur
1438 2725 1560 2751 necesse
1574 2723 1635 2751 est.

255 2767 311 2804 Ea
331 2775 442 2803 autem
460 2773 492 2801 et
509 2765 615 2802 animi
633 2763 895 2815 magnitudinem
913 2765 1137 2815 complectitur
1159 2774 1191 2801 et
1206 2766 1395 2812 justitiam,
1415 2779 1499 2816 quas
1519 2767 1633 2803 virtu·

252 2829 300 2858 tes
317 2832 408 2858 nemo
428 2828 534 2856 tenere
546 2828 667 2869 potest,
685 2819 751 2856 nisi
767 2819 937 2863 statuerit,
955 2817 1042 2855 nihil
1064 2831 1130 2856 esse
1156 2818 1247 2870 quod
1270 2820 1400 2857 intersit
1416 2828 1480 2856 aut
1496 2819 1636 2869 differat
