1778 3095
221 123 294 161 186
532 122 603 159 DE
632 122 789 160 FINIB.
809 121 1007 160 BONOR.
1029 122 1095 159 ET
1122 121 1329 160 MALOR.

215 230 269 271 ab
290 229 435 280 herba,
455 230 676 286 relinquat,
699 239 741 272 et
761 245 837 286 pro
868 230 998 272 nihilo
1026 230 1179 272 habeat
1205 231 1396 282 herbam,
1417 230 1528 273 idem
1547 232 1648 275 facit

215 286 258 327 in
278 286 462 337 homine,
483 302 578 328 cum
601 302 698 328 eum
720 287 772 328 ad
794 288 966 329 rationis
985 287 1175 329 habitum
1208 287 1461 344 perduxerit.
1483 302 1649 345 semper

216 343 328 385 enim
349 345 408 385 ita
427 344 601 385 assumit
618 344 790 399 aliquid,
811 354 860 385 ut
873 359 933 395 ea,
949 360 1042 399 quae
1060 345 1194 399 prima
1210 345 1384 395 dederit,
1399 359 1451 385 ne
1471 344 1646 387 deserat.

154 403 204 437 38
220 401 367 455 Itaque
398 401 636 442 72sensibus
667 400 871 441 rationem
903 401 1122 464 adjungit3
1154 410 1210 453 et,
1243 402 1451 442 7=3ratione
1487 402 1648 454 effecta,

217 471 363 498 sensus
386 472 469 498 non
489 456 701 520 relinquit.
720 465 768 497 ut
789 457 822 497 si
846 457 1010 498 cultura
1040 457 1201 522 vitium,
1231 458 1352 514 cujus
1383 458 1464 499 hoc
1494 473 1648 500 munus

215 524 294 565 est,
315 524 363 554 ut
381 514 547 565 efficiat,
567 524 615 554 ut
633 513 725 553 vitis
747 528 842 553 cum
874 514 1061 567 partibus
1093 514 1177 554 suis
1204 516 1401 556 omnibus
1421 529 1546 571 quam
1568 529 1648 570 op-

216 570 321 611 time
357 584 399 610 se
436 571 613 611 habeat:
651 569 742 623 (sed
776 569 835 609 sic
867 569 1181 625 intelligamus:
1215 571 1312 612 licet
1343 572 1473 636 enim,
1500 580 1550 612 ut
1575 586 1649 613 vos

216 641 388 682 quoque
418 626 560 668 soletis
592 627 748 681 lingere
777 626 938 690 aliquid
966 626 1146 667 docendi
1179 632 1319 680 causa)
1354 628 1387 669 si
1418 629 1548 684 igitur
1578 628 1652 669 illa

218 683 384 724 cultura
418 684 564 724 vitium
599 683 639 722 in
672 683 754 722 vite
786 683 896 732 insit,
928 683 1018 747 ipsa
1048 692 1200 733 cetera,
1233 685 1375 735 credo,
1412 685 1523 735 velit,
1555 699 1649 740 quae

219 739 273 780 ad
293 740 512 780 colendam
535 740 660 780 vitem
682 713 932 790 attinebuiit,
960 740 1068 780 sicut
1099 749 1250 780 antea:
1283 755 1326 782 se
1346 750 1488 782 autem
1511 742 1649 782 omni-

89 801 207 833 P·1¹⁵··
219 797 298 837 bus
328 797 421 837 vitis
451 796 639 851 paitibus
669 795 876 850 praeferat,
909 805 1148 851 statuatque
1182 796 1284 837 nihil
1313 812 1403 838 esse
1432 798 1618 839 melius
1608 813 1650 839 1n

177 846 313 902 a'vite,
343 868 469 908 quain
501 867 569 893 se:
601 852 792 893 similiter
822 867 983 904 sensus,
1003 866 1112 893 ‘culn
1145 853 1321 895 accessit
1355 854 1408 895 ad
1443 863 1650 905 naturam,

219 919 361 951 tuetur
390 910 504 950 illam
536 909 723 965 quidem,
754 909 828 950 sed
858 909 982 950 etiam
1016 918 1159 951 tuetur
1189 925 1262 952 se:
1293 925 1391 951 cum
1421 919 1562 951 autem
1585 926 1652 952 as-

220 976 361 1007 sumta
392 966 498 1006 ratio
532 975 608 1017 est,
644 976 763 1007 tanto
797 967 837 1007 in
870 966 1092 1008 dominatu
1120 966 1300 1016 locatur,
1329 976 1378 1008 ut
1409 967 1551 1008 omnia
1580 968 1654 1009 illa

156 1034 208 1074 39
220 1023 355 1078 prima
372 1033 547 1074 naturae,
565 1022 692 1078 hujus
707 1023 849 1064 tutelae
864 1023 1152 1079 subjiciantur.
1205 1024 1351 1079 Itaque
1372 1039 1456 1065 non
1474 1023 1653 1065 discedit

220 1079 274 1120 ab
304 1094 451 1121 eorum
483 1080 715 1130 curatione,
743 1080 896 1144 quibus
926 1080 1152 1136 praeposita
1178 1080 1305 1120 vitam
1335 1095 1504 1121 omnem
1527 1080 1654 1122 debet

218 1137 479 1191 gubernare:
514 1144 550 1173 74
563 1145 614 1178 ut
631 1137 770 1177 mhari
790 1137 888 1178 satis
905 1151 1050 1177 eorum
1067 1137 1387 1178 inconstantiam
1411 1152 1495 1178 non
1515 1137 1651 1192 possi·
1700 1174 1704 1179 .

219 1208 327 1234 mus.
352 1193 582 1234 naturalem
603 1193 714 1233 enim
734 1193 1050 1248 appetitionem,
1073 1208 1199 1248 quam
1217 1202 1366 1234 vocant
1386 1196 1508 1249 ὁρμὴν,
1529 1195 1653 1234 item-

219 1264 302 1305 que
334 1250 535 1300 offieium,
567 1250 702 1304 ipsam
737 1249 863 1290 etiarn
905 1249 1115 1300 virtutem,
1153 1258 1341 1290 tuentem
1379 1264 1471 1290 esse
1508 1249 1655 1292 volunt

217 1321 362 1347 earum
384 1320 538 1356 rerum,
561 1321 654 1361 quae
684 1305 915 1347 secundum
947 1314 1137 1346 natmam
1169 1315 1280 1356 sunt,
1311 1320 1409 1347 cum
1439 1314 1579 1347 autem
1601 1306 1656 1348 ad

216 1377 433 1405 summum
455 1363 616 1403 bonum
646 1362 792 1404 volunt
819 1362 1047 1418 pervenire,
1074 1363 1313 1403 transiliunt
1334 1363 1490 1413 omnia,
1510 1371 1554 1404 et
1567 1362 1654 1404 duo

219 1419 341 1460 nobis
362 1433 488 1474 opera
508 1434 586 1474 pro
605 1433 693 1460 uno
712 1419 969 1475 ielinquunt‚
995 1431 1043 1460 ut
1069 1420 1149 1460 alia
1176 1434 1407 1470 sumamus,
1428 1420 1510 1461 alia
1531 1428 1654 1476 7⁵ap-

219 1484 429 1530 petamus,
448 1477 604 1530 potius,
626 1482 803 1531 76quam
819 1491 905 1517 uno
927 1476 1005 1516 fine
1024 1484 1252 1532 utrumque
1272 1476 1542 1517 concludant.

141 1536 205 1584 15
277 1540 312 1568 77
325 1532 388 1573 At
408 1532 519 1573 enirn
532 1534 621 1588 jam
641 1532 794 1583 dicitis,
818 1533 1013 1573 xirtutem
1044 1548 1128 1573 non
1159 1547 1282 1588 posse
1303 1533 1516 1597 constitui,
1534 1533 1569 1574 si
1589 1547 1652 1584 ea,

155 1610 208 1644 40
220 1604 315 1645 quae
336 1598 454 1630 extra
473 1590 666 1630 virtutem
685 1589 782 1640 sint,
801 1589 853 1630 ad
873 1590 993 1629 beate
1026 1589 1247 1631 vivendum
1268 1589 1517 1644 pertineant.
1539 1590 1654 1645 quod

218 1655 357 1687 totum
380 1654 528 1687 contra
549 1653 626 1686 est.
685 1645 904 1687 Introduci
924 1645 1035 1686 enim
1055 1647 1185 1687 virtus
1210 1647 1326 1687 nullo
1348 1646 1478 1687 modo
1498 1655 1654 1702 potest,

217 1703 297 1744 nisi
318 1703 475 1753 omnia,
495 1717 589 1758 quae
619 1701 750 1758 leget,
781 1717 961 1759 quaeque
988 1703 1163 1758 rejiciet,
1193 1718 1319 1744 unam
1350 1704 1580 1744 referantur
1601 1703 1654 1744 ad

217 1774 443 1800 summam.
465 1774 563 1800 nam
590 1766 627 1795 78
640 1774 674 1800 51
705 1760 878 1800 omnino
909 1774 985 1800 nos
1016 1759 1290 1815 negligimus,
1313 1760 1405 1801 79in
1427 1759 1655 1801 Aristonea

261 1880 300 1909 72
323 1874 446 1904 sensibus
482 1874 620 1903 rationem
649 1873 915 1913 adjungit—relin-

218 1916 298 1959 quit]
336 1918 398 1947 Hie
429 1918 510 1947 edidi
540 1917 688 1958 adjungit,
716 1925 746 1946 et
777 1916 916 1958 relinquit

218 1970 274 2000 pro
289 1960 427 2000 adjunxit
449 1967 479 1989 et
503 1959 633 2001 reliquit,
658 1970 730 1999 quae
753 1961 797 1989 sic
822 1961 916 1989 corri-

218 2005 320 2042 genda
350 2013 429 2037 esse,
469 2004 593 2033 dudum
632 2013 683 2032 me
713 2013 823 2033 sensus
856 2003 914 2032 loci

218 2047 338 2076 docuit.
384 2047 443 2076 Sed
461 2045 600 2087 relinquit
616 2047 711 2086 reperi
735 2047 766 2076 in
784 2047 853 2076 edd.
870 2057 914 2085 pr.

218 2099 258 2119 ex
274 2099 351 2129 quo,
369 2089 504 2119 alterum
519 2090 654 2130 adjungit
674 2100 739 2119 esse
755 2089 913 2126 debuisse,

217 2134 251 2162 in
268 2140 394 2172 promtu
412 2139 469 2162 est.

262 2182 300 2210 73
326 2175 436 2204 ratione
465 2173 580 2215 efficta]
615 2174 699 2205 Cum
735 2175 849 2210 effecit,
881 2182 916 2205 ut

219 2218 318 2248 homo
340 2219 460 2248 ratione
484 2217 529 2247 uti
552 2218 658 2256 possit.
682 2219 795 2248 frustra
817 2219 848 2247 in
875 2219 916 2258 ff-

207 2262 296 2301 ficta
313 2262 430 2291 haesere
447 2261 502 2290 viri
516 2261 610 2290 docti.

262 2310 301 2339 74
326 2312 357 2334 ut
385 2304 489 2333 mirari
509 2304 578 2332 satis
606 2314 699 2331 torum
728 2303 749 2333 i.
777 2314 830 2332 non
849 2310 915 2343 pos-

218 2347 317 2386 simus]
352 2348 536 2386 Abruptum
567 2347 629 2376 hoc
658 2354 714 2376 est.
739 2357 832 2376 eorum
859 2347 916 2376 ali-

216 2391 292 2429 quid
316 2392 444 2430 requirit
465 2390 617 2429 amplius,
642 2400 758 2428 nempe
780 2390 831 2430 qui
855 2391 913 2420 ἃς.

217 2433 262 2462 nil
290 2434 405 2464 melius
431 2434 509 2470 scio,
535 2442 634 2472 quam
662 2440 697 2462 ut
718 2435 816 2463 oratio
837 2442 913 2462 con-

216 2477 359 2506 tinuetur
387 2477 445 2513 sic,
482 2476 533 2517 qui
565 2475 728 2505 naturalem
761 2476 914 2515 appetilio-

217 2529 280 2548 nem
309 2521 367 2549 dcc.
393 2529 468 2549 nam
500 2519 621 2548 mentio
648 2518 913 2558 philosophorum

217 2571 312 2602 supra
327 2563 410 2592 facta
432 2563 529 2592 nimis
552 2562 591 2591 ab
615 2563 648 2591 h.
673 2561 694 2591 l.
720 2569 840 2591 remota
855 2568 913 2597 est,

219 2611 255 2634 ut
269 2606 308 2635 ad
331 2615 384 2635 eos
407 2606 578 2635 commode
603 2605 706 2634 referri
729 2616 823 2633 eorum
849 2614 914 2634 non

217 2648 326 2687 possit.

261 2696 300 2725 75
324 2696 391 2730 app.
407 2689 518 2730 potius]
539 2689 636 2729 potius
659 2690 792 2729 pertinet
814 2691 852 2720 ad
872 2701 914 2719 re-

217 2733 364 2775 linquunt.

258 2781 298 2811 76
321 2788 352 2818 q.
368 2782 401 2805 ut
416 2786 469 2805 uno
473 2775 540 2815 fine
559 2782 713 2816 utrumque
728 2774 909 2814 concludant]

215 2826 368 2861 utrumque
388 2818 457 2857 jam
480 2819 574 2849 edidit
597 2829 614 2849 e
638 2818 701 2848 Ms.
726 2819 857 2857 antiquo
878 2819 911 2849 P.

216 2863 395 2900 Manutius,
412 2863 553 2902 itemque
576 2872 616 2893 ex
628 2862 746 2892 Eliensi
762 2862 910 2893 Davisius

959 1884 1014 1913 pro
1044 1873 1173 1913 vulgato
1196 1873 1298 1903 omnia.
1328 1873 1443 1904 melius
1469 1880 1515 1904 est
1543 1875 1656 1914 utique

959 1925 1125 1959 utrumque,
1149 1926 1193 1947 sc.
1217 1923 1304 1956 opus.-
1328 1918 1516 1957 respicitque
1539 1918 1578 1947 ad
1601 1917 1655 1947 duo

959 1967 1055 1998 opera,
1080 1969 1195 1999 nempe
1219 1967 1249 1989 et
1271 1960 1435 2000 appetendi
1459 1967 1489 1990 et
1504 1961 1653 1991 sumendi

958 2013 983 2032 5.
1002 2004 1203 2042 praeponendi
1220 2002 1356 2033 alterum
1373 2003 1471 2033 alteri.

1005 2052 1040 2081 77
1067 2046 1111 2075 At
1140 2046 1213 2075 enim
1239 2045 1307 2084 jam
1337 2045 1446 2083 dicitis]
1480 2047 1570 2075 Varie
1601 2046 1654 2075 hic

959 2089 1062 2126 locus,
1079 2090 1111 2118 in
1127 2099 1192 2128 quo
1212 2089 1246 2117 τὸ
1257 2089 1326 2128 jam
1348 2089 1492 2125 offendit,
1516 2090 1548 2118 in
1574 2089 1654 2119 Mss.

958 2131 1073 2171 legitur
1095 2139 1126 2162 et
1148 2133 1312 2171 corrigitur
1337 2141 1355 2160 a
1377 2132 1449 2161 viris
1473 2131 1585 2168 doctis,
1614 2141 1655 2162 ex

960 2185 1072 2205 eorum
1109 2176 1257 2214 vestigiis.
1294 2174 1346 2204 alii
1385 2184 1440 2213 pro
1476 2184 1513 2204 eo
1543 2174 1657 2214 legunt

961 2229 1076 2254 veram,
1103 2218 1188 2256 quod
1219 2225 1248 2247 et
1274 2218 1343 2247 edd.
1370 2227 1416 2256 pr.
1447 2218 1579 2254 habent,
1603 2217 1654 2248 vel

961 2262 1005 2290 At
1021 2261 1095 2289 enim
1110 2271 1178 2290 vero
1191 2271 1200 2288 :
1224 2260 1277 2290 alli
1301 2267 1336 2290 ut
1354 2261 1529 2291 Lambinus
1545 2267 1576 2290 et
1590 2261 1655 2290 Da-

958 2304 1054 2334 visius
1065 2304 1108 2333 At
1123 2303 1197 2332 enim
1207 2310 1313 2333 natura
1325 2303 1434 2333 dicitis.
1452 2304 1533 2334 mihi
1549 2314 1652 2333 veram

958 2347 1099 2376 maxime
1115 2346 1226 2386 placet.
1244 2356 1320 2376 nam
1337 2352 1367 2376 et
1384 2347 1418 2377 L.
1442 2347 1481 2377 V.
1499 2357 1573 2376 vera
1587 2346 1654 2375 vir·

957 2396 1002 2418 tus
1029 2396 1242 2419 memoratur:
1281 2390 1337 2419 etsi
1367 2396 1437 2429 post
1469 2389 1654 2429 simpliciter

956 2433 1066 2462 eadem
1082 2433 1202 2471 phmis
1219 2439 1276 2469 est,
1300 2434 1367 2462 sine
1382 2443 1468 2470 vera,
1485 2443 1550 2474 quae
1567 2439 1653 2461 extra

957 2475 1098 2504 virtutem
1120 2476 1189 2511 sint,
1213 2484 1249 2506 ut
1272 2477 1386 2513 honos,
1410 2476 1538 2513 divitiae,
1569 2476 1655 2506 bona

955 2518 1103 2548 valetudo
1126 2529 1198 2557 quae
1225 2520 1394 2556 sumenda,
1418 2519 1584 2559 praeposita
1606 2519 1655 2549 di-

958 2562 1082 2591 cebant.

1002 2610 1040 2639 78
1065 2605 1088 2632 si
1104 2604 1214 2634 omnino
1230 2616 1276 2634 nos
1299 2603 1484 2644 negligimus]
1510 2615 1568 2640 nos,
1593 2605 1652 2634 int.

958 2657 1084 2687 corpus,
1107 2654 1137 2677 et
1160 2658 1232 2687 quae
1255 2649 1293 2678 ad
1317 2649 1347 2678 id
1370 2648 1538 2688 pertinent,
1555 2647 1653 2677 Davi-

957 2691 1022 2720 sius
1038 2697 1126 2729 putat
1141 2690 1314 2730 legendum
1337 2691 1410 2728 haec,
1431 2700 1504 2730 quae
1520 2690 1654 2730 legenda

957 2741 988 2763 et
1011 2733 1179 2772 rejicienda
1201 2741 1277 2764 sunt
1291 2743 1310 2764 a
1325 2735 1448 2764 virtute.
1495 2734 1590 2763 Favet
1605 2743 1653 2763 se-

956 2786 1058 2816 quens
1071 2789 1076 2806 :
1101 2776 1145 2805 sin
1161 2788 1193 2805 ea
1209 2788 1262 2806 non
1277 2777 1459 2816 negligimus.

1000 2826 1040 2854 79
1065 2819 1094 2848 in
1110 2819 1264 2850 Aristonea
1284 2819 1379 2860 vilia]
1395 2830 1427 2852 v.
1444 2820 1487 2856 II,
1507 2825 1556 2850 13,
1573 2819 1652 2850 adde

953 2869 983 2893 et
999 2873 1077 2893 mox
1093 2872 1121 2892 c.
1141 2867 1189 2893 16.
