1778 3095
514 160 696 206 LIBER
725 158 1063 197 SECUNDUS.
1433 160 1508 195 433

81 262 194 306 bus?
228 266 330 322 quid
348 269 573 309 vovemus?
606 267 668 308 At
696 266 822 306 etiam
852 265 958 305 liber
988 272 1052 305 est
1081 263 1266 319 Epicuri,
1284 261 1335 303 de
1355 264 1508 305 sancti-

82 329 184 363 tate.
243 324 448 365 Ludimur
477 324 529 364 ab
560 323 731 363 homine
762 337 844 362 non
877 330 964 362 tam
995 322 1147 371 faceto,
1168 333 1294 376 quam
1323 319 1374 359 ad
1405 321 1504 361 scri·
1523 327 1594 359 123

81 377 209 420 bendi
230 380 439 421 licentiam
459 380 604 419 libero.
665 380 775 421 Quae
805 378 916 418 enim
950 386 1092 433 potest
1121 391 1210 416 esse
1242 376 1452 426 sanctitas,
1474 378 1508 417 si

80 433 140 475 dii
173 436 353 476 humana
383 450 464 476 non
497 438 670 476 curant?
704 451 797 491 quae
830 445 972 475 autem
1002 434 1189 474 animans
1220 441 1381 481 natura,
1405 432 1510 472 nihil

80 495 262 533 curans?
308 494 439 532 verius
479 503 542 532 est
582 492 711 547 igitur
747 491 943 532 nimirum
980 490 1099 541 illud,
1142 488 1257 544 quod
1296 487 1509 528 familiaris

79 549 271 589 onmium
292 551 479 588 nostrum
516 549 760 589 Posidonius
787 547 981 588 disseruit
1001 547 1043 587 in
1064 546 1171 587 libro
1192 544 1340 600 quinto
1363 544 1414 585 de
1435 558 1508 584 na-

78 611 173 644 tura
194 605 383 654 deorum,
405 604 543 645 nullos
562 620 652 645 esse
673 605 788 655 deos,
811 605 993 660 Epicuro
1014 602 1167 643 videri:
1199 615 1377 657 quaeque
1398 600 1431 640 is
1452 600 1505 641 de

78 659 157 700 diis
175 660 481 701 immortalibus
512 661 674 712 dixerit,
696 661 858 702 invidiae
889 659 1146 701 detestandae
1174 658 1310 713 gratia
1341 657 1506 698 dixisse.

77 730 213 771 neque
242 717 351 756 enim
384 726 469 757 tani
500 718 705 774 desipiens
735 719 895 768 fuisset,
926 727 975 758 ut
1002 724 1039 748 43
1056 715 1304 756 homunculi
1325 713 1505 754 similem

76 771 203 812 deum
240 772 432 828 fingeret,
465 775 727 816 lineamentis
758 775 958 816 duntaxat
993 772 1204 822 extremis,
1237 785 1321 811 non
1358 770 1506 811 habitu

75 828 226 878 solido,
248 831 446 871 membris
479 832 661 872 hominis
694 832 917 886 praeditum
949 830 1158 879 omnibus,
1181 843 1260 869 usu
1291 826 1505 867 membro-

74 898 167 926 rum
190 900 240 926 ne
262 887 438 928 minimo
459 888 645 943 quidem,
665 888 814 928 exilem
847 887 1055 943 quendam
1080 895 1206 941 atque
1226 883 1504 939 perlucidum,

74 940 179 982 nihil
207 943 403 998 cuiquam
435 946 702 995 tribuentem,
726 944 828 985 nihil
856 943 1178 999 gratificantem,
1199 941 1371 981 omnino
1402 939 1506 981 nihil

73 1010 307 1047 curantem,
344 1000 447 1040 nihil
480 1009 689 1056 agentem.
736 1016 829 1056 quae
866 1008 1013 1041 natura
1046 998 1230 1054 primum
1263 997 1377 1039 nulla
1413 1011 1504 1037 esse

72 1063 240 1109 potest:
272 1056 398 1112 idque
432 1057 573 1098 videns
607 1056 828 1112 Epicurus,
859 1071 902 1097 re
931 1056 1056 1106 tollit,
1086 1055 1275 1096 oratione
1307 1053 1504 1109 relinquit

72 1109 191 1151 deos.
249 1113 429 1163 Deinde,
465 1114 499 1154 si
532 1115 713 1155 maxime
748 1115 841 1155 talis
875 1122 940 1154 est
972 1113 1089 1162 dem,
1120 1121 1167 1152 ut
1204 1110 1319 1151 nulla
1351 1111 1592 1166 gratia,124

72 1166 189 1207 nulla
209 1167 427 1210 hominum
450 1171 622 1212 caritate
647 1180 863 1221 teneatur3
895 1170 1041 1211 valeat.
1073 1168 1174 1224 quid
1204 1168 1316 1208 enim
1349 1167 1500 1217 dicam,

69 1224 278 1279 propitius
314 1226 397 1267 sit?
431 1242 521 1268 esse
553 1228 664 1268 enim
695 1228 899 1282 propitius
931 1236 1072 1282 potest
1093 1225 1263 1275 nemini,
1284 1223 1501 1279 quoniam,

70 1287 119 1320 ut
139 1281 291 1334 dicitis,
313 1284 449 1324 omnis
468 1284 511 1324 in
531 1284 820 1325 imbecillitate
839 1292 903 1324 est
923 1292 966 1323 et
986 1283 1123 1338 gratia
1142 1291 1185 1322 et
1203 1281 1368 1322 caritas,

338 1517 415 1568 M.
455 1519 737 1570 TU‘LLH
779 1516 1222 1570 CICERONIS

766 1660 817 1684 DE

290 1757 731 1827 NATURA
785 1755 1274 1839 DEORUM,

754 1913 808 1936 AD

562 2006 640 2053 M.
678 2007 985 2053 BRUTUM

461 2126 664 2167 LIBER
702 2126 1098 2169 SECUNDUS.

710 2296 823 2313 ααωςῃυ
827 2303 840 2307 -

570 2420 984 2457 ARGUMENTUM.

56 2505 127 2544 Hic
143 2505 225 2543 liber
241 2507 381 2544 continet
400 2506 507 2544 Balbi
532 2506 786 2558 disputationem
814 2506 854 2542 de
881 2513 1007 2542 natura
1029 2506 1191 2549 Deorum,
1209 2518 1251 2541 ex
1273 2512 1379 2541 mente
1399 2505 1488 2543 Stoi-

107 2573 243 2604 corum3
272 2561 330 2610 qui
365 2570 467 2597 totam
500 2560 602 2597 istam
635 2561 846 2611 qztaestionem
878 2559 912 2595 in
938 2568 1054 2609 partes
1085 2568 1246 2609 quattuor
1276 2558 1490 2598 dividebant.

108 2614 262 2650 Primum
290 2614 374 2649 enim
401 2614 572 2658 docebant,
597 2627 665 2651 esse
685 2616 798 2651 Deos.-
827 2612 954 2654 deinde‚
978 2613 1093 2663 quales
1116 2621 1245 2649 essent:
1277 2621 1363 2656 tum,
1392 2627 1489 2649 mun·

107 2665 189 2703 dum
218 2666 263 2702 ab
291 2666 341 2702 bis
365 2666 619 2704 administrari:
647 2677 817 2718 postremo,
838 2666 1001 2703 consulere
1019 2679 1067 2702 eos
1085 2665 1180 2702 rebus
1200 2664 1365 2703 humanis.
1422 2667 1491 2703 His

104 2720 212 2769 igitur
230 2727 390 2770 quattuor
404 2728 575 2771 tamquam
593 2720 757 2771 capitibus
778 2730 847 2757 tota
867 2719 973 2756 Balbi
993 2719 1174 2770 disputatio
1192 2719 1384 2757 continetur.
1441 2720 1488 2755 Et

95 2843 135 2868 43
152 2837 312 2867 homuncule·
326 2836 464 2879 similem]
484 2839 534 2869 Sic
550 2840 696 2871 Davisius
713 2840 745 2869 in
790 2839 974 2869 homunculis.
999 2840 1079 2870 illud
1106 2839 1222 2870 melius
1249 2841 1398 2871 convenit
1423 2842 1488 2870 sin-

54 2880 132 2912 Mss.
156 2882 220 2911 suis
245 2882 366 2920 reperit,
383 2891 441 2912 nos
462 2883 496 2913 in
521 2883 628 2914 Guelf.
650 2886 746 2923 vulgo
790 2882 892 2921 gulari
907 2882 1000 2914 deum.

109 2935 224 2966 voi„
247 2937 315 2966 iv.
338 2938 378 2967 Ρ.
401 2937 434 2966 1,
794 2937 818 2964 F
842 2923 864 2964 f
