1778 3095
571 94 751 132 LIBER
779 92 1117 130 SECUNDUS.
1472 98 1548 141 277

122 200 450 257 sempiternum:
480 208 649 256 portum
684 200 826 255 potius
856 207 1050 263 paratum
1079 197 1214 249 nobis,
1235 204 1277 238 et
1307 199 1548 255 perfugium

121 266 335 313 putemus.
394 259 494 313 Quo
523 255 683 297 utinam
704 256 804 297 velis
825 270 956 311 passm
976 255 1145 312 pervehi
1164 254 1288 296 liceat
1307 253 1315 293 l
1350 263 1383 285 11
1401 255 1463 295 sin
1483 270 1547 297 re·
1564 269 1639 310 119

122 314 318 355 flantibus
340 313 469 355 ventis
490 312 739 368 rejiciemur,
759 322 901 353 tamen
921 312 1070 353 eodem
1098 310 1241 367 paullo
1262 310 1421 351 tardius
1442 312 1549 352 refe-

124 385 267 412 ramur
284 383 450 411 necesse
471 378 547 410 est.
606 369 738 411 Quod
767 377 909 410 autem
939 368 1137 409 omnibus
1167 380 1336 408 necesse
1355 374 1432 416 est,
1452 367 1550 409 idne

121 427 320 467 miserum
346 440 436 466 esse
464 426 536 465 uni
561 427 735 480 potest?
769 426 914 466 Habes
942 425 1174 481 epilogum,
1197 423 1350 479 nequid
1377 432 1550 478 praeter-

121 483 310 532 missum,
330 490 403 522 aut
422 481 615 522 relictum
640 491 775 537 putes.
834 482 890 523 A.
911 483 1007 537 Ego
1036 496 1146 522 vero.
1177 490 1220 521 et
1251 480 1421 536 quidem
1451 480 1551 521 fecit

119 539 245 579 etiam
266 538 344 579 iste
363 553 433 578 me
452 538 645 593 epilogus
667 539 908 579 firmiorem.
969 538 1034 579 M.
1057 537 1243 593 Optime,
1264 538 1450 593 inquam.
1475 537 1550 578 sed

121 608 230 635 nunc
264 593 431 648 quidem
468 595 685 636 valitudini
718 596 953 637 tribuamus
990 594 1161 651 aliquid.
1192 608 1283 635 cras
1319 602 1476 644 autem,
1507 602 1551 635 et

121 659 227 705 quot
257 650 345 691 dies
375 651 530 692 erimus
560 651 603 692 in
627 652 883 704 Tusculano,
914 667 1091 708 agamus
1121 651 1227 702 haec,
1249 659 1292 691 et
1312 665 1361 691 ea
1380 651 1550 706 potissi-

120 721 251 756 mum,
285 722 379 762 quae
414 708 660 749 levationem
697 708 880 750 habeant
912 707 1228 764 aegritudinum,
1260 707 1549 759 formidinum,

117 763 398 818 cupiditatum
416 781 425 805 :
457 764 530 821 qui
550 765 666 806 omni
685 779 708 806 e
727 765 996 822 philosophia
1015 774 1078 806 est
1098 765 1259 806 fructus
1279 764 1529 806 uberrimus.

393 980 471 1032 M.
510 981 793 1032 TULLII
833 979 1270 1032 CICERONIS
1556 1000 1675 1035 p.175.

136 1097 867 1161 TUSCULANARUM
913 1097 1530 1161 oUAEsTloNUM
1557 1047 1576 1068 ἃ

811 1245 864 1269 ΑΙ)

628 1325 706 1372 M.
745 1326 1052 1373 BRUTUM

519 1435 720 1476 LIBER
762 1434 1154 1479 SECUNDUS.

810 1562 862 1586 DE

451 1654 884 1697 TOLERANDO
921 1654 1214 1697 DOLORE.

701 1803 943 1824 ..ψ

632 1919 778 1956 ARGU
785 1920 1042 1958 MENTUM.

122 2010 202 2046 Post
221 2005 468 2043 cohortationem
488 2003 537 2041 ad
554 2003 799 2055 Philosophiam
826 2004 1001 2054 diligenter
1027 2005 1206 2049 colendam,
1229 2006 1429 2057 Latinisque
1448 2009 1553 2060 inpri-

171 2061 232 2098 mis
252 2058 488 2096 illustrandam
509 2059 640 2102 litteris,
660 2071 688 2094 c.
712 2064 791 2095 1-3.
810 2071 912 2095 sermo
929 2059 964 2094 in
987 2059 1175 2096 Tusculano
1202 2061 1245 2096 de
1272 2061 1394 2097 dolore
1417 2061 1554 2099 institu-

172 2124 226 2151 tus
247 2113 431 2164 exponitur.
490 2113 525 2148 Is
552 2111 724 2148 inducitur
750 2111 794 2148 ab
821 2111 951 2148 exordio
977 2112 1017 2149 de
1039 2112 1253 2163 pbilosopbiae
1271 2114 1445 2160 laudibus,
1464 2129 1493 2153 c.
1514 2124 1551 2154 4.

172 2175 209 2205 5.
228 2175 259 2204 et
279 2165 407 2202 duobus
436 2166 585 2216 inprimis
613 2174 787 2216 tamquam
813 2166 980 2216 capitibus
1007 2167 1216 2203 continetur:
1246 2181 1386 2217 quorum
1405 2170 1554 2218 primum

171 2230 233 2264 est,
254 2221 348 2257 sitne
376 2232 567 2256 summum
597 2219 740 2255 malum
768 2220 870 2255 dolor
889 2236 898 2264 3
930 2218 1086 2263 alterum,
1105 2220 1134 2255 si
1153 2233 1214 2256 non
1233 2234 1408 2264 summum,
1430 2235 1553 2259 annon

173 2275 314 2312 malurn
334 2280 429 2310 certe
446 2275 457 2309 ἓ
489 2274 537 2310 Et
556 2273 705 2323 primum
733 2272 864 2323 quidem
884 2272 1029 2309 breviter
1048 2271 1106 2309 hoc
1125 2287 1189 2309 uno
1208 2284 1403 2323 argumento
1428 2276 1554 2324 refelli-

173 2338 241 2372 tur,
271 2327 361 2378 quod
384 2327 521 2364 dedecus
550 2336 581 2362 et
610 2326 782 2376 turpitudo
803 2327 912 2374 majus
932 2326 1079 2376 profecto
1105 2327 1148 2363 sit
1175 2326 1281 2363 dolore
1308 2328 1447 2367 malum.
1466 2343 1495 2367 c.
1516 2336 1553 2367 5.

173 2383 216 2418 In
234 2382 338 2418 altero
357 2390 469 2417 autem
488 2380 615 2431 reliqua
635 2381 836 2416 consumitur
854 2381 969 2417 oratio.
1025 2381 1073 2416 Et
1090 2392 1155 2416 esse
1173 2381 1305 2430 quidem
1326 2395 1486 2431 magnam
1503 2382 1556 2419 bic

172 2435 349 2472 multorum
376 2433 630 2471 imbecillitatem
650 2432 750 2471 docet.
806 2434 1015 2484 Aristippum
1042 2434 1126 2470 enim
1148 2435 1356 2471 Socraticum
1375 2449 1437 2472 non
1455 2435 1555 2473 dubi-

174 2497 262 2525 tasse
279 2488 417 2525 dolorem
436 2502 599 2525 summum
619 2487 745 2524 malum
767 2486 884 2531 dicere,
904 2500 998 2538 quem
1019 2487 1184 2537 Epicurus
1212 2498 1342 2525 secutus
1369 2490 1414 2525 sit
1427 2506 1438 2526 .·
1471 2490 1557 2527 Hie-

173 2555 344 2590 ronymum
361 2552 472 2579 autem
493 2541 656 2578 Rhodium
675 2555 837 2578 summum
857 2540 975 2577 bonum
988 2541 1138 2591 posuisse
1153 2542 1188 2577 in
1206 2543 1382 2579 vacuitate
1400 2558 1421 2580 a
1438 2542 1556 2581 dolore.

179 2595 319 2639 Ceteros,
354 2605 479 2646 praeter
513 2596 687 2640 Zenonem,
720 2595 906 2632 Aristonem
938 2603 970 2631 et
1000 2595 1218 2643 Pyrrhonem,
1252 2596 1379 2631 malum
1403 2606 1557 2647 putasse.

176 2649 298 2686 Po'e'tas
318 2662 444 2700 quoque
461 2649 506 2686 ab
525 2648 589 2686 hac
607 2649 752 2700 opinione
769 2661 832 2686 non
851 2647 977 2693 abesse,
997 2647 1086 2699 quod
1110 2647 1272 2685 inducant
1292 2663 1434 2686 summos
1453 2649 1557 2687 homi-

171 2775 203 2798 11
222 2768 265 2798 sin
281 2768 447 2809 reflantibus
461 2769 571 2808 ventis]
591 2771 642 2801 Sic
658 2770 739 2801 bene
754 2770 819 2801 Da·
861 2776 938 2800 sunt
958 2769 1042 2799 venti
1068 2775 1204 2798 restantes
1218 2768 1234 2797 ,9
1257 2768 1471 2800 Consentiunt
1489 2767 1558 2801 edd,

125 2810 220 2842 visius
247 2813 341 2844 edidit
363 2822 418 2852 pro
445 2812 628 2844 restantibus.
650 2815 705 2853 qui
731 2814 820 2844 enim
861 2819 937 2843 vett.
954 2812 1072 2852 plures,
1088 2819 1119 2843 et
1135 2812 1198 2844 Ms.
1216 2812 1324 2843 Guelf.

859 2866 936 2909 '¹¹3
