1778 3095
611 118 786 157 LIBER
817 115 1059 154 PRIMUS.
1486 113 1560 147 245

130 237 217 272 tem
244 229 451 286 pertinere
480 227 533 268 ad
564 240 818 282 quemquam
849 232 1003 279 potest.
1027 221 1181 276 pariter
1211 219 1323 260 enim
1353 234 1450 260 cum
1481 219 1565 261 vita

131 301 278 328 sensus
309 286 527 327 amittitur.
559 297 643 323 non
680 281 894 322 sentientis
925 289 1083 328 autem,
1116 276 1218 317 nihil
1248 285 1326 325 est,
1358 276 1486 315 ullam
1521 278 1563 317 in

129 353 291 398 partem
325 341 439 398 quod
473 339 649 380 intersit.
682 339 940 393 reliquorum
978 333 1194 376 sententiae
1230 347 1347 387 spem
1371 333 1563 394 afferunt,

130 400 163 439 si
200 409 241 440 te
274 399 380 439 forte
414 397 493 437 hoc
529 396 725 444 delectat,
756 408 878 449 posse
911 393 1090 441 animos,
1127 404 1223 430 cum
1258 404 1281 429 e
1316 388 1563 450 corpor1bus

130 455 396 503 excesserint,
418 453 459 493 in
481 452 652 502 coelum,
675 451 792 507 quasi
822 450 863 490 in
893 448 1154 490 domicilium
1172 454 1316 495 suum,
1337 458 1562 499 pervenire.

129 513 184 552 A.
209 513 284 551 Me
308 524 401 550 vero
425 508 631 549 delectat:
664 508 805 563 idque,
824 507 1007 561 primum
1027 505 1085 544 ita
1102 517 1193 543 esse
1211 502 1332 542 velim
1354 518 1362 541 ε
1396 500 1560 549 deinde,
1575 505 1605 535 b.

129 567 253 608 etiam
286 566 319 606 si
354 581 439 616 non
472 565 539 613 sit,
573 564 679 605 mihi
708 574 848 604 tamen
886 560 1128 617 persuaderi
1159 558 1298 599 velim.
1357 559 1423 597 M.
1447 556 1562 612 Quid
1575 555 1622 586 25

128 623 206 664 tibi
227 636 331 676 ergo
359 636 488 677 opera
517 631 659 661 nostra
687 635 794 675 opus
821 621 913 660 est?
948 633 1049 658 num
1081 615 1324 671 eloquentia
1346 614 1563 654 Platonem

128 693 321 733 superare
340 679 595 733 possumus?
629 677 770 717 evolve
800 676 1027 731 diligenter
1053 673 1143 729 ejus
1175 687 1272 712 eum
1298 671 1469 719 librum,
1493 669 1563 725 qui

125 743 190 775 est
209 734 261 775 de
290 736 460 775 animo:
492 733 673 788 amplius
706 733 822 788 quod
851 731 1075 779 desideres,
1107 728 1209 769 nihil
1239 728 1330 769 erit.
1389 728 1444 767 A.
1468 726 1564 766 Feci

124 790 378 842 mehercule,
401 801 444 832 et
472 790 643 846 quidem
678 790 844 844 saepius,
880 788 953 828 sed
988 786 1128 828 nescio
1164 800 1249 841 quo
1284 784 1431 833 modo,
1459 783 1561 824 dum

123 846 237 903 lego,
261 847 490 888 assentior:
523 862 621 887 cum
652 846 777 901 posui
813 845 985 893 librum,
1017 851 1060 884 et
1090 857 1258 882 mecum
1291 842 1378 896 ipse
1407 840 1458 880 de
1480 840 1561 880 im-

124 904 382 945 mortalitate
422 904 657 944 animorum
699 901 810 957 coepi
846 901 1052 955 cogitare,
1093 899 1277 939 assensio
1317 897 1454 938 omnis
1492 897 1563 937 illa

123 959 318 1001 elabitur.
377 962 443 1001 M.
474 960 590 1016 Quid
628 959 738 1000 hoc?
789 958 918 998 dasne
951 965 1024 998 aut
1062 970 1233 995 manere
1263 955 1426 994 animos
1466 964 1565 1008 post

126 1026 324 1067 mortem,
357 1026 430 1058 aut
461 1025 599 1057 morte
632 1015 721 1070 ipsa
752 1014 949 1055 interire?
982 1014 1038 1053 A.
1055 1013 1126 1052 Do
1160 1026 1271 1051 vero.
1332 1012 1397 1051 M.
1430 1010 1562 1067 Quid,

124 1073 159 1113 si
177 1083 373 1114 maneant
392 1075 403 1114 ?
439 1073 493 1113 A.
514 1074 668 1113 Beatos
702 1086 792 1112 esse
816 1070 1020 1111 concedo.
1081 1069 1147 1108 M.
1170 1068 1213 1108 Si
1236 1069 1441 1108 intereant
1460 1069 1472 1107 Ρ
1506 1067 1562 1108 Α,

124 1131 226 1170 Non
265 1144 355 1170 esse
395 1130 585 1180 miseros,
623 1128 837 1184 quoniam,
878 1142 929 1168 ne
966 1126 1047 1167 sint
1085 1125 1270 1180 quidem.
1306 1126 1397 1180 jam
1438 1125 1561 1175 istuc,

124 1186 260 1226 coacti
281 1201 305 1226 a
327 1196 381 1236 te,
402 1185 545 1241 paullo
574 1194 668 1226 ante
696 1184 995 1225 concessimus.
1056 1183 1121 1222 M.
1143 1183 1245 1224 Quo
1265 1181 1396 1222 modo
1417 1181 1563 1236 igitur,

125 1251 198 1283 aut
217 1257 292 1282 cur
312 1252 490 1283 mortem
512 1242 671 1282 malum
703 1241 779 1282 tibi
804 1241 930 1281 videri
961 1239 1079 1289 dicis,
1107 1254 1200 1294 quae
1223 1248 1297 1278 aut
1317 1239 1464 1278 beatos
1485 1252 1562 1279 nos

126 1298 292 1347 efficiet,
312 1298 460 1339 animis
482 1298 764 1348 manentibus,
786 1305 859 1337 aut
879 1312 964 1337 non
982 1296 1172 1345 miseros,
1194 1309 1318 1335 sensu
1340 1296 1559 1335 carentes?

180 1355 236 1395 A.
257 1357 430 1410 Expone
461 1355 605 1409 igitur,
636 1355 715 1394 nisi
741 1355 968 1394 molestum
1005 1362 1084 1402 est,
1117 1352 1300 1406 primum
1331 1351 1509 1402 animos,
1528 1351 1560 1391 si
1581 1359 1641 1404 12

124 1419 261 1466 poteS,
284 1425 494 1451 remanere
516 1419 612 1465 post
634 1419 843 1451 mortem:
876 1420 981 1459 tum,
1014 1409 1047 1449 si
1078 1408 1217 1448 minus
1247 1407 1290 1447 id
1322 1407 1625 1464 obtinebisz25

127 1470 207 1518 (est
229 1467 339 1507 enim
357 1468 552 1519 arduum)
587 1466 773 1516 docebis,
800 1480 940 1506 carere
970 1465 1086 1506 omni
1116 1464 1229 1504 malo
1260 1474 1457 1505 mortem.
1478 1479 1560 1520 ego

123 1523 235 1563 enim
257 1523 364 1564 istuc
386 1523 521 1578 ipsum
545 1537 701 1572 vereor,
723 1537 774 1562 ne
796 1523 953 1562 malum
985 1521 1052 1571 sit,
1084 1535 1167 1560 non
1189 1520 1285 1560 dico
1308 1535 1448 1560 carere
1469 1536 1562 1561 sen-

122 1595 187 1630 su,
220 1579 291 1620 sed
325 1579 551 1621 carendum
588 1594 691 1619 esse.
751 1579 818 1618 M.
851 1577 1113 1619 Auctoribus
1148 1576 1317 1632 quidem
1355 1576 1407 1617 ad
1437 1578 1560 1618 istam

121 1636 388 1687 sententiam,
420 1651 547 1694 quam
576 1635 635 1676 vis
662 1635 857 1685 obtineri,
887 1635 949 1675 uti
970 1634 1141 1688 optimis
1161 1647 1388 1688 possumus
1404 1649 1414 1682 3
1447 1634 1564 1689 quod

122 1693 164 1734 in
195 1693 392 1734 omnibus
423 1693 557 1733 causis
589 1701 632 1733 et
663 1692 804 1741 debet,
844 1701 888 1732 et
922 1690 1031 1731 solet
1060 1690 1195 1730 valere
1230 1689 1488 1745 plurimum:
1521 1700 1565 1731 et

121 1749 306 1805 primurn
328 1748 499 1805 quidem
521 1749 637 1789 omni
666 1748 915 1803 antiquitate
931 1764 943 1798 3
975 1762 1070 1802 quae
1101 1760 1186 1801 quo
1215 1747 1390 1802 propius
1421 1747 1566 1788 aberat

122 1806 176 1846 ab
196 1814 294 1846 ortu
314 1816 356 1846 et
376 1805 513 1846 divina
533 1805 753 1861 progenie,
776 1805 858 1845 hoc
881 1803 1033 1845 melius
1050 1818 1098 1843 ea
1115 1804 1308 1854 fortasse,
1331 1819 1425 1859 quae
1446 1811 1565 1844 erant

125 1876 233 1911 vera,
255 1862 469 1903 cernebat.

184 1919 334 1973 Itaque
357 1933 487 1958 unum
511 1917 616 1958 illud
647 1925 735 1958 erat
764 1917 935 1958 insitum
968 1917 1115 1972 priscis
1144 1917 1240 1967 illis,
1272 1932 1379 1973 quos
1404 1917 1563 1958 Cascos
1577 1930 1627 1970 27

125 1974 309 2029 appellat
330 1975 505 2024 Ennius,
526 1988 617 2014 esse
640 1974 682 2014 in
712 1982 848 2014 morte
879 1988 1065 2024 sensum,
1098 1989 1234 2029 neque
1265 1989 1440 2015 excessu
1470 1974 1564 2014 vitae

126 2031 184 2070 sic
206 2030 334 2071 deleri
354 2030 586 2080 hominem,
608 2039 654 2070 ut
682 2030 874 2071 funditus
901 2030 1088 2071 interiret
1109 2047 1117 2071 ε
1150 2031 1277 2086 idque
1300 2045 1397 2071 cum
1421 2030 1566 2071 multis

125 2086 215 2127 aliis
237 2087 378 2137 rebus,
404 2096 495 2127 tum
518 2102 540 2127 e
561 2087 779 2141 pontificio
794 2086 906 2142 jure,
929 2096 969 2127 et
991 2088 1252 2127 caeremoniis
1273 2087 1566 2142 sepulcrorum

123 2142 304 2198 intelligi
324 2143 447 2193 licet3
481 2157 584 2199 quas
616 2143 809 2184 maximis
836 2143 1014 2198 ingeniis
1043 2144 1209 2198 praediti
1232 2158 1307 2184 nec
1329 2153 1446 2184 tanta
1467 2158 1568 2185 cura
1579 2166 1609 2195 p.
1625 2168 1697 2192 154,

125 2199 365 2250 coluissent,
397 2214 474 2240 nec
505 2199 677 2240 violatas
708 2210 793 2240 tam
823 2199 1066 2254 inexpiabili
1096 2200 1301 2255 religione
1321 2201 1618 2251 sanxissent,³·

124 2256 259 2297 47nisi
290 2256 480 2297 haesisset
509 2256 551 2298 iu
583 2271 730 2297 eorum
759 2256 987 2306 mentibus,
1020 2266 1201 2297 mortem
1234 2271 1318 2297 non
1349 2257 1566 2297 interitum

125 2326 216 2353 esse
256 2312 399 2353 omnia
430 2313 651 2354 tollentem
686 2322 810 2367 atque
843 2312 1068 2363 delentem,
1102 2313 1174 2353 sed
1204 2313 1417 2368 quandam
1447 2313 1567 2368 quasi

124 2368 439 2424 migrationem,
471 2369 937 2424 commutationemque
969 2369 1078 2419 vitae,
1111 2384 1205 2424 quae
1232 2370 1274 2410 in
1304 2369 1425 2410 claris
1456 2370 1566 2421 viris,

126 2433 169 2465 et
198 2425 377 2467 faeminis
409 2425 493 2467 dux
529 2426 568 2466 in
610 2426 759 2466 caelum
799 2425 951 2466 soleret
984 2440 1105 2468 esse:
1138 2434 1177 2457 ⁴8
1195 2426 1237 2466 in
1264 2426 1414 2466 ceteris
1446 2425 1566 2468 humi

125 2481 387 2545 retineretur,
406 2492 449 2523 et
467 2492 732 2538 permaneret
763 2491 920 2524 tamen.
980 2490 1022 2516 49
1036 2484 1099 2523 Ex
1127 2481 1222 2533 hoc,
1253 2492 1295 2523 et
1324 2491 1563 2524 nostrorum
1578 2494 1628 2525 28

125 2551 336 2592 opmione,

167 2647 205 2676 47
231 2641 286 2670 nisi
302 2641 442 2680 haesisset]
461 2642 541 2673 Mss.
565 2641 710 2680 quidam,
729 2641 761 2670 in
778 2641 826 2670 his
871 2641 910 2670 ad
939 2640 1069 2670 vitam?
1105 2646 1142 2670 ut
1171 2647 1295 2671 mentes
1325 2650 1437 2671 eorum
1473 2642 1569 2671 humi

129 2683 235 2713 Guelf.
262 2684 396 2720 haererer,
420 2685 506 2723 quod
535 2691 565 2714 et
592 2690 754 2723 receptum
781 2690 828 2713 est
871 2690 1050 2720 manerent,
1077 2684 1131 2713 sed
1157 2684 1297 2713 viverent
1321 2690 1439 2714 tamen.
1485 2684 1569 2713 Con-

127 2726 292 2757 nDavisio
307 2733 337 2756 et
351 2728 546 2758 Alemanno.
866 2726 942 2764 jeci,
974 2737 1037 2755 cum
1065 2726 1152 2755 ceteri
1175 2726 1203 2755 h.
1235 2727 1426 2757 retineremur
1453 2729 1480 2755 {rt
1502 2733 1570 2765 per-

172 2774 211 2798 48
236 2769 265 2797 in
281 2770 379 2799 ceteris
395 2770 473 2800 humi
494 2769 665 2798 retineretur
687 2775 714 2798 et
728 2776 764 2808 p.
781 2775 827 2797 ta·
872 2775 1019 2798 manerent
1035 2775 1140 2799 tamen.

130 2809 205 2848 men]
236 2811 312 2841 Non
341 2822 418 2842 sana
448 2813 517 2842 haec
547 2818 637 2850 puto.
667 2821 825 2850 quorsum
914 2819 954 2844 49
979 2812 1030 2841 Ex
1044 2812 1093 2840 hoc
1109 2818 1137 2840 et
1156 2819 1314 2841 nostrorum
1338 2810 1477 2850 opinione]
1505 2811 1569 2846 An,

129 2852 300 2884 minentur
314 2861 344 2885 et
360 2861 452 2894 perm.
474 2855 651 2886 referuntur
668 2855 679 2884 ?
708 2864 824 2894 nempe
870 2865 906 2882 ex
919 2853 974 2883 hac
989 2861 1146 2883 nostrarum
1162 2861 1206 2893 op.

870 2908 942 2949 Ρ»3
