1778 3095
224 110 303 145 334
567 107 826 148 TUSCUL.
858 109 1297 149 QUAESTIONUM

221 209 344 266 cujus
374 209 490 251 libris
521 211 659 262 editis,
689 222 906 254 commota
937 213 1166 254 multitudo
1197 211 1378 254 contulit
1407 227 1451 254 se
1482 213 1535 255 ad
1555 229 1655 257 ean-

221 265 317 308 dem
340 267 607 322 potissimum
628 269 907 324 disciplinam,
926 270 1008 310 sive
1030 270 1146 325 quod
1175 280 1263 311 erat
1283 269 1459 324 cognitu
1478 271 1655 325 perfaci-

220 322 287 373 lis,
317 324 400 364 sive
432 324 546 379 quod
579 325 780 366 invitabat
811 334 847 357 12
862 325 1069 367 illecebris
1103 326 1265 367 blandae
1301 326 1540 381 voluptatis,
1569 328 1653 369 sive

221 380 365 431 etiam,
387 381 486 436 quia
506 381 608 422 nihil
639 382 850 437 prolatum
871 391 960 423 erat
983 383 1132 424 melius
1152 399 1161 432 3
1194 383 1313 432 illud,
1335 382 1448 438 quod
1467 393 1569 433 erat,
1590 392 1653 424 te«

185 437 391 482 7nebant.
454 438 554 479 Post
586 439 842 481 Amafinium
873 447 1014 479 autem
1045 440 1167 480 multi
1194 439 1382 495 ejusdem
1415 439 1558 480 aemuli
1584 454 1651 481 ra-

221 494 347 535 tionis
366 493 502 535 multa
520 509 615 535 cum
644 495 919 549 scripsissent,
951 495 1113 536 Italiam
1148 505 1279 536 totam
1315 505 1654 550 occupaverunt:

221 550 422 606 quodque
443 551 674 592 maximum
705 560 1001 605 argumentum
1035 563 1110 601 est,
1133 567 1214 593 non
1236 552 1319 593 dici
1338 553 1410 593 illa
1430 552 1655 603 subtiliter,

221 606 337 661 quod
366 607 494 647 etiam
525 607 646 647 facile
676 606 942 647 ediscantur:
974 616 1016 647 et
1041 608 1094 648 ab
1125 608 1305 650 indoctis
1336 609 1580 663 probentur,
1610 609 1655 650 id

172 656 281 704 4illi
301 663 610 704 firmamentum
632 677 723 703 esse
744 662 974 716 disciplinae
996 672 1160 718 putant.
1219 665 1300 705 Sed
1322 665 1517 705 defendat
1539 665 1653 721 quod

219 719 395 775 quisque
417 719 570 760 sentit:
603 728 701 760 sunt
720 719 831 759 enim
855 719 1018 774 judicia
1043 719 1199 761 libera:
1230 736 1306 762 nos
1330 722 1565 762 institutum
1589 732 1654 762 te-

218 776 427 825 nebimus‚
468 783 502 807 1³
520 774 760 831 nulliusque
798 776 922 816 unius
966 776 1196 830 disciplinae
1244 777 1409 832 legibus
1450 778 1655 829 adstricti,

217 832 370 888 quibus
401 832 443 872 in
472 831 744 887 philosophia
772 833 1006 873 necessario
1032 847 1266 887 pareamus,
1287 834 1388 888 quid
1411 834 1464 875 sit
1484 835 1526 875 in
1548 850 1653 890 qua-

217 902 299 943 que
335 903 377 929 re
412 889 593 929 maxime
626 888 860 944 probabile,
895 904 1060 944 semper
1097 890 1370 944 requiremus.
1407 890 1521 945 quod
1554 905 1652 931 cum

216 959 328 1000 saepe
347 944 463 996 alias,
486 952 576 986 tum
610 960 741 1000 nuper
771 945 814 985 in
840 945 1082 987 Tusculano
1110 946 1296 987 studiose
1325 946 1505 1001 egimus.
1566 947 1653 988 Ita-

216 1016 299 1057 que
325 1001 526 1056 expositis
557 1001 687 1043 tridui
713 1002 1083 1057 disputationibus,
1107 1013 1278 1057 quartus
1310 1002 1399 1043 dies
1430 1003 1511 1043 hoc
1542 1002 1651 1044 libro

219 1068 256 1093 14
273 1057 563 1099 concludetur.
594 1068 642 1099 ut
661 1059 773 1099 enim
796 1059 837 1099 in
860 1060 1099 1100 inferiorem
1122 1059 1450 1100 ambulationem
1480 1059 1655 1100 descen-

215 1114 372 1165 dimus,
405 1114 520 1171 quod
554 1115 788 1156 feceramus
820 1115 930 1156 idem
964 1116 1246 1171 superioribus
1277 1116 1439 1166 diebus,
1465 1124 1559 1157 acta
1588 1128 1654 1157 res

215 1180 279 1212 est
300 1186 374 1212 sic.

180 1239 204 1271 8
273 1229 340 1269 M.
361 1228 504 1279 Dicat,
525 1228 559 1269 si
580 1227 672 1284 quis
692 1227 794 1278 vult,
815 1242 898 1284 qua
927 1228 979 1268 de
1007 1242 1051 1269 re
1079 1228 1283 1283 disputari
1315 1228 1428 1269 velit.
1486 1229 1529 1269 A
1548 1229 1652 1270 Non

214 1284 321 1326 mihi
340 1284 503 1326 videtur
523 1284 640 1325 omni
669 1285 799 1325 animi
827 1284 1145 1340 perturbatione
1166 1298 1290 1339 posse
1311 1285 1474 1341 sapiens
1495 1299 1653 1326 vacare.

215 1342 282 1382 M.
319 1339 592 1397 AEgritudine
632 1341 803 1396 quidem
844 1341 1039 1382 hesterna
1078 1341 1365 1396 disputatione
1404 1341 1652 1384 videbatur:

214 1397 294 1438 nisi
329 1397 438 1438 forte
475 1398 678 1454 temporis
717 1412 843 1438 causa
875 1398 1170 1439 assentiebare.
1230 1399 1285 1439 A.
1323 1398 1505 1439 Minime
1540 1412 1652 1439 vero.

215 1469 313 1495 nam
346 1454 452 1495 mihi
483 1454 656 1511 egregie
687 1456 865 1510 probata
896 1462 960 1496 est
989 1455 1124 1496 oratio
1155 1463 1241 1496 tua.
1302 1455 1369 1496 M.
1389 1456 1491 1496 Non
1521 1454 1655 1511 igitur

215 1511 430 1552 existimas
449 1512 600 1553 cadere
621 1512 662 1552 in
685 1512 916 1567 sapientem
938 1511 1260 1567 aegritudinem?
1293 1512 1349 1552 A.
1373 1512 1546 1553 Prorsus
1567 1526 1653 1554 non

213 1567 408 1609 arbitror.
468 1569 535 1609 M.
553 1568 706 1624 Atqui,
725 1569 758 1609 si
778 1568 859 1609 ista
879 1569 1122 1624 perturbare
1140 1568 1327 1609 animum
1349 1567 1546 1623 sapientis
1566 1583 1651 1609 non

214 1634 372 1680 potest,
396 1624 511 1666 nulla
534 1625 703 1680 poterit.
761 1624 878 1667 Quid
907 1625 1048 1665 enim?
1082 1635 1274 1665 metusne
1303 1625 1557 1665 conturbet?
1590 1624 1652 1665 At

86 1695 115 1723 v·
131 1690 201 1715 211·
216 1696 360 1722 earum
392 1695 529 1722 rerum
553 1690 618 1722 est
641 1681 880 1723 absentium
911 1691 1065 1731 metuS,
1088 1696 1266 1737 quarum
1299 1681 1568 1737 praesentium
1588 1689 1652 1722 est

173 1736 440 1793 ³·aegritudo.
473 1738 640 1780 sublata
668 1738 799 1793 igitur
829 1738 1093 1794 aegritudine,
1115 1738 1304 1778 sublatus
1324 1748 1388 1779 est
1411 1746 1563 1778 metus.
1586 1752 1651 1778 re-

212 1803 325 1835 stant
345 1794 440 1835 duae
467 1795 820 1850 perturbationes,
840 1794 989 1836 laetitia
1015 1795 1215 1849 gestiens,
1236 1802 1279 1834 et
1299 1793 1431 1835 libido
1451 1811 1460 1835 ε
1491 1807 1586 1850 quae
1616 1794 1652 1835 si

213 1866 298 1892 non
318 1851 471 1892 cadent
490 1851 531 1891 in
552 1851 801 1907 sapientem,
824 1866 989 1906 semper
1010 1866 1128 1891 mens
1147 1851 1225 1891 erit
1241 1851 1468 1906 tranquilla
1487 1851 1652 1906 sapien-

174 1906 281 1949 9tis.
342 1910 397 1949 A.
438 1908 506 1949 Sic
545 1923 717 1964 prorsus
752 1908 962 1963 intelligo.
1023 1909 1088 1948 M.
1128 1909 1285 1948 Utrum
1326 1907 1456 1963 igitur
1488 1907 1648 1949 mavis?

212 1965 410 2006 statimne
454 1979 531 2006 nos
576 1965 667 2006 vela
715 1965 867 2015 facere,
907 1980 960 2005 an
1000 1964 1119 2019 quasi
1159 1979 1182 2004 e
1222 1972 1348 2019 portu
1384 1964 1651 2019 egredientes

166 2013 252 2062 51⁵
269 2022 507 2077 paullulum
539 2022 778 2077 remigare?
824 2022 880 2062 A.
903 2020 1119 2063 Quidnam
1151 2030 1214 2061 est
1244 2020 1384 2062 istuc?
1417 2035 1501 2061 non
1537 2020 1650 2061 enim

210 2076 420 2134 intelligo.
480 2079 547 2119 M.
576 2079 690 2135 Quia
727 2079 1008 2135 Chrysippus,
1044 2086 1086 2118 et
1121 2077 1267 2128 Stoici,
1303 2092 1400 2118 cum
1436 2077 1488 2118 de
1520 2076 1649 2118 animi

208 2135 601 2190 perturbationibus
622 2135 852 2190 disputant,
869 2149 1068 2190 magnam
1091 2143 1252 2189 partem
1273 2133 1313 2174 in
1337 2134 1401 2174 his
1421 2133 1649 2189 partiendis

208 2199 251 2232 et
283 2191 532 2233 definiendis
568 2192 765 2247 occupati
801 2200 925 2233 sunt:
957 2191 1029 2233 illa
1063 2205 1209 2231 eorum
1245 2190 1476 2245 perexigua
1510 2190 1649 2231 oratio

206 2255 285 2299 est,
308 2263 393 2304 qua
414 2249 664 2291 medeantur
695 2249 861 2299 animis,
884 2263 959 2290 nec
987 2262 1060 2289 eos
1089 2246 1354 2288 turbulentos
1374 2261 1464 2288 esse
1484 2246 1648 2302 patian-

205 2399 305 2432 potest
327 2399 527 2423 venustatem
544 2402 582 2422 ex
604 2393 764 2423 antithetis
781 2391 907 2421 sil.›re—
997 2398 1031 2421 13
1061 2390 1223 2431 nulliusque
1249 2389 1332 2419 unius
1361 2387 1535 2428 disciplinae]
1567 2390 1649 2420 Dedi

203 2435 297 2465 dicere
312 2437 505 2475 quaesivisse,
525 2443 559 2465 ut
579 2435 646 2465 aliis
664 2436 758 2465 locis:
783 2437 835 2465 sed
852 2445 907 2473 op·
950 2433 1112 2475 nulliusque
1135 2443 1189 2472 pro
1212 2431 1356 2473 nullisque
1380 2439 1415 2461 ut
1436 2431 1536 2462 voluit
1556 2433 1651 2463 Bent-

206 2479 345 2517 positum
374 2478 412 2507 τῦ
433 2478 581 2508 silentibus
600 2486 691 2508 estet
708 2479 739 2507 in
756 2485 906 2517 sequente
951 2477 1041 2506 icius.
1085 2477 1136 2506 Sic
1163 2476 1299 2506 dicimus
1325 2475 1354 2504 in
1380 2473 1487 2504 nullius
1514 2476 1650 2515 magistri

205 2521 289 2550 editis
307 2521 399 2550 libris.
439 2521 595 2551 Buherius
613 2531 651 2550 ex
668 2522 716 2551 ed.
736 2528 836 2550 vetere
855 2521 907 2550 de·
951 2519 1166 2558 verbajurare‚
1185 2529 1263 2555 non,
1280 2518 1310 2547 in
1327 2516 1409 2547 nulla
1432 2518 1566 2557 magistri
1581 2530 1651 2549 ver-

204 2565 250 2593 dit
266 2563 362 2592 docens
375 2575 384 2592 :
408 2565 493 2602 quod
510 2574 575 2593 non
593 2565 692 2602 magis
709 2563 821 2603 placet.
951 2562 997 2592 ba.
1044 2562 1080 2591 Et
1097 2563 1141 2592 sic
1158 2562 1278 2591 habent
1293 2561 1372 2590 Mss.
1389 2561 1483 2591 Paris.

252 2614 288 2637 12
315 2605 455 2636 illecebris
480 2606 591 2636 blandis
616 2606 791 2645 voluptatis]
823 2606 907 2635 Ouia
997 2612 1033 2635 14
1050 2604 1248 2645 concludetur]
1267 2604 1374 2642 Vulgo
1396 2610 1441 2633 est
1459 2603 1648 2635 concluditur.

206 2650 311 2688 plures
336 2649 404 2679 libri
429 2659 489 2679 scr.
505 2650 623 2679 habent
640 2649 765 2685 blwdae,
784 2650 813 2678 id
830 2659 906 2678 cum
951 2658 1009 2687 ego
1026 2647 1105 2678 olim
1129 2647 1341 2685 conjiciebam
1364 2646 1570 2676 concludatur:
1594 2648 1649 2678 sed

207 2693 334 2722 Davisio
352 2694 464 2732 recepi.
487 2699 557 2721 tum
582 2702 637 2732 pro
653 2692 839 2721 invitabatur
854 2693 907 2721 de·
951 2698 1080 2720 secutus
1097 2701 1170 2720 sum
1187 2691 1282 2720 libros
1298 2700 1316 2720 a
1332 2690 1469 2720 Buherio
1491 2689 1648 2721 laudatos.

205 2737 235 2766 di
263 2735 426 2772 invitabat,
455 2735 637 2765 necessitate
662 2735 880 2765 Grammatica
895 2746 903 2764 :
996 2742 1032 2764 15
1044 2733 1212 2772 paullulum
1229 2731 1382 2772 remigare]
1400 2733 1419 2763 i.
1433 2742 1460 2762 e.
1478 2731 1562 2763 lente
1577 2743 1649 2773 pro-

206 2788 282 2808 nam
301 2779 430 2808 refertur
446 2779 483 2808 ad
500 2779 715 2818 disciplinam,
735 2785 769 2808 ut
789 2787 905 2817 praece-
949 2778 1046 2815 gredi,
1078 2786 1194 2816 nempe
1231 2776 1387 2806 subtiliori
1423 2776 1653 2816 disputatione„

205 2822 281 2851 dens
300 2828 371 2851 crat.
948 2829 1001 2859 per
1017 2819 1231 2857 definitiones,
1247 2819 1416 2850 divisiones
1429 2820 1489 2849 διο.
