1778 3095
511 114 690 151 LIBER
727 112 1120 151 SINGULARIS.
1450 114 1525 152 613

108 236 217 273 mus,
237 221 325 264 sine
347 229 527 272 externa,
549 227 591 260 et
612 219 873 261 antecedenti
893 221 1031 272 causa,
1051 235 1135 261 non
1155 220 1243 261 sine
1264 220 1415 277 aliqua.
1463 223 1527 263 Ut

105 293 203 319 cum
233 294 300 320 vas
326 278 446 319 inane
468 276 658 327 dicimus,
682 291 765 316 non
785 276 842 316 ita
862 276 1088 331 loquimur,
1108 285 1157 318 ut
1176 276 1352 332 physici,
1374 278 1528 334 quibus

106 335 227 375 inane
256 348 345 376 esse
376 335 477 375 nihil
508 332 671 388 placet:
703 332 775 373 sed
809 333 881 382 ita,
902 341 963 383 ut,
983 334 1095 374 verbi
1127 347 1264 384 causa,
1285 333 1373 373 sine
1405 349 1530 389 aqua,

107 391 195 431 sine
220 392 327 442 vino,
349 391 434 432 sine
464 389 558 430 oleo
589 403 656 429 vas
687 403 777 429 esse
807 388 1026 429 dicamus:
1059 389 1131 439 sic,
1159 405 1256 430 cum
1287 389 1375 430 sine
1404 404 1531 431 causa

107 447 292 488 animum
320 446 474 488 moveri
506 445 697 496 dicimus,
720 446 806 486 sine
834 444 1105 486 antecedente
1138 454 1178 486 et
1209 454 1377 486 externa
1405 460 1531 487 causa

107 504 279 554 moveri,
299 518 381 544 non
401 502 573 543 omnino
594 502 681 542 sine
702 516 839 552 causa,
861 501 1054 542 dicimus.
1084 501 1153 542 De
1174 501 1262 557 ipsa
1283 510 1426 542 atomo
1447 502 1530 543 dici

105 569 259 614 potest,
285 574 381 600 cum
413 574 486 614 per
518 559 636 599 inane
666 567 879 599 moveatur
908 558 1114 613 gravitate
1143 566 1185 598 et
1215 558 1411 613 pondere,
1442 558 1530 598 sine

103 629 228 656 631133
248 616 417 666 moveri,
439 617 535 671 quia
555 615 670 656 nulla
694 630 819 656 causa
849 614 1020 655 accedat
1044 614 1311 655 extrinsecus.
1372 615 1529 655 Rursus
1541 625 1590 657 25

103 679 258 722 autem,
281 680 319 703 28
336 687 387 712 ne
411 687 558 713 omnes
589 687 612 712 a
639 671 823 728 physicis
844 671 1103 721 irrideamur,
1125 671 1158 711 si
1180 671 1383 720 dicamus,
1406 670 1530 725 quid-

103 741 230 782 quam
260 728 345 769 fieri
377 729 463 769 sine
487 743 626 779 causa,
648 728 992 783 distinguendum
1022 736 1100 778 est,
1129 736 1172 768 et
1199 727 1257 769 ita
1286 727 1529 777 dicendum,

101 783 232 838 ipsius
261 785 462 826 individui
492 785 597 825 hanc
627 799 716 825 esse
747 795 951 834 naturam,
972 793 1021 825 ut
1041 784 1226 839 pondere
1255 792 1297 824 et
1326 783 1528 838 gravitate
1540 796 1574 827 b.

103 850 333 891 moveatur,
355 856 531 897 eamque
551 841 685 896 ipsam
705 856 795 882 esse
815 856 1000 891 causam,
1021 855 1095 881 cur
1116 841 1362 881 ita'feratur.
1403 839 1530 880 Simi-

101 895 197 937 liter
216 897 267 938 ad
289 898 524 938 animorum
551 907 691 939 motus
712 898 982 948 voluntarios,
1003 912 1086 937 non
1107 906 1170 937 est
1191 895 1437 952 requirenda
1457 910 1530 937 ex-

102 961 219 993 terna
245 969 384 995 631133.
416 963 455 988 29
471 963 612 995 motus
633 953 744 995 enim
766 954 1022 995 voluntarius
1042 968 1134 994 eam
1156 962 1345 994 naturam
1366 952 1462 992 80111
1485 966 1530 993 36

102 1008 191 1064 ipse
211 1011 413 1061 continet,
432 1019 480 1051 ut
501 1011 554 1052 sit
573 1011 616 1052 in
637 1019 776 1051 nostra
794 1019 1015 1066 potestate,
1035 1010 1238 1065 nobisque
1260 1018 1423 1065 pareat:
1453 1023 1529 1049 1166

100 1065 145 1107 id
172 1065 261 1107 sine
290 1082 429 1111 causa.
459 1067 550 1123 ejus
580 1067 692 1108 enim
722 1067 780 1108 rei
810 1082 950 1117 causa,
971 1066 1061 1122 ipsa
1088 1076 1237 1107 natura
1264 1075 1340 1107 est.
1399 1065 1528 1122 Quod
1540 1071 1593 1110 26

103 1137 199 1163 cum
233 1123 290 1164 ita
319 1123 385 1174 sit,
409 1124 509 1180 quid
539 1132 614 1174 est,
636 1138 710 1164 cur
736 1138 821 1164 non
853 1123 990 1164 omnis
1019 1122 1305 1178 pronuntiatio
1327 1130 1400 1163 aut
1422 1136 1530 1171 vera,

99 1188 173 1219 aut
200 1180 303 1221 falsa
331 1181 398 1231 sit,
419 1181 496 1221 nisi
521 1181 850 1222 concesserimus
879 1181 965 1221 fato
992 1180 1078 1220 fieri
1098 1193 1377 1235 quaecumque
1399 1178 1527 1219 fiant?

101 1236 201 1291 quia
230 1237 371 1277 futura
399 1252 504 1288 vera,
536 1237 687 1293 inquit,
718 1252 802 1278 non
832 1244 1009 1292 possunt
1037 1250 1127 1276 esse
1156 1251 1218 1285 ea,
1244 1251 1338 1290 quae
1368 1249 1531 1284 causas,

101 1306 176 1332 cur
196 1293 337 1334 futura
365 1294 460 1344 sint,
485 1309 566 1334 non
598 1295 783 1335 habent:
816 1294 999 1334 habeant
1027 1293 1157 1347 igitur
1186 1306 1331 1333 causas
1362 1304 1531 1331 necesse

100 1357 179 1398 est,
200 1358 247 1389 ut
267 1364 329 1400 ea,
351 1365 444 1405 quae
474 1365 568 1391 vera
598 1360 710 1401 sunt,
731 1350 789 1391 ita
818 1366 914 1391 611111
947 1350 1172 1399 evenerint,
1193 1349 1281 1389 fato
1303 1348 1528 1388 evenerint.

103 1403 360 1447 Confectum
388 1407 623 1462 negotium,
647 1407 680 1447 si
712 1407 882 1462 quidem
913 1407 990 1447 tibi
1020 1404 1339 1447 concedendum
1359 1413 1436 1456 est,
1456 1411 1529 1444 aut
1548 1403 1611 1449 12

98 1460 187 1501 fato
215 1463 357 1503 omnia
386 1463 496 1513 fieri3
528 1473 600 1504 aut
628 1464 859 1519 quidquam
890 1477 1011 1518 posse
1032 1462 1117 1503 fieri
1151 1462 1239 1503 sine
1260 1475 1400 1501 causa.
1457 1459 1528 1501 An
1540 1475 1591 1516 27

97 1517 218 1558 aliter
247 1518 337 1559 haec
368 1519 598 1561 enuntiatio
628 1535 723 1561 vera
751 1534 841 1561 esse
871 1535 955 1560 non
984 1526 1136 1575 potest,
1159 1518 1311 1573 Capiet
1331 1519 1529 1558 Numan-

98 1573 200 1614 tiam
222 1574 376 1630 Scipio,
400 1576 475 1616 nisi
509 1590 559 1617 ex
588 1577 820 1618 aeternitate
848 1591 974 1617 causa
997 1590 1164 1616 causam
1188 1589 1326 1616 serens
1349 1573 1431 1613 hoc
1452 1573 1533 1614 erit

98 1630 329 1671 effectura?
361 1632 432 1672 An
461 1631 542 1672 hoc
573 1632 725 1674 falsum
756 1633 961 1688 potuisset
990 1647 1094 1682 esse,
1122 1632 1156 1672 si
1185 1639 1295 1672 esset
1325 1629 1531 1670 sexcentis

100 1687 263 1727 saeculis
283 1696 379 1728 ante
401 1688 589 1729 dictum?
621 1698 677 1740 et,
700 1689 732 1729 si
762 1699 854 1729 tum
875 1704 959 1729 non
981 1697 1090 1729 esset
1110 1703 1204 1729 vera
1224 1688 1316 1728 haec
1337 1685 1532 1727 enuntia-

99 1741 174 1793 tio,
198 1742 350 1798 Capiet
376 1745 653 1785 Numantiam
682 1745 853 1800 Scipio:
885 1760 935 1785 ne
966 1745 1037 1785 illa
1067 1744 1237 1799 quidem
1267 1757 1408 1784 eversa
1436 1756 1532 1782 vera

99 1807 162 1839 est
191 1798 282 1840 haec
313 1800 563 1851 enuntiatio,
587 1801 738 1856 Capiet
768 1802 1042 1841 Numantiam
1067 1801 1222 1855 Scipio.
1284 1800 1428 1840 Potest
1447 1798 1531 1853 igi-

101 1864 172 1896 tur
191 1856 421 1911 quidquam
452 1857 609 1897 factum
642 1871 746 1908 esse,
767 1857 883 1912 quod
913 1872 996 1897 non
1026 1871 1166 1897 verum
1193 1857 1316 1897 fuerit
1338 1856 1530 1895 futurum

101 1914 224 1952 esse?
258 1927 351 1953 nam
384 1922 432 1954 ut
461 1914 672 1968 praeterita
701 1928 750 1954 ea
779 1928 872 1954 vera
899 1913 1091 1963 dicimus,
1113 1927 1293 1968 quorum
1316 1911 1531 1966 superiore

100 1975 292 2024 tempore
312 1976 349 2001 31
368 1984 462 2010 vera
490 1971 616 2011 fuerit
644 1970 868 2011 instantia:
900 1970 958 2010 sic
989 1969 1145 2019 futura,
1167 1983 1347 2023 quorum
1379 1981 1530 2007 conse-

100 2025 244 2080 quenti
270 2034 460 2080 tempore
487 2041 581 2067 vera
607 2027 685 2068 erit
712 2027 919 2077 instantia,
941 2041 990 2066 ea
1008 2040 1102 2066 vera
1121 2025 1323 2065 dicemus.
1380 2024 1475 2064 Nec
1496 2023 1592 2069 si28

101 2095 227 2122 omne
254 2083 515 2124 enuntiatum
544 2092 616 2124 aut
645 2098 803 2134 verum,
823 2092 895 2124 aut
915 2082 1066 2123 falsum
1094 2090 1171 2131 est,
1193 2080 1380 2136 sequitur
1400 2079 1529 2130 illico,

100 2150 190 2178 esse
222 2153 367 2179 causas
401 2140 699 2191 immutabiles,
735 2154 889 2195 easque
925 2148 1113 2188 aeternas,
1149 2152 1242 2193 quae
1278 2135 1531 2191 prohibeant

100 2193 331 2250 quidquam
367 2210 486 2237 secus
522 2197 683 2247 cadere,
714 2205 839 2252 atque
873 2210 1067 2236 casurum
1099 2194 1165 2235 sit.
1208 2192 1393 2234 fortuitae
1431 2199 1530 2233 sunt

99 2264 251 2301 causae,
271 2267 365 2308 quae
385 2252 578 2304 efficiant,
601 2262 647 2294 ut
666 2268 757 2294 vere
785 2253 990 2302 dicantur,
1009 2266 1101 2307 quae
1130 2250 1188 2291 ita
1215 2249 1420 2301 dicentur,
1440 2249 1528 2291 Ve-

100 2307 186 2349 niet
216 2308 326 2349 Cato
356 2309 399 2350 in
429 2319 636 2361 senatum,
664 2324 747 2350 non
777 2308 948 2351 inclusae
978 2309 1019 2348 in
1050 2322 1187 2349 rerum
1220 2314 1380 2356 natura,
1401 2313 1529 2361 atque

99 2364 274 2406 mundo.
331 2367 388 2408 Et
417 2375 557 2407 tamen
586 2376 672 2407 tam
702 2374 765 2407 est
794 2365 1056 2407 immutabile
1084 2373 1321 2413 venturum,
1340 2377 1438 2403 cum
1463 2370 1529 2402 est

101 2433 258 2471 verum,
277 2436 403 2477 quam
434 2423 620 2464 venisse:
658 2437 734 2463 nec
766 2424 821 2465 ob
851 2437 944 2464 eam
974 2436 1140 2464 causam
1173 2421 1323 2471 fatum,
1353 2427 1427 2460 aut
1455 2432 1529 2460 ne-

154 2544 193 2568 98
223 2549 257 2566 ne
285 2549 376 2568 omnes
403 2552 422 2568 a
447 2539 569 2581 physicis
599 2537 789 2580 irrideamur]
834 2546 864 2570 et
879 2539 943 2575 alii,
961 2540 1038 2569 item
1053 2538 1122 2568 edd.
1139 2543 1215 2567 vett.
1230 2537 1329 2576 vulgo
1343 2536 1427 2566 male
1443 2535 1512 2574 ipso.

101 2591 192 2611 omnes
208 2581 352 2620 ineptum
368 2588 412 2611 est
427 2583 459 2613 h.
473 2583 493 2614 l.
511 2593 569 2613 nec
585 2583 700 2613 melius
716 2582 792 2612 alte
876 2589 914 2613 31
940 2593 1013 2611 vera
1029 2581 1131 2622 fuerit
1153 2580 1307 2617 instantia]
1335 2579 1385 2609 Sic
1411 2588 1451 2607 ex
1476 2578 1526 2607 ed.

101 2634 187 2659 rum,
214 2624 298 2663 quod
325 2625 357 2653 in
384 2625 451 2654 edd.
479 2632 553 2656 vett.
579 2627 674 2664 reperi
701 2637 791 2655 omnes
833 2625 914 2655 Ven.
934 2630 1026 2660 1471.
1044 2625 1124 2654 bene
1141 2623 1220 2653 Dav.
1237 2623 1332 2653 edidit
1346 2631 1400 2660 pro
1415 2620 1526 2659 vulga-

97 2666 218 2707 physice.
264 2666 342 2696 Puto
366 2666 549 2699 Ciceronem
572 2670 741 2708 scripsisse,
758 2679 792 2698 ne
834 2674 866 2698 to
884 2668 1016 2708 fuerint,
1042 2667 1249 2704 similiterque
1276 2674 1351 2694 mox
1374 2674 1447 2692 vera
1471 2662 1526 2691 erit

101 2710 210 2739 omnino
223 2720 241 2737 a
250 2709 375 2751 physicis
391 2710 443 2738 irr.
834 2711 987 2746 instantia,
1004 2720 1103 2751 quem
1118 2719 1175 2739 nos
1191 2708 1286 2737 secuti
1303 2716 1425 2736 sumus.
1449 2714 1525 2735 nam

145 2760 185 2785 29
201 2758 290 2781 motus
305 2752 378 2781 enim
394 2752 676 2783 voluntariussine
689 2751 788 2793 causa]
832 2753 1001 2792 vulgatum
1032 2754 1168 2783 latinum
1199 2760 1263 2780 non
1294 2756 1339 2779 est
1356 2760 1362 2778 t
1400 2748 1526 2778 deberet

103 2795 182 2825 Haec
197 2796 313 2825 absunt
328 2805 345 2824 a
361 2795 423 2825 Ms.
441 2795 548 2825 Guelf.
833 2804 912 2831 esse,
928 2806 994 2835 quae
1009 2801 1070 2835 sup.
1087 2802 1109 2825 t.
1122 2804 1207 2831 vera,
1223 2793 1293 2833 (aut
1302 2789 1399 2831 vere),
1406 2790 1527 2832 fuerint

145 2844 186 2869 30
209 2838 238 2867 in
260 2849 287 2867 se
308 2838 366 2877 ipse
382 2837 515 2877 continet]
535 2837 586 2868 Sic
602 2838 664 2868 Ms.
683 2837 790 2870 Guelf.
833 2837 985 2867 instantia.
