1778 3095
232 173 310 208 423
604 171 694 209 ,DE
722 171 990 212 NATURA
1019 174 1288 213 DEORUM

147 277 218 311 103
287 277 448 319 Verum
468 278 521 320 sit
540 294 653 332 sane,
675 290 723 322 ut
742 281 878 334 vultis,
900 283 1016 335 deus,
1037 283 1195 340 effigies
1216 281 1413 334 hominis,
1430 289 1473 324 et
1491 283 1655 341 imago,

124 334 156 367 P·
170 332 348 388 2‘Lquod
367 335 457 390 ejus
488 345 551 376 est
571 337 831 380 domicilium
851 341 864 380 ?
897 355 990 396 quae
1013 341 1159 382 sedes?
1192 340 1263 396 qui
1285 339 1401 380 locus
1420 340 1433 380 ?
1466 354 1559 395 quae
1580 342 1654 382 de-

191 378 327 431 a'inde
356 392 466 432 actio
499 392 623 434 vitae?
657 395 808 450 quibus
836 396 973 447 rebus,
1008 396 1049 437 id
1079 397 1193 453 quod
1223 396 1360 446 vultis,
1389 396 1535 437 beatus
1556 398 1651 438 est?

227 455 372 488 utatur
391 448 501 488 enim
523 450 607 490 suis
629 450 750 492 bonis
771 461 952 507 oportet,
973 463 1015 493 et
1034 453 1210 504 fruatur,
1232 453 1301 509 qui
1323 453 1468 493 beatus
1486 453 1654 494 futurus

227 513 305 545 est.
336 519 431 545 nam
465 505 583 547 locus
616 507 785 563 quidem
818 508 868 549 iis
900 509 1025 550 etiam
1059 511 1231 559 naturis,
1259 524 1351 564 quae
1382 510 1469 549 sine
1500 508 1651 550 animis

226 569 338 610 sunt,
359 576 457 602 suus
476 571 540 603 est
559 563 710 619 cuique
730 565 937 619 propriuS,
958 573 1005 605 ut
1025 574 1133 606 terra
1153 566 1342 607 infimum
1369 574 1521 615 teneat,
1543 565 1652 606 hanc

226 616 403 657 inundet
424 632 532 673 aqua
549 635 560 669 3
593 628 632 651 28
650 621 838 674 superior
857 620 1002 661 aetheri
1018 636 1030 671 3
1062 621 1229 676 ignibus
1249 622 1450 663 altissima
1468 636 1541 661 ora
1559 620 1652 661 red-

226 671 362 714 datur.
424 675 658 716 Bestiarum
693 685 834 716 autem
868 685 1041 717 terrenae
1076 686 1173 718 sunt
1203 678 1309 728 aliae,
1337 678 1488 733 partim
1522 692 1652 733 aqua-

226 728 336 779 tiles,
370 730 461 770 aliae
497 732 615 786 quasi
650 732 866 786 ancipites,
900 732 941 773 in
977 742 1153 788 utraque
1184 734 1282 774 sede
1313 736 1522 775 viventes:
1555 742 1652 775 sunt

227 785 419 841 quaedam
452 788 592 837 etiarn,
627 803 720 842 quae
753 788 851 842 igne
884 789 994 829 nasci
1026 797 1238 843 putentur,
1269 799 1579 846 appareantque
1608 789 1652 830 in

139 842 467 887 104ardentibus
488 842 728 884 fornacibus
750 858 860 899 saepe
880 844 1112 886 volitantes.
1171 847 1329 901 Quaero
1350 846 1494 902 igitur,
1515 855 1652 887 vester

225 897 328 939 deus
348 898 531 953 primum
553 899 625 940 ubi
645 899 806 940 habitet
825 917 833 940 :
864 901 1014 942 deinde
1037 917 1129 957 quae
1151 916 1276 942 causa
1303 916 1401 942 eum
1431 902 1526 942 loco
1556 917 1650 943 mo-

222 962 341 1004 veat3
374 954 406 994 si
429 954 557 996 modo
578 966 768 997 movetur
796 956 1020 1012 aliquando
1040 974 1049 999 ε
1080 967 1310 1012 postremo,
1331 972 1429 998 cum
1452 958 1531 998 hoc
1551 972 1651 1013 pro-

220 1010 361 1065 prium
392 1010 444 1050 sit
475 1012 764 1061 animantium,
787 1022 834 1054 ut
859 1014 1016 1069 aliquid
1047 1022 1258 1070 appetant,
1280 1013 1395 1069 quod
1417 1013 1470 1054 sit
1492 1023 1651 1055 naturae

220 1066 590 1110 accommodatum
609 1084 621 1120 3
652 1069 753 1110 deus
775 1070 877 1124 quid
897 1080 1065 1125 appetat
1082 1086 1093 1121 ;
1124 1070 1177 1111 ad
1207 1085 1333 1126 quam
1361 1069 1541 1126 denique
1561 1085 1649 1111 rem

221 1132 343 1164 motu
363 1124 529 1175 mentis,
549 1140 597 1166 ac
619 1126 789 1167 rationis
810 1134 965 1167 utatur.
997 1137 1225 1181 postremo,
1246 1142 1331 1182 quo
1352 1126 1482 1167 modo
1502 1126 1650 1168 beatus

220 1179 287 1230 sit,
309 1194 394 1235 quo
423 1181 553 1222 modo
583 1192 775 1223 aeternus.
806 1182 1011 1239 quidquid
1041 1182 1153 1223 enim
1184 1182 1336 1223 horum
1358 1183 1561 1237 attigeris,
1582 1183 1650 1224 ul-

220 1250 294 1276 cus
314 1246 391 1277 est.
422 1236 480 1276 ita
500 1238 609 1278 male
629 1238 822 1279 instituta
842 1239 948 1279 ratio
978 1239 1136 1279 exitum
1168 1239 1346 1294 reperire
1377 1253 1462 1279 non
1495 1246 1648 1293 potest.

134 1298 207 1330 105
221 1291 289 1332 Sic
311 1292 421 1333 enim
452 1292 634 1345 dicebas,
657 1294 840 1349 speciem
872 1294 938 1335 dei
968 1295 1124 1350 percipi
1156 1295 1428 1350 cogitatione,
1449 1309 1531 1335 non
1554 1309 1648 1336 sen-

220 1363 296 1389 su:
329 1363 404 1389 nec
434 1363 522 1390 esse
553 1351 596 1390 in
626 1365 674 1391 ea
706 1350 835 1391 ullam
869 1351 1138 1402 soliditatem,
1170 1366 1304 1407 neque
1336 1351 1511 1392 eandem
1541 1360 1581 1385 29
1594 1351 1648 1393 ad

218 1419 438 1446 numerum
470 1420 728 1460 permanere,
750 1415 790 1439 30
806 1421 983 1463 eamque
1003 1422 1093 1448 esse
1115 1407 1206 1463 ejus
1232 1407 1445 1457 visionem,
1466 1417 1513 1448 ut
1534 1408 1650 1449 simi-

216 1459 394 1502 litudine
415 1469 451 1493 31
470 1471 511 1503 et
531 1463 776 1505 transitione
797 1473 1003 1514 cernatur,
1025 1478 1161 1520 neque
1182 1463 1346 1504 deficiat
1365 1479 1567 1519 umquam
1597 1478 1648 1505 ex

215 1516 385 1558 infinitis
415 1520 661 1574 corporibus
693 1519 892 1561 similium
923 1521 1136 1561 accessio:
1169 1535 1219 1560 ex
1249 1534 1385 1575 eoque
1414 1520 1513 1571 fieri,
1536 1529 1582 1562 ut
1604 1521 1647 1561 in

216 1572 307 1614 haec
340 1574 500 1615 intenta
530 1591 649 1617 mens
680 1586 835 1627 nostra,
857 1577 1022 1618 beatam
1053 1577 1166 1616 illam
1200 1585 1405 1626 naturam,
1427 1586 1468 1617 et
1494 1577 1648 1632 sempi-

131 1639 202 1688 33
215 1639 374 1671 ternam
408 1639 540 1686 putet.
601 1634 715 1684 Hoc,
736 1647 810 1688 per
840 1633 952 1688 ipsos
987 1633 1102 1683 deos,
1134 1633 1186 1673 de
1217 1633 1369 1687 quibus
1400 1633 1641 1688 loquimur!

215 1686 338 1742 quale
375 1687 543 1728 tandem
577 1690 673 1729 est?
718 1704 814 1729 nam
852 1689 884 1729 si
920 1689 1217 1730 tantummodo
1253 1687 1304 1728 ad
1340 1689 1643 1743 cogitationem

213 1743 364 1793 valent,
386 1758 462 1783 nec
483 1745 611 1785 ullam
647 1745 802 1785 habent
833 1744 1086 1785 soliditatem
1117 1760 1191 1785 nec
1218 1744 1510 1785 eminentiam:
1543 1745 1645 1800 quid

212 1798 400 1850 interest,
435 1808 578 1841 utrum
613 1801 666 1842 de
701 1802 1045 1856 hippocentauro,
1081 1816 1133 1840 an
1169 1800 1220 1841 de
1257 1800 1336 1841 deo
1371 1802 1642 1855 cogitemus?

213 1870 384 1896 omnem
403 1856 515 1897 enim
537 1857 663 1898 talem
686 1858 1063 1898 conformationem
1090 1857 1217 1897 animi
1247 1857 1373 1897 ceteri
1402 1857 1644 1913 philosophi

212 1920 379 1952 motum
410 1913 573 1953 inanem
604 1923 779 1955 vocant:
811 1928 881 1954 vos
913 1924 1054 1954 autem
1085 1912 1308 1953 adventum
1338 1913 1377 1953 in
1403 1914 1580 1965 animos,
1601 1924 1644 1956 et

128 1967 433 2009 106intr0itum
472 1969 704 2025 imaginum
741 1969 893 2010 dicitis.
965 1971 1025 2010 Ut
1063 1969 1206 2024 igitur,
1248 1976 1287 2000 32
1301 1969 1365 2009 Ti.
1398 1971 1641 2011 Gracchum

169 2023 310 2064 b·cum
330 2025 472 2066 videor
492 2027 811 2067 concionantem
831 2026 873 2066 in
897 2026 1110 2080 Capitolio
1137 2025 1285 2078 videre,
1303 2025 1355 2066 de
1376 2027 1441 2067 M.
1463 2027 1640 2068 Octavio

211 2079 470 2122 deferentem
502 2082 697 2133 sitellam,
718 2092 807 2123 tum
841 2097 939 2123 eum
968 2091 1133 2122 motum
1165 2082 1292 2123 animi
1322 2082 1417 2124 dico
1443 2098 1532 2124 esse
1553 2084 1642 2124 ina-

210 2151 337 2178 nem:
369 2147 416 2178 tu
446 2148 588 2179 autem
617 2148 660 2180 et
692 2139 889 2189 Gracchi,
910 2148 952 2179 et
983 2139 1145 2180 Octavii
1175 2138 1381 2194 imagines
1411 2155 1638 2192 remanere,

208 2207 320 2248 quae,
356 2201 394 2225 33
410 2194 451 2234 in
487 2195 747 2250 Capitolium
784 2210 882 2236 cum
924 2195 1193 2250 pervenerim,
1228 2204 1320 2237 tum
1358 2196 1410 2237 ad
1449 2197 1638 2238 animum

208 2263 351 2290 meum
371 2251 629 2292 referantur:
661 2252 744 2293 hoc
775 2251 886 2292 idem
917 2251 1003 2292 fieri
1033 2251 1075 2292 in
1105 2251 1201 2303 deo,
1222 2253 1342 2309 cujus
1369 2253 1513 2293 crebra
1532 2253 1663 2294 facie*

207 2305 418 2360 pellantur
448 2307 576 2348 animi
592 2324 604 2359 3
636 2322 686 2349 ex
720 2323 806 2364 quo
837 2315 875 2339 84
891 2322 980 2348 esse
1010 2308 1123 2349 beati
1152 2318 1277 2364 atque
1307 2310 1449 2350 aeterni
1481 2309 1636 2350 intelli-

248 2429 288 2452 28
315 2422 442 2461 superior
470 2421 577 2461 aether]
610 2422 737 2461 superior
763 2421 901 2460 jungeri·
988 2427 1029 2451 30
1043 2432 1160 2463 eamque
1176 2433 1230 2452 esse
1243 2422 1300 2461 ejus
1315 2423 1470 2465 visionem]
1496 2426 1516 2455 i.
1533 2436 1560 2455 e.
1578 2436 1638 2458 no-

204 2465 284 2494 dum
301 2474 377 2495 cum
393 2476 442 2493 ora
459 2465 619 2494 reddatur:
643 2465 727 2495 unde
743 2465 791 2501 fit,
808 2471 843 2494 ut
858 2464 900 2493 le-
944 2463 1077 2500 tionem,
1095 2465 1196 2494 ideam
1214 2466 1244 2494 in
1261 2466 1376 2496 animis
1392 2468 1514 2498 nostris.

203 2508 347 2544 gendum
376 2508 414 2536 sit
451 2507 566 2541 aetheri‚
595 2508 680 2546 quod
718 2508 902 2546 respondeat
987 2512 1023 2536 81
1054 2513 1082 2535 et
1110 2507 1276 2537 transitione
1302 2508 1378 2550 &c.]
1409 2521 1439 2541 v.
1468 2511 1571 2542 Clavis
1600 2512 1635 2543 in

203 2548 317 2589 ignibus
333 2549 365 2578 in
380 2549 496 2579 altero:
522 2556 616 2588 atque
631 2550 660 2580 id
676 2556 721 2579 est
737 2550 768 2579 in
787 2550 848 2579 ΜΞ.
867 2550 897 2578 in
941 2549 975 2578 h.
991 2558 1022 2577 v.

203 2601 251 2623 m.
265 2592 315 2621 ed.
330 2592 441 2622 Lamb.
464 2601 663 2631 quamquam
679 2601 697 2621 a
711 2602 754 2621 m.
769 2603 794 2622 s.
810 2592 900 2620 aether
984 2597 1024 2621 32
1043 2592 1087 2621 Ti.
1106 2591 1285 2631 Gracchum]
1311 2594 1482 2625 Historiam
1505 2597 1567 2627 vid.
1584 2606 1634 2637 ap.

204 2640 312 2667 autem
326 2641 371 2664 est
386 2635 450 2670 afir,
466 2644 521 2673 pro
535 2644 600 2673 quo
614 2635 722 2673 graecis
745 2641 775 2664 et
796 2634 900 2664 latinis
942 2633 1102 2664 Plutarch.
1119 2635 1150 2664 in
1168 2635 1319 2666 Gracchis
1336 2647 1364 2676 p.
1384 2644 1456 2670 829.

204 2677 329 2707 dicitur.
374 2677 489 2706 AEtheri
515 2678 609 2707 edidit
636 2684 666 2706 et
696 2677 842 2707 Davisius
868 2683 898 2707 et
983 2682 1022 2707 33
1047 2676 1078 2705 in
1104 2677 1178 2717 Cap.
1202 2690 1264 2707 cum
1285 2679 1485 2719 pervenerint]
1515 2681 1634 2720 Legen-

205 2729 244 2749 ex
260 2729 298 2749 eo
315 2720 481 2750 Buherius.
941 2720 1020 2749 dum
1030 2721 1226 2759 pervenerim,
1243 2729 1272 2751 et
1289 2732 1365 2752 mox
1380 2723 1414 2752 de
1431 2730 1557 2754 erantur.

247 2769 287 2793 22
314 2762 355 2790 ad
377 2772 525 2791 numerum
547 2760 731 2802 permanere]
763 2764 783 2792 i.
804 2772 830 2792 e.
860 2763 897 2792 ad
983 2770 1023 2792 34
1047 2774 1103 2792 esse
1125 2763 1463 2805 beati—intelligantur]
1492 2766 1635 2798 Refertur

202 2811 325 2835 certum
341 2814 500 2835 annorum
516 2811 654 2844 tempus,
670 2805 724 2843 qui
738 2806 896 2835 numerari
938 2805 976 2834 ad
993 2805 1052 2842 deo,
1070 2806 1154 2836 unde
1179 2808 1317 2838 videatur
1337 2808 1506 2847 legendum
1524 2809 1632 2840 beatus.

202 2848 332 2887 possim.
364 2849 419 2878 Gr.
447 2846 516 2877 κατ’
538 2846 658 2889 ἀριθμεῖν
676 2857 725 2887 ap.
750 2849 844 2887 Diog.
861 2849 896 2879 L.
938 2848 991 2878 sed
1007 2857 1025 2878 a
1033 2849 1189 2922 {iugulari
1211 2851 1250 2881 ad
1274 2851 1430 2891 pluralem
1450 2850 1555 2892 lapsus
1573 2859 1632 2891 est,

201 2891 244 2927 X,
263 2896 334 2922 1³9·
555 2894 558 2897 '
742 2900 743 2903 ¹
940 2897 975 2921 ut
990 2891 1030 2921 ali
1056 2892 1075 2921 i.
1634 2893 1641 2908 >³
