1778 3095
235 113 307 155 178
346 123 376 133 r
535 107 606 146 DE
635 108 791 147 FlNlB.
820 108 1018 147 BONOR.
1049 110 1116 148 ET
1144 111 1352 149 MALOR.

229 231 328 258 men
346 230 428 273 ego
450 232 620 274 quoque
648 232 870 284 exponam,
900 226 939 250 33
959 227 1004 260 ut
1024 219 1342 275 perspiciamuS,
1363 218 1398 260 si
1416 220 1665 275 poterimus,

231 272 432 329 quidnam
454 289 477 315 a
497 275 670 316 Zenone
695 275 790 316 novi
812 276 866 316 sit
893 275 1081 317 allatum.
1144 276 1256 318 Cum
1277 276 1392 317 enim
1413 277 1663 341 superiores,

233 338 315 371 34e
341 330 494 386 quibus
526 331 766 387 planissime
801 332 987 383 Polemo,
1023 333 1253 374 secundum
1290 341 1483 374 naturam
1517 333 1665 386 vivere,

234 402 448 429 summum
485 388 645 429 bonum
681 403 771 429 esse
805 389 1020 439 dixissent,
1053 389 1118 430 his
1152 390 1286 430 verbis
1322 390 1402 430 tria
1438 389 1664 445 significari

234 444 368 485 Stoici
395 443 565 485 dicunt:
598 453 637 477 35
658 460 790 485 111111111
815 444 1041 500 ejusmodi,
1072 447 1204 487 vivere
1224 446 1495 488 adhibentem
1531 446 1667 487 scien-

193 501 224 532 b.
236 501 337 542 tiam
357 515 498 541 earum
522 516 677 552 rerum,
707 508 746 533 36
758 516 852 557 quae
881 510 1030 542 natura
1047 502 1268 543 evenirent.
1288 502 1432 544 hunc
1423 517 1560 558 1psum
1583 504 1666 544 Ze-

235 557 356 598 nonis
387 558 503 598 aiunt
533 558 658 598 finem
684 572 789 608 esse,
811 557 1092 598 declarantem
1120 558 1239 609 illud,
1260 559 1375 614 quod
1395 574 1420 600 a
1437 570 1479 601 te
1501 559 1664 601 dictum

178 628 220 659 15
236 620 314 664 est,
334 614 627 654 convenienter
647 623 806 654 naturae
824 613 983 654 vivere:
1014 613 1194 655 alterum
1215 615 1449 670 significare
1468 616 1598 667 idem,
1618 624 1667 657 ut

235 670 270 711 si
292 644 514 721 diceretur,
536 670 672 711 officia
691 670 834 710 omnia
852 669 1006 720 media,
1028 678 1100 711 aut
1121 670 1321 736 pleraque
1340 681 1586 723 servantem,
1606 672 1666 713 vi-

234 741 343 767 vere.
364 726 445 767 hoc
468 727 526 767 sic
548 726 785 781 expositum
808 725 1010 767 dissimile
1030 735 1094 767 est
1121 728 1339 792 superiori.
1366 736 1402 765 37
1418 729 1524 770 illud
1552 729 1664 770 enim

234 792 396 825 rectum
427 792 505 833 est,
540 782 656 842 quod
691 782 922 847 κατόρθωμα
951 783 1133 833 dicebam,
1169 784 1461 847 contingitque
1492 786 1667 841 sapienti

234 839 338 880 soli:
372 839 453 880 hoc
485 849 628 879 autem
651 839 837 880 inchoati
857 839 1078 904 cujusdam
1100 839 1226 881 officii
1250 848 1327 892 est,
1348 855 1432 882 non
1463 842 1665 896 perfecti·
1654 873 1666 892 ,

234 895 351 951 quod
382 895 562 936 cadere
553 911 593 936 m
624 896 849 937 nonnullos
875 896 1118 962 insipientes
1140 905 1293 952 potest.
1315 898 1489 939 tertium
1508 908 1668 948 autem,

235 952 410 993 01111111)1
398 967 431 992 s
452 960 524 993 aut
545 953 736 993 maximis
758 954 912 994 rebus
903 953 967 1004 115,
987 968 1081 1009 quae
1103 954 1336 995 secundum
1357 963 1549 996 naturam
1571 956 1670 1005 sint,

235 1008 459 1059 fruentem,
498 1009 646 1060 vivere,
677 1009 758 1050 hoc
793 1025 875 1050 non
913 1020 978 1052 est
1009 1011 1194 1074 positum
1228 1011 1271 1051 in
1311 1020 1455 1052 nostra
1488 1010 1670 1052 actione.

235 1066 473 1130 completur
492 1066 604 1106 enim
621 1074 663 1107 et
682 1080 732 1107 ex
752 1081 804 1107 eo
825 1081 980 1122 genere
1000 1067 1110 1117 vitae,
1142 1075 1182 1099 38
1201 1067 1316 1123 quod
1343 1068 1494 1109 virtute
1515 1068 1671 1119 finitur,

234 1131 279 1163 et
298 1136 347 1163 ex
381 1122 429 1163 iis
455 1123 593 1173 rebus,
615 1138 709 1178 quae
745 1123 976 1164 secundum
1007 1133 1198 1165 naturam
1219 1133 1332 1175 sunt,
1353 1138 1489 1180 neque
1509 1133 1607 1166 sunt
1626 1125 1668 1165 in

235 1188 378 1220 nostra
418 1188 640 1234 potestate.
701 1180 785 1221 Sed
822 1180 925 1221 hoc
940 1194 1154 1220 summum
1190 1181 1367 1232 bonum,
1398 1180 1515 1236 quod
1547 1181 1673 1222 tertia

235 1235 543 1298 significatione
574 1235 852 1300 intelligitur,
869 1250 1002 1300 eaque
1032 1235 1135 1300 vita,
1160 1252 1255 1293 quae
1286 1252 1337 1277 ex
1367 1251 1534 1278 summo
1555 1237 1672 1278 bono

235 1291 419 1346 degitur,
441 1307 539 1347 quia
564 1292 792 1347 conjuncta
817 1291 856 1332 ei
879 1293 1010 1333 virtus
1028 1300 1106 1342 est,
1126 1293 1169 1333 in
1189 1293 1419 1348 sapientem
1441 1293 1581 1334 solum
1601 1307 1672 1334 ca·

236 1348 329 1389 dit:
361 1349 479 1403 isque
509 1348 600 1388 finis
625 1349 850 1398 bonorum,
871 1358 919 1389 ut
944 1349 1031 1389 ab'
1022 1349 1121 1405 ipsis
1150 1349 1304 1390 Stoicis
1333 1349 1536 1405 scriptum
1556 1349 1672 1390 vide-

178 1392 225 1429 16
238 1418 348 1455 mus,
378 1418 403 1444 a
434 1405 674 1445 Xenocrate
700 1414 826 1468 atque
845 1405 898 1446 ab
917 1405 1150 1447 Aristotele
1169 1406 1425 1448 constitutus
1446 1415 1524 1448 est.
1584 1407 1672 1448 Ita-

192 1452 223 1503 7
239 1475 320 1516 que
341 1461 395 1502 ab
414 1459 480 1501 his
509 1461 757 1502 constitutio
777 1462 848 1502 illa
868 1463 1003 1526 prima
1023 1472 1145 1506 natm
1146 1477 1183 1513 a,
1202 1477 1228 1502 a
1247 1477 1331 1518 qua
1349 1472 1397 1504 tu
1417 1477 1586 1519 quoque
1605 1477 1674 1503 or-

238 1517 421 1568 diebare,
442 1517 507 1558 his
526 1532 658 1582 prope
677 1518 812 1559 verbis
840 1519 1075 1574 exponitur.
1134 1519 1285 1563 Omnis
1306 1528 1455 1561 natura
1475 1519 1563 1561 vult
1581 1533 1674 1561 esse

235 1574 521 1615 conservatrix
547 1575 625 1624 sui,
645 1584 691 1615 ut
714 1583 757 1616 et
776 1560 904 1616 salva
906 1575 974 1626 sit,
993 1584 1036 1615 et.
1055 1575 1097 1616 in
1118 1589 1272 1631 genere
1291 1585 1559 1617 conservetur
1578 1591 1670 1617 suo.

236 1631 290 1672 ad
312 1631 420 1672 hanc
449 1645 537 1670 rem
558 1631 676 1672 aiunt
694 1640 803 1672 artes
824 1645 994 1687 quoque
1015 1632 1253 1696 requisitas,
1270 1647 1364 1687 quae
1385 1641 1576 1674 naturam
1596 1633 1673 1674 ad-

230 1703 307 1743 jux
309 1697 454 1729 arent
485 1686 528 1727 in
556 1687 709 1742 quibus
738 1702 787 1728 ea
807 1696 1050 1729 numeretur
1071 1704 1112 1729 m
1133 1689 1294 1752 primis,
1314 1704 1407 1744 quae
1429 1700 1494 1730 est
1513 1689 1673 1731 vivendi

236 1758 318 1794 ars,
338 1752 387 1784 ut
409 1752 576 1784 tueatur
601 1744 719 1799 quod
749 1759 773 1785 a
801 1754 949 1786 natura
976 1744 1121 1786 datum
1151 1744 1236 1787 sit:
1269 1753 1310 1780 39
1324 1745 1439 1810 quod
1459 1745 1582 1810 desit,
1604 1761 1676 1787 ac-

236 1800 390 1855 quirat,
420 1798 635 1856 iidemque
665 1800 893 1842 diviserunt
922 1809 1115 1842 naturam
1140 1801 1353 1843 hominis
1343 1817 1387 1843 in
1407 1803 1608 1853 animum,
1631 1811 1675 1843 et

236 1871 407 1912 corpus
441 1871 622 1912 cumque
657 1872 804 1898 eorum
841 1857 1176 1914 unumquodque
1208 1872 1284 1913 per
1317 1873 1362 1899 se
1391 1859 1674 1914 expetendum

237 1926 329 1954 esse
360 1913 576 1964 dixissent,
602 1914 774 1955 virtutes
794 1929 964 1970 quoque
983 1915 1202 1978 utriusque
1220 1929 1367 1956 eorum
1388 1929 1462 1971 per
1483 1930 1527 1956 se
1547 1930 1674 1972 expe-

103 1989 134 2018 p
154 1985 223 2009 11ο.
236 1969 384 2011 tendas
406 1984 495 2011 esse
516 1970 741 2012 dicebant:
773 1980 813 2003 40
827 1986 926 2012 eum
947 1970 1136 2013 animum
1158 1972 1340 2027 quadam
1368 1971 1530 2013 infinita
1547 1972 1677 2014 laude

195 2031 223 2052 ³·
237 2034 540 2084 anteponerent
570 2026 752 2082 corpori,
782 2028 955 2069 xirtutes
986 2042 1156 2092 quoque
1186 2028 1315 2069 animi
1344 2028 1466 2069 bonis
1485 2029 1674 2084 corporis

179 2087 224 2128 17
238 2075 566 2139 anteponebant.
627 2084 711 2125 Sed
741 2098 837 2126 cum
870 2084 1116 2140 sapientiam
1146 2086 1277 2126 totius
1303 2084 1491 2125 hominis
1529 2094 1676 2126 custo-

281 2203 320 2227 83
346 2196 608 2236 utperspIciamus,
621 2197 842 2237 siparuerinms]
862 2200 935 2238 Leg.

231 2239 403 2279 poterimus,
420 2250 503 2280 saepe
519 2243 571 2271 hae
585 2243 658 2272 duae
675 2243 785 2272 formae
801 2242 833 2272 in
851 2242 937 2272 libris

237 2283 381 2312 confusae
395 2291 482 2314 sunt.

1023 2205 1062 2229 38
1087 2199 1162 2240 quod
1183 2199 1295 2229 virtute
1308 2199 1435 2238 finitur]
1462 2198 1515 2229 Sic
1534 2199 1604 2229 edd.
1628 2209 1675 2239 pr.

980 2242 1071 2272 bene.
1099 2242 1127 2271 ei
1150 2250 1219 2280 post
1244 2243 1453 2272 substitutum
1475 2248 1522 2272 est
1534 2242 1675 2282 fruitur.-

980 2284 1056 2325 quad
1067 2295 1101 2314 v.
1107 2284 1220 2323 finitur
1232 2292 1290 2322 est,
1306 2285 1368 2321 vel,
1385 2286 1471 2325 quod
1479 2285 1586 2315 virtuti
1599 2294 1676 2316 con-

281 2331 322 2355 34
346 2337 360 2354 e
381 2325 481 2366 quihus
500 2326 670 2365 planissime
697 2325 827 2366 Polemo]
858 2327 936 2357 Edd.
980 2334 1170 2357 sentaneum
1193 2336 1250 2364 esi,
1275 2328 1321 2358 vel
1346 2329 1460 2359 virtute
1481 2329 1676 2365 continetur,

239 2377 284 2405 pr.
297 2367 473 2407 plenissime.
519 2370 698 2408 Vulgatum
714 2370 829 2400 melius
846 2378 935 2409 puto,

238 2413 323 2449 quod
340 2411 461 2450 primus
478 2413 574 2443 edidit
590 2413 776 2445 Lambinus.

282 2460 321 2483 35
347 2465 433 2482 unum
450 2455 601 2493 ejusmodi}
618 2455 733 2485 IvIalim
747 2454 915 2494 hujusmodi.

283 2501 322 2525 30
347 2507 412 2536 quae
434 2503 542 2526 nalum
565 2497 730 2536 evenirent]
756 2498 842 2527 Ordo
857 2504 937 2527 tern-

238 2548 354 2578 porum
381 2540 518 2577 postulat
545 2540 701 2569 eveniant:
724 2541 778 2570 sed
805 2547 835 2569 et
861 2550 940 2570 mox

238 2588 296 2617 est,
320 2588 352 2610 uf
376 2581 399 2609 si
422 2582 564 2611 diceretur
587 2592 641 2621 pro
657 2583 782 2612 dicatur.
798 2583 938 2612 Vlcissim

240 2625 333 2660 infra,
351 2625 382 2653 in
408 2627 510 2661 tertio,
528 2633 585 2660 est,
605 2636 670 2665 711ae
686 2626 836 2654 secundum
853 2633 938 2654 nasu-

239 2678 301 2695 ram
319 2666 387 2702 sint,
413 2677 478 2697 non
502 2675 600 2697 essent.
620 2669 725 2707 itaque
740 2667 831 2698 valde
847 2668 938 2698 incli-

239 2720 282 2740 no
298 2719 347 2746 eo,
366 2719 401 2739 ut
420 2710 541 2749 legatur
557 2711 707 2747 eveniant,
724 2710 851 2741 dicatur.

282 2758 320 2787 37
346 2751 423 2781 illud
447 2752 536 2792 enim]
560 2753 609 2783 Sc.
637 2754 818 2784 secundum
844 2760 937 2784 natu—

239 2804 306 2824 ram
330 2796 540 2825 vivere—210.-
564 2802 673 2834 autcm,
700 2796 807 2826 officia
832 2797 938 2828 media

240 2838 349 2869 omnia
364 2846 420 2868 aut
437 2839 583 2878 pleraque
599 2849 730 2869 serrare.

980 2370 1030 2399 vel
1053 2371 1139 2409 quod
1163 2373 1276 2402 virtute
1292 2372 1463 2410 perficitur.
1480 2370 1560 2401 illud
1576 2373 1677 2410 magis

980 2412 1094 2451 placet.

1024 2461 1064 2487 39
1087 2455 1162 2496 quod
1175 2455 1259 2492 desit,
1284 2455 1432 2498 requirat]
1452 2456 1536 2486 Mihi
1552 2466 1678 2496 semper

981 2499 1087 2528 visum
1114 2505 1161 2528 est
1191 2499 1243 2528 hic
1271 2499 1445 2538 legendum
1472 2499 1612 2540 anquirat
1637 2509 1678 2530 ex

983 2539 1170 2577 Offic.1,4
1190 2542 1256 2572 init.
1274 2542 1435 2584 omniaque,
1453 2552 1630 2590 quaecunque
1640 2542 1682 2572 ad

982 2583 1085 2613 viven
1086 2584 1144 2613 lum
1159 2583 1216 2613 sint
1237 2586 1406 2622 necessaria,
1425 2584 1564 2626 anquirat
1584 2592 1679 2625 etpa-

983 2632 1038 2656 r.ct

1026 2676 1066 2699 40
1091 2680 1153 2698 cum
1173 2669 1301 2699 animum
1323 2668 1397 2710 &c.]
1421 2670 1497 2700 Non
1512 2669 1595 2700 bene
1615 2670 1679 2701 hoc

982 2721 1059 2741 cum
1089 2714 1293 2743 antecedente
1320 2714 1467 2744 cohaeret.
1492 2714 1598 2752 itaque
1623 2720 1680 2744 aut

982 2761 1012 2827 etl
1025 2762 1080 2784 aut
1103 2756 1151 2784 sed
1172 2756 1354 2788 addendum
1372 2756 1503 2797 putabat
1518 2756 1677 2787 Davisius.

981 2807 1000 2836 p
1016 2804 1092 2827 acet.
