1768 3095
227 82 301 115 152
537 77 609 115 DE
637 78 794 116 FINIB.
813 78 1014 124 BONOR.
1036 80 1104 117 ET
1131 80 1341 118 MALOR.

220 184 380 238 utilitas
405 193 568 241 ,quanta
596 186 666 238 sit,
695 201 721 228 a
746 187 923 236 medicis
951 188 1080 230 etiam
1110 187 1376 244 disputatur:
1406 188 1488 232 alia
1517 197 1658 233 autem

222 239 381 289 nullam
402 242 458 283 ob
478 241 720 293 utilitatem,
740 244 859 299 quasi
884 244 937 293 ad
968 244 1176 300 quendam
1208 254 1419 297 ornatum,
1447 253 1498 289 ut
1526 246 1661 291 cauda

222 297 388 351 pavoni,
423 298 580 352 plumae
609 300 880 348 versicolores
912 301 1138 350 columbis,
1174 301 1269 342 viris
1302 316 1500 344 mammae
1533 311 1661 358 atque

164 356 210 396 19
222 353 366 396 barba.
426 356 533 396 Haee
567 355 767 407 dicuntur
792 358 975 399 ‚fortasse
1003 358 1194 413 jejunius
1217 374 1229 398 ι
1269 367 1368 400 sunt
1399 358 1508 401 enim
1541 360 1663 414 quasi

221 410 358 465 prima
391 411 600 459 elementa
632 423 791 463 naturae
807 430 819 463 3
850 413 1005 468 quibus
1038 415 1207 460 ubertas
1236 415 1436 457 orationis
1468 413 1676 458 adhiberi'

220 466 288 509 vix
306 476 462 523 potest,
485 483 562 509 nec
583 470 782 525 equidem
803 484 895 511 eam
917 470 1315 524 cogitoconsectari
1333 488 1344 512 ε
1373 481 1660 514 verumtamen

221 538 321 565 cum
352 524 412 579 de·
433 525 561 577 rebus
589 525 893 581 grandioribus
917 526 1047 577 dieas,
1069 526 1222 581 3⁴2ipsae
1243 543 1309 573 res
1317 529 1457 570 rerba
1478 529 1661 583 rapiunt.

221 579 280 620 ita
310 580 355 621 fit
387 595 487 623 cum
520 583 700 638 gravior,
733 590 825 623 tum
860 582 989 629 etiam
1018 583 1282 638 splendidior.
1305 585 1454 627 oratio.
1514 586 1592 628 Est
1612 592 1662 627 ut

223 635 342 688 dieis,
372 637 561 695 inquam,
582 638 666 687 sed
696 646 836 682 tamen
869 653 1012 688 omne,
1050 639 1166 695 quod
1196 639 1252 681 de
1281 641 1461 684 re'bona
1476 641 1662 684 dilucide

221 692 391 744 dicitur,
422 693 527 737 mihi
557 695 757 750 praeclare
787 694 870 737 dici
899 694 1077 738 videtur.
1108 703 1146 728 33
1159 696 1399 740 istiusmodi
1427 706 1570 740 autern
1596 712 1662 739 res

221 748 374 807 dicere·
396 760 542 804 ornate
573 751 699 803 velle,
726 751 887 807 puerile
921 761 1012 793 est:
1041 751 1166 807 plane
1191 762 1335 797 autem
1366 762 1410 796 et
1441 754 1663 810 perspicue

222 806 420 862 expedire
438 821 577 862 posse,
600 807 717 850 docti
737 817 780 849 et
799 808 1071 863 intelligentis
1093 809 1180 850 viri.

175 855 211 910 6
281 863 608 919 Progrediamur
644 864 789 920 igitur,
822 866 1039 921 quoniam,
1075 865 1228 922 inquit,
1259 865 1313 908 ab
1348 865 1414 908 his
1446 866 1663 923 principiis

222 918 719 972 naturzeaeydiscessimus:
770 921 926 977 quibus
971 936 1209 977 congruere
1247 922 1419 974 debent,
1462 938 1558 979 quae
1596 938 1663 966 se-

158 992 210 1024 20
223 985 425 1032 quuntur.
462 977 653 1033 sequitur
692 985 836 1020 autem
871 978 1009 1034 prima
1040 979 1189 1023 divisio
1225 979 1331 1021 haec.
1391 979 1663 1022 AEstimabile

221 1046 313 1074 esse
335 1032 514 1075 dicitur:
544 1041 583 1065 34
595 1034 654 1075 sic
677 1035 804 1084 enim,
827 1035 1059 1090 utopinor,
1087 1050 1111 1076 a
1143 1035 1351 1091 pellemus
1372 1035 1430 1086 id,
1453 1037 1569 1093 quod
1590 1045 1665 1078 aut

219 1088 362 1144 ipsum
384 1089 618 1132 seeundum
645 1099 839 1142 naturam
870 1089 937 1142 sit,
964 1100 1038 1132 aut
1063 1100 1147 1137 tae
1166 1091 1281 1147 <quid
1300 1092 1467 1143 efficiat,
1488 1103 1536 1134 ut
1557 1093 1665 1135 sele-2

219 1145 361 1187 ctione
394 1146 575 1203 dignum
608 1156 832 1202 propterea
862 1149 929 1198 sit,
960 1148 1076 1203 quod
1106 1148 1280 1204 aliquod
1311 1149 1478 1203 pondus
1508 1149 1666 1192 habeat

219 1201 401 1258 dignum
433 1203 740 1245 aestimatione:
773 1212 811 1252 δῦ
829 1219 956 1259 quam
989 1204 1201 1256 illeo'ck's‘av
1234 1213 1388 1250 vocat:
1430 1215 1665 1262 contraque

218 1258 529 1300 inaestimabile.
565 1260 683 1316 quod
722 1260 776 1301 sit
816 1260 1021 1316 superiori
1057 1261 1328 1302 contrarium.
1369 1261 1497 1304 initiis
1534 1262 1666 1317 igitur

219 1314 278 1358 ita
312 1315 568 1366 constitutis,
604 1326 653 1357 ut
688 1331 751 1366 ea,
786 1332 881 1372 quae
915 1316 1152 1359 secundum
1189 1326 1383 1360 naturam
1423 1328 1536 1369 sunt,
1572 1319 1665 1374 ipsa

218 1380 393 1427 propter
414 1386 458 1413 se
480 1372 688 1413 sumenda
707 1373 804 1424 sint,
834 1373 1130 1430 contrariaque
1162 1373 1266 1417 item
1295 1374 1548 1430 rejicienda;
1578 1376 1667 1432 pri-9

219 1442 341 1469 mum
361 1436 426 1469 est
446 1428 633 1470 officium
664 1429 723 1483 (id
751 1430 862 1470 enim
894 1430 1060 1485 appello
1093 1431 1259 1483 καθῆκον)
1293 1440 1342 1472 ut
1371 1445 1415 1476 se
1444 1440 1670 1474 conservet.

218 1484 262 1525 in
283 1493 443 1525 naturae
465 1494 605 1528 statu:
638 1485 836 1541 deinceps
862 1495 911 1527 ut
939 1501 989 1527 ea
1019 1496 1174 1537 teneat,
1205 1502 1300 1542 quae
1330 1487 1566 1530 secundum
1588 1503 1664 1530 na·-

218 1549 358 1584 turam
392 1541 490 1592 sint,
524 1542 740 1598 pellatque
774 1543 1012 1592 contraria3
1043 1550 1083 1576 36
1099 1558 1183 1599 qua
1214 1543 1382 1584 inventa
1418 1545 1663 1596 selectione,

218 1592 263 1639 et
294 1597 397 1639 item
433 1598 678 1654 rejectione,
712 1601 902 1654 sequitur
935 1599 1134 1654 deinceps
1166 1614 1264 1641 cum
1298 1600 1437 1641 officio
1472 1601 1663 1643 selectio.

175 1662 208 1693 b.
221 1653 373 1696 deinde
399 1669 449 1696 ea
474 1664 694 1710 perpetua,
723 1664 818 1697 tum
844 1655 898 1697 ad
928 1665 1166 1697 extremum
1195 1663 1407 1707 constans,
1438 1667 1664 1700 consenta-

220 1725 385 1766 neaque
406 1719 570 1752 naturae
587 1728 596 1752 :
628 1719 665 1748 37
682 1712 724 1753 in
746 1726 830 1768 qua
850 1711 1036 1767 primurn
1056 1712 1194 1753 inesse
1219 1712 1380 1768 incipit,
1402 1722 1445 1754 et
1465 1713 1664 1770 intelligi,

158 1781 203 1812 21
222 1767 325 1823 quid
346 1767 413 1818 sit,
435 1768 554 1825 quod
574 1782 668 1809 vere
687 1769 849 1810 bonum
871 1768 1006 1824 possit
1025 1768 1121 1809 dici.
1184 1769 1321 1810 Prima
1341 1777 1405 1810 est
1424 1770 1537 1812 enim
1558 1785 1664 1812 con-

219 1823 378 1865 ciliatio
400 1823 585 1866 hominis
604 1824 658 1865 ad
679 1840 743 1875 ea,
775 1840 869 1881 quae
901 1834 998 1866 sunt
1029 1825 1264 1867 secundum
1297 1834 1506 1867 naturam.
1534 1827 1665 1869 simul

220 1887 363 1932 autem
385 1880 499 1936 cepit
524 1881 865 1936 intelligentiam,
895 1881 960 1923 vel
990 1882 1208 1922 notionem
1239 1882 1398 1937 potius,
1429 1898 1558 1938 quam
1588 1898 1663 1939 ape

219 1937 379 1991 pellant
410 1936 540 1977 ἔννοιαν
569 1938 645 1987 illi,
680 1937 864 1994 viditque
896 1952 1038 1979 rerum
1075 1937 1336 1994 agendarum
1367 1939 1574 1991 ordinem,
1603 1948 1662 1992 et,

220 2000 268 2039 ut
300 1993 360 2036 ita
391 1993 546 2045 dicam,
584 1994 884 2036 concordiam:
915 1994 1054 2036 multo
1083 2009 1177 2036 eam
1209 2002 1249 2027 38
1263 1995 1395 2050 pluris
1425 1996 1663 2047 aestimavit,

220 2055 350 2106 quam
372 2050 516 2092 omnia
534 2049 619 2102 illa,
642 2066 737 2106 quae
757 2051 944 2107 primum
965 2050 1196 2102 dilexerat3
1228 2060 1357 2107 atque
1375 2053 1435 2094 ita
1452 2060 1493 2086 39
1509 2053 1662 2109 cogni-

261 2171 300 2195 32
326 2165 397 2204 ipsae
414 2175 455 2194 res
464 2163 556 2193 verba
580 2162 714 2203 rapiunt]
740 2165 806 2200 Est,
830 2166 917 2205 quod
1005 2170 1044 2199 37
1070 2164 1100 2194 in
1114 2175 1172 2205 qua
1189 2164 1320 2204 primum
1344 2164 1432 2193 inesse
1456 2163 1560 2203 incipit
1575 2173 1603 2195 et
1620 2165 1664 2195 in-

217 2207 370 2238 Horatius
387 2209 485 2238 dicit:
513 2218 570 2236 rem
594 2208 833 2246 benepraevisam
849 2219 917 2237 ver·
962 2206 1076 2246 telligi]
1113 2207 1261 2237 Davisius
1287 2218 1304 2237 e
1332 2207 1469 2246 vestigiis
1504 2207 1660 2239 librorum

217 2250 462 2292 brt—sequuntur.
486 2251 539 2280 sed
567 2257 674 2280 tamen
702 2250 792 2281 valde
817 2251 919 2291 placet
962 2250 1088 2288 corrigit
1104 2249 1227 2288 concipit
1247 2257 1274 2279 et
1290 2249 1443 2288 intelligit.
1464 2251 1550 2289 quod
1572 2260 1661 2282 com-

216 2293 399 2332 conjectura
410 2293 551 2333 pariunt,
562 2298 599 2323 ut
619 2292 760 2332 loquitur
775 2295 812 2326 de
830 2290 917 2325 Orat.
963 2293 1097 2325 modum
1113 2302 1245 2328 sensum
1269 2293 1377 2329 habet,
1394 2298 1423 2322 et
1439 2294 1597 2323 consentit
1609 2304 1659 2328 se-

216 2337 261 2372 11,
280 2343 332 2367 34.
959 2331 1132 2374 quentibus
1145 2347 1151 2364 :
1175 2329 1266 2364 sitini!
1277 2336 1352 2374 cepit
1362 2334 1586 2374 intelligentiam
1597 2339 1659 2369 ἃς,

259 2386 298 2409 33
323 2377 483 2407 istiusmodi
495 2384 591 2407 autem
608 2376 666 2418 res]
684 2378 831 2409 Davisius
848 2388 921 2410 cor-.
1002 2384 1042 2408 38
1061 2376 1158 2416 pluris
1193 2377 1372 2417 aestimavit]
1410 2377 1518 2408 Posset
1546 2380 1659 2419 corrigi

215 2421 285 2460 rigit
303 2421 386 2453 enim.
406 2430 469 2450 non
489 2420 583 2450 male.
958 2420 1098 2456 aestimat,
1115 2420 1140 2450 si
1156 2421 1322 2460 sequentia
1338 2427 1529 2460 paterentur.
1554 2422 1661 2462 loqui-

256 2459 298 2495 ’34
322 2463 362 2492 sic
374 2464 448 2492 mim
459 2461 646 2502 appellemus]
660 2462 766 2503 Vulgo
782 2462 914 2504 appella·
958 2469 1010 2493 tur
1024 2463 1063 2493 de
1085 2472 1135 2500 eo,
1157 2464 1242 2502 quod
1270 2465 1304 2494 in
1330 2473 1428 2504 puero
1452 2464 1575 2499 sactum
1597 2472 1660 2504 est,

215 2517 286 2536 mus.
304 2516 370 2537 non
386 2506 479 2536 bene.
958 2515 1025 2535 non
1041 2506 1129 2545 quod
1145 2506 1195 2536 fit.

255 2545 295 2580 {35
321 2559 408 2590 quam
439 2547 490 2576 ille
519 2547 566 2582 ιὶξ.
598 2545 703 2588 vocat]
732 2547 781 2578 ἱΙῘε
810 2548 911 2579 Zeno.
1001 2554 1043 2581 39
1065 2547 1223 2588 cognitione
1237 2555 1265 2578 et
1281 2547 1404 2588 rqtt'one]
1426 2549 1575 2581 Davisius
1591 2560 1659 2582 cot-

214 2601 274 2630 nec
298 2599 404 2622 tamen
429 2589 574 2630 displicet
599 2590 714 2620 Pearcii
739 2591 911 2623 correctio:
957 2591 1038 2621 rexit
1060 2590 1231 2630 cogitatione
1251 2591 1449 2630 quiarslerrno
1472 2594 1526 2623 hic
1549 2601 1594 2625 est
1619 2595 1660 2626 de

214 2633 261 2664 illi
287 2644 330 2665 sc.
360 2633 469 2670 Stoici,
493 2639 599 2662 vocant
621 2633 666 2662 sic
689 2633 770 2664 infra
784 2645 799 2662 ι’
826 2631 914 2676 q'uam
957 2634 1083 2664 actione
1099 2634 1210 2674 animi.
1256 2635 1317 2665 Sed
1334 2642 1435 2674 potest
1451 2636 1585 2676 intelligi
1604 2637 1658 2668 illa

214 2677 363 2717 appellant
378 2676 476 2706 ἔννοιαν
492 2675 549 2705 illi.
956 2675 1096 2716 cognitio
1122 2675 1328 2717 (κατάληψις)
1354 2678 1392 2708 de
1415 2688 1478 2718 qua
1501 2685 1587 2717 ante,
1602 2682 1657 2714 cuj

256 2726 294 2756 37
321 2731 379 2762 qua
402 2719 525 2749 inventa
548 2716 695 2761 selectione
717 2717 846 2760 sequitur
865 2717 910 2759 A]
956 2719 1109 2758 adjuncta
1137 2719 1256 2750 ratione
1287 2720 1421 2761 colligit,
1460 2722 1494 2758 in
1523 2732 1590 2768 quo
1617 2724 1659 2754 sit

214 2761 265 2794 Sic
292 2763 373 2793 bene
398 2763 531 2792 correxit
557 2760 706 2791 Davisius
728 2759 913 2802 vulgatum,
950 2772 1128 2806 'summum
1144 2761 1279 2803 bonurn·

213 2812 494 2849 quae—-sequuntur,
510 2804 597 2844 quod
611 2804 680 2835 sine
695 2813 792 2836 sensu
808 2810 864 2840 est.
891 2803 894 2807 ’
