1768 3095
364 236 442 288 M.
480 233 763 287 TULLII
802 231 1246 289 CICERONIS

777 364 832 390 DE

573 460 1036 532 FINIBUS

202 603 683 670 BONORUM
730 609 855 671 ET
902 605 1410 671 MALORUM

783 753 838 779 AD

647 835 955 883 BRUTUM

514 945 719 987 LIBER
760 945 1106 988 QUARTUS.

609 1221 755 1259 ARGU
762 1221 1009 1259 MENTUM
1015 1250 1021 1258 .

97 1307 172 1345 Hoc
189 1306 272 1344 libro
295 1305 477 1343 continetur
498 1305 662 1343 Ciceronis
681 1305 861 1356 disputatio
888 1313 1004 1342 contra
1027 1305 1267 1350 Catonianam,
1287 1307 1321 1345 h.
1341 1320 1369 1346 e.
1394 1309 1534 1360 Peripa-

150 1362 258 1398 teticae
284 1360 422 1396 rationis
442 1358 586 1408 defensio
605 1369 636 1396 et
657 1360 779 1398 Stoicae
805 1359 1025 1410 impugnatio.
1081 1362 1233 1397 Accessio
1259 1361 1309 1397 ad
1333 1361 1535 1412 disputatio·

147 1427 221 1451 nem
241 1412 487 1463 Philosophiam
516 1413 663 1450 Stoicam
693 1415 727 1449 in
753 1413 949 1449 universum
978 1425 1102 1450 omnem
1126 1413 1330 1464 reprehendit
1338 1431 1348 1461 3
1364 1417 1535 1466 inprimis·

148 1480 212 1518 que
228 1467 298 1514 eius
317 1475 483 1503 auctorem
506 1467 681 1510 Zenonem,
702 1467 760 1516 qui
776 1479 850 1502 cum
870 1465 958 1503 nihil
975 1465 1145 1511 habuerit,
1165 1468 1256 1519 quod
1271 1469 1306 1505 in
1324 1477 1437 1505 vetere
1455 1477 1486 1506 et
1512 1484 1536 1506 a

150 1520 332 1558 Socraticis
349 1520 591 1570 Aristoteleque
619 1520 796 1556 constituta
823 1518 1001 1570 disciplina
1029 1529 1092 1556 aut
1118 1520 1362 1572 reprehenderet
1381 1532 1442 1559 aut
1462 1537 1537 1560 mu-

149 1584 250 1617 taret,
269 1587 374 1610 ausus
393 1573 437 1609 sit
456 1586 529 1610 eam
547 1572 700 1616 deserere,
719 1586 909 1623 novamque
934 1572 1146 1624 disciplinam
1175 1574 1319 1612 condere.
1339 1590 1416 1626 quae
1435 1591 1457 1613 a
1476 1590 1538 1613 su·

142 1628 264 1679 periori
284 1640 384 1677 neque
398 1627 592 1676 partitione,
611 1639 713 1676 neque
740 1625 813 1662 ulla
839 1639 874 1662 re
898 1626 1016 1677 paullo
1045 1627 1178 1674 majori,
1207 1629 1273 1665 nisi
1299 1629 1415 1666 verbis
1443 1631 1539 1667 novis

148 1680 365 1733 quibusdam,
391 1689 422 1717 et
451 1679 616 1717 scribendi
644 1694 684 1717 ac
710 1678 891 1716 disserendi
915 1681 1055 1723 ratione,
1072 1681 1288 1732 discreparet.
1306 1696 1335 1720 c.
1362 1689 1442 1720 1-5.
1496 1685 1539 1720 In

149 1749 214 1785 quo
231 1743 343 1771 autem
362 1735 507 1771 maxime
526 1734 630 1772 Stoici
648 1747 671 1770 a
686 1740 797 1770 vetere
814 1734 941 1770 ratione
959 1733 1122 1771 discedere
1130 1745 1351 1786 putarentur,
1371 1747 1482 1787 nempe
1499 1736 1540 1775 de

153 1789 244 1825 Bono
262 1801 388 1824 summo
404 1797 436 1824 et
454 1787 556 1832 malo,
575 1789 610 1824 in
635 1801 668 1825 eo
695 1799 821 1838 quoque
837 1787 1016 1823 verborum
1036 1789 1145 1840 potius
1163 1803 1265 1840 quam
1282 1803 1394 1827 rerum
1412 1790 1539 1829 dissen-

151 1842 270 1878 sionem
289 1853 368 1877 esse.
425 1842 519 1878 Nam
538 1839 799 1878 constitutionem
817 1841 911 1877 illam
923 1842 1071 1892 primam
1091 1852 1240 1887 naturae‚
1259 1857 1282 1880 a
1298 1857 1367 1895 qua
1385 1853 1417 1881 et
1438 1844 1539 1890 Cato,

150 1894 192 1932 de
211 1895 394 1932 Stoicorum
421 1907 520 1939 more,
548 1908 684 1931 exorsus
701 1896 760 1938 sit,
780 1904 810 1930 et
829 1894 915 1931 unde
931 1896 1034 1932 omnis
1052 1896 1120 1932 ista
1137 1896 1323 1948 disputatio
1339 1897 1379 1934 de
1399 1898 1491 1935 Bono
1509 1908 1542 1936 et

155 1948 255 1985 Μαίο
273 1947 432 1990 ducatur,
451 1961 526 1984 eam
544 1948 839 1998 utriusquepartis
858 1961 935 1992 esse,
961 1958 1000 1985 ut
1027 1949 1194 1987 dissensus
1222 1964 1331 1987 rerum
1351 1951 1467 1988 nullus
1486 1966 1539 1989 re-

147 2002 315 2053 periatur.
370 2000 439 2037 Illa
465 2002 577 2038 enim:
606 2001 833 2038 valetudinem
860 2004 1013 2052 corporis,
1031 2004 1259 2053 integritatem
1286 2018 1455 2050 sensuum,
1476 2019 1539 2042 non

152 2068 220 2093 esse
239 2055 335 2097 bona,
354 2054 414 2090 sed
431 2056 616 2105 praeposita
636 2085 641 2097 ἶ
673 2068 751 2105 quae
770 2055 804 2090 in
819 2067 948 2106 corpore
971 2056 1163 2094 excellerent
1189 2072 1251 2094 non
1270 2072 1338 2095 esse
1348 2069 1411 2109 per
1429 2072 1463 2095 se
1479 2072 1539 2096 ex-

148 2108 304 2160 petenda,
321 2107 381 2144 sed
397 2108 557 2145 sumenda
572 2125 582 2154 3
612 2110 722 2144 omnia
739 2109 831 2144 vitia
850 2122 916 2145 esse
931 2111 1032 2159 paria
1049 2126 1058 2155 3
1089 2112 1149 2161 qui
1166 2113 1329 2148 virtutem
1359 2126 1422 2149 non
1444 2113 1541 2163 plene

152 2163 314 2199 consecuti
332 2170 450 2204 essent,
468 2175 594 2198 summe
610 2175 677 2198 esse
695 2161 824 2198 miseros
842 2178 851 2206 3
882 2175 921 2198 ea
949 2177 1012 2199 non
1039 2177 1107 2200 esse
1131 2166 1235 2209 tanti,
1264 2173 1302 2202 ut
1324 2175 1498 2216 propterea
1517 2180 1540 2202 a

152 2216 260 2253 ‘veteri
279 2215 456 2265 disciplina
481 2215 724 2252 desciscendum
737 2215 868 2264 fuerit,
894 2217 1041 2266 inprimis
1061 2231 1133 2253 cum
1162 2219 1239 2254 usui
1266 2219 1418 2270 loquendi
1442 2230 1540 2270 repu-

148 2276 309 2320 gnarent.
325 2283 353 2306 c.
374 2268 458 2315 6-9.
516 2269 676 2320 Sequitur
692 2268 809 2305 deinde
820 2270 967 2319 pressior
984 2269 1166 2320 disputatio
1183 2272 1224 2307 de
1242 2271 1307 2317 his,
1327 2286 1404 2323 quae
1423 2287 1446 2309 a
1470 2273 1541 2310 Ca-

153 2334 226 2360 tone
254 2322 346 2360 dicta
371 2332 482 2366 erant,
509 2335 613 2373 eaque
639 2323 855 2371 conferuntur
881 2336 955 2359 cum
979 2323 1045 2368 his,
1074 2338 1152 2375 quae
1184 2325 1296 2362 Cicero
1322 2326 1543 2377 anteponebat

157 2376 364 2414 Catonianis.
419 2376 478 2413 Ab
504 2377 617 2413 iisdem
642 2377 746 2413 initiis
776 2386 923 2420 naturae,
952 2378 1062 2414 animo
1086 2387 1117 2414 et
1145 2389 1284 2429 corpore,
1308 2389 1339 2416 et
1366 2380 1543 2431 utriusque

153 2429 375 2467 conservandi
404 2430 525 2473 studio,
550 2429 809 2481 proficiscuntur
843 2430 946 2467 Stoici
979 2441 1010 2467 et
1045 2432 1273 2483 Peripatetici.
1332 2434 1434 2470 M'alc
1465 2446 1542 2484 ergo

156 2483 258 2521 Stoici
278 2483 396 2535 paullo
414 2492 492 2534 post
519 2486 657 2535 corporis
679 2484 784 2534 plane
808 2482 1065 2528 obliviscuntur,
1084 2494 1116 2522 et
1137 2488 1171 2522 in
1191 2486 1391 2536 exquirendo
1416 2501 1542 2524 summo

155 2536 235 2574 hono
265 2546 296 2574 et
327 2537 415 2574 malo
445 2538 546 2574 unius
572 2539 679 2574 animi
706 2539 864 2574 rationem
892 2538 1026 2575 habent.
1082 2540 1177 2576 Nam
1204 2541 1266 2577 etsi
1291 2541 1431 2592 corporis
1457 2540 1542 2577 bona

149 2601 269 2641 parva
296 2600 376 2627 sunt
407 2590 456 2629 ad
479 2592 656 2636 virtutem,
677 2600 708 2628 et
728 2591 774 2628 ab
790 2605 829 2628 ea
847 2591 1070 2629 obscurantur
1093 2603 1125 2630 et
1151 2593 1352 2637 obruuntur,
1373 2607 1435 2631 non
1463 2603 1543 2630 sunt

156 2653 267 2681 tamen
294 2645 395 2694 plane
419 2644 514 2688 nihil,
542 2655 642 2695 atque
668 2644 761 2689 adeo,
781 2646 842 2682 etsi
862 2656 1003 2696 parvae,
1027 2653 1139 2683 tamen
1158 2655 1277 2698 partes
1304 2648 1394 2684 vitae
1421 2647 1541 2686 beatae.

155 2709 183 2733 c.
209 2703 340 2735 10-12.
396 2698 528 2735 Deinde
545 2712 618 2735 cum
636 2699 779 2735 omnium
807 2708 1011 2735 naturarum
1040 2700 1148 2737 simile
1164 2701 1208 2737 sit
1229 2700 1276 2744 id,
1294 2700 1345 2737 ad
1358 2700 1449 2752 quod
1472 2714 1543 2736 om-

157 2750 214 2786 nia
231 2750 435 2798 referuntur,
453 2761 484 2788 et
503 2752 593 2803 quod
616 2760 665 2789 est
683 2752 836 2789 ultimum
854 2765 964 2789 rerum
986 2753 1249 2804 appetendarum
1267 2772 1277 2801 5
1307 2754 1411 2791 omnis
1429 2761 1544 2791 autem

158 2812 283 2841 natura
301 2804 430 2842 nullam
456 2806 508 2843 sui
528 2815 661 2856 partem
685 2805 831 2851 deserat,
849 2819 951 2858 neque
970 2815 1107 2845 tantum
1124 2807 1159 2845 in
1174 2808 1295 2859 optimo
1317 2804 1546 2845 conservando
