<?xml version="1.0" encoding="UTF-8"?>
<!DOCTYPE html PUBLIC "-//W3C//DTD XHTML 1.0 Transitional//EN"
    "http://www.w3.org/TR/xhtml1/DTD/xhtml1-transitional.dtd">
<html xmlns="http://www.w3.org/1999/xhtml" xml:lang="en" lang="en">
 <head>
  <title>
</title>
<meta http-equiv="Content-Type" content="text/html;charset=utf-8" />
  <meta name='ocr-system' content='tesseract 3.04.00' />
  <meta name='ocr-capabilities' content='ocr_page ocr_carea ocr_par ocr_line ocrx_word'/>
</head>
<body>
  <div class='ocr_page' id='page_1' title='image "./p1operaomnia04ciceuoft_0098.png"; bbox 0 0 1768 3095; ppageno 0'>
   <div class='ocr_carea' id='block_1_1' title="bbox 231 92 1363 143">
    <p class='ocr_par' dir='ltr' id='par_1_1' title="bbox 231 92 1363 143">
     <span class='ocr_line' id='line_1_1' title="bbox 231 92 1363 143; baseline 0.004 -14"><span class='ocrx_word' id='word_1_1' title='bbox 231 99 286 143; x_wconf 81' lang='lat'>90</span> <span class='ocrx_word' id='word_1_2' title='bbox 542 93 614 131; x_wconf 92' lang='lat' dir='ltr'>DE</span> <span class='ocrx_word' id='word_1_3' title='bbox 642 95 800 133; x_wconf 87' lang='lat' dir='ltr'><strong>FINIB.</strong></span> <span class='ocrx_word' id='word_1_4' title='bbox 829 92 1031 132; x_wconf 82' lang='lat' dir='ltr'><strong>BONOR.</strong></span> <span class='ocrx_word' id='word_1_5' title='bbox 1060 95 1129 134; x_wconf 87' lang='lat' dir='ltr'>ET</span> <span class='ocrx_word' id='word_1_6' title='bbox 1158 96 1363 135; x_wconf 86' lang='lat' dir='ltr'>MALOR.</span> 
     </span>
    </p>
   </div>
   <div class='ocr_carea' id='block_1_2' title="bbox 121 200 1672 2530">
    <p class='ocr_par' dir='ltr' id='par_1_2' title="bbox 232 200 1668 316">
     <span class='ocr_line' id='line_1_2' title="bbox 232 200 1668 261; baseline 0.005 -17"><span class='ocrx_word' id='word_1_7' title='bbox 232 200 304 244; x_wconf 85' lang='lat' dir='ltr'>sed</span> <span class='ocrx_word' id='word_1_8' title='bbox 327 200 390 243; x_wconf 90' lang='lat' dir='ltr'>uti</span> <span class='ocrx_word' id='word_1_9' title='bbox 411 202 604 244; x_wconf 86' lang='lat' dir='ltr'>oratione</span> <span class='ocrx_word' id='word_1_10' title='bbox 622 211 829 259; x_wconf 88' lang='lat' dir='ltr'>perpetua</span> <span class='ocrx_word' id='word_1_11' title='bbox 847 203 976 254; x_wconf 83' lang='lat' dir='ltr'>malo,</span> <span class='ocrx_word' id='word_1_12' title='bbox 998 219 1128 261; x_wconf 88' lang='lat' dir='ltr'>quam</span> <span class='ocrx_word' id='word_1_13' title='bbox 1149 205 1422 261; x_wconf 77' lang='lat' dir='ltr'>interrogare,</span> <span class='ocrx_word' id='word_1_14' title='bbox 1445 211 1520 249; x_wconf 81' lang='lat' dir='ltr'>aut</span> <span class='ocrx_word' id='word_1_15' title='bbox 1537 207 1668 251; x_wconf 55' lang='lat' dir='ltr'>inter*</span> 
     </span>
     <span class='ocr_line' id='line_1_3' title="bbox 232 258 1528 316; baseline 0.003 -15"><span class='ocrx_word' id='word_1_16' title='bbox 232 258 389 314; x_wconf 88' lang='lat' dir='ltr'>rogari.</span> <span class='ocrx_word' id='word_1_17' title='bbox 450 259 513 300; x_wconf 90' lang='lat' dir='ltr'>Ut</span> <span class='ocrx_word' id='word_1_18' title='bbox 531 259 685 314; x_wconf 87' lang='lat' dir='ltr'>placet,</span> <span class='ocrx_word' id='word_1_19' title='bbox 706 261 895 316; x_wconf 88' lang='lat' dir='ltr'>inquam.</span> <span class='ocrx_word' id='word_1_20' title='bbox 955 262 1076 304; x_wconf 90' lang='lat' dir='ltr'>Tunc</span> <span class='ocrx_word' id='word_1_21' title='bbox 1093 261 1233 304; x_wconf 85' lang='lat' dir='ltr'>dicere</span> <span class='ocrx_word' id='word_1_22' title='bbox 1254 276 1428 304; x_wconf 84' lang='lat' dir='ltr'>exorsus</span> <span class='ocrx_word' id='word_1_23' title='bbox 1450 271 1528 305; x_wconf 87' lang='lat' dir='ltr'>est.</span> 
     </span>
    </p>

    <p class='ocr_par' dir='ltr' id='par_1_3' title="bbox 186 316 1672 772">
     <span class='ocr_line' id='line_1_4' title="bbox 186 316 1672 383; baseline 0.005 -28"><span class='ocrx_word' id='word_1_24' title='bbox 186 330 222 383; x_wconf 77' lang='lat'>9</span> <span class='ocrx_word' id='word_1_25' title='bbox 292 316 478 356; x_wconf 90' lang='lat' dir='ltr'>Primum</span> <span class='ocrx_word' id='word_1_26' title='bbox 500 316 645 371; x_wconf 84' lang='lat' dir='ltr'>igitur,</span> <span class='ocrx_word' id='word_1_27' title='bbox 667 317 818 373; x_wconf 88' lang='lat' dir='ltr'>inquit,</span> <span class='ocrx_word' id='word_1_28' title='bbox 841 318 900 360; x_wconf 90' lang='lat' dir='ltr'>sic</span> <span class='ocrx_word' id='word_1_29' title='bbox 921 332 1062 374; x_wconf 88' lang='lat' dir='ltr'>agam,</span> <span class='ocrx_word' id='word_1_30' title='bbox 1084 327 1134 360; x_wconf 88' lang='lat' dir='ltr'>ut</span> <span class='ocrx_word' id='word_1_31' title='bbox 1150 319 1230 374; x_wconf 89' lang='lat' dir='ltr'>ipsi</span> <span class='ocrx_word' id='word_1_32' title='bbox 1251 319 1414 361; x_wconf 89' lang='lat' dir='ltr'>auctori</span> <span class='ocrx_word' id='word_1_33' title='bbox 1433 318 1561 375; x_wconf 90' lang='lat' dir='ltr'>hujus</span> <span class='ocrx_word' id='word_1_34' title='bbox 1580 319 1672 363; x_wconf 80' lang='lat' dir='ltr'>dis·</span> 
     </span>
     <span class='ocr_line' id='line_1_5' title="bbox 232 371 1669 433; baseline 0.004 -19"><span class='ocrx_word' id='word_1_35' title='bbox 232 371 399 428; x_wconf 82' lang='lat' dir='ltr'>ciplinae</span> <span class='ocrx_word' id='word_1_36' title='bbox 438 372 606 428; x_wconf 87' lang='lat' dir='ltr'>placet:</span> <span class='ocrx_word' id='word_1_37' title='bbox 639 375 911 425; x_wconf 78' lang='lat' dir='ltr'>constituam,</span> <span class='ocrx_word' id='word_1_38' title='bbox 952 375 1069 431; x_wconf 91' lang='lat' dir='ltr'>quid,</span> <span class='ocrx_word' id='word_1_39' title='bbox 1099 385 1141 417; x_wconf 88' lang='lat' dir='ltr'>et</span> <span class='ocrx_word' id='word_1_40' title='bbox 1172 375 1299 431; x_wconf 91' lang='lat' dir='ltr'>quale</span> <span class='ocrx_word' id='word_1_41' title='bbox 1327 376 1379 418; x_wconf 89' lang='lat' dir='ltr'>sit</span> <span class='ocrx_word' id='word_1_42' title='bbox 1410 375 1468 426; x_wconf 91' lang='lat' dir='ltr'>id,</span> <span class='ocrx_word' id='word_1_43' title='bbox 1498 375 1551 418; x_wconf 88' lang='lat' dir='ltr'>de</span> <span class='ocrx_word' id='word_1_44' title='bbox 1581 392 1669 433; x_wconf 89' lang='lat' dir='ltr'>quo</span> 
     </span>
     <span class='ocr_line' id='line_1_6' title="bbox 231 430 1670 487; baseline 0.003 -16"><span class='ocrx_word' id='word_1_45' title='bbox 231 430 475 485; x_wconf 87' lang='lat' dir='ltr'>quaerimus,</span> <span class='ocrx_word' id='word_1_46' title='bbox 513 445 598 471; x_wconf 92' lang='lat' dir='ltr'>non</span> <span class='ocrx_word' id='word_1_47' title='bbox 630 446 715 487; x_wconf 93' lang='lat' dir='ltr'>quo</span> <span class='ocrx_word' id='word_1_48' title='bbox 751 431 949 487; x_wconf 86' lang='lat' dir='ltr'>ignorare</span> <span class='ocrx_word' id='word_1_49' title='bbox 980 447 1053 472; x_wconf 84' lang='lat' dir='ltr'>vos</span> <span class='ocrx_word' id='word_1_50' title='bbox 1086 432 1287 474; x_wconf 91' lang='lat' dir='ltr'>arbitrer:</span> <span class='ocrx_word' id='word_1_51' title='bbox 1320 432 1394 475; x_wconf 85' lang='lat' dir='ltr'>sed</span> <span class='ocrx_word' id='word_1_52' title='bbox 1426 441 1475 475; x_wconf 91' lang='lat' dir='ltr'>ut</span> <span class='ocrx_word' id='word_1_53' title='bbox 1505 433 1670 476; x_wconf 82' lang='lat' dir='ltr'>ratione</span> 
     </span>
     <span class='ocr_line' id='line_1_7' title="bbox 230 486 1666 545; baseline 0.004 -19"><span class='ocrx_word' id='word_1_54' title='bbox 230 494 274 527; x_wconf 92' lang='lat' dir='ltr'>et</span> <span class='ocrx_word' id='word_1_55' title='bbox 311 486 376 527; x_wconf 90' lang='lat' dir='ltr'>via</span> <span class='ocrx_word' id='word_1_56' title='bbox 407 486 613 542; x_wconf 87' lang='lat' dir='ltr'>procedat</span> <span class='ocrx_word' id='word_1_57' title='bbox 644 488 794 528; x_wconf 88' lang='lat' dir='ltr'>oratio.</span> <span class='ocrx_word' id='word_1_58' title='bbox 853 489 1097 545; x_wconf 71' lang='lat' dir='ltr'>Quaerimus</span> <span class='ocrx_word' id='word_1_59' title='bbox 1130 489 1275 544; x_wconf 84' lang='lat' dir='ltr'>igitur,</span> <span class='ocrx_word' id='word_1_60' title='bbox 1310 489 1414 545; x_wconf 91' lang='lat' dir='ltr'>quid</span> <span class='ocrx_word' id='word_1_61' title='bbox 1444 489 1498 530; x_wconf 88' lang='lat' dir='ltr'>sit</span> <span class='ocrx_word' id='word_1_62' title='bbox 1528 498 1666 532; x_wconf 80' lang='lat' dir='ltr'>extre-</span> 
     </span>
     <span class='ocr_line' id='line_1_8' title="bbox 230 543 1668 603; baseline 0.002 -17"><span class='ocrx_word' id='word_1_63' title='bbox 230 557 366 593; x_wconf 87' lang='lat' dir='ltr'>mum,</span> <span class='ocrx_word' id='word_1_64' title='bbox 393 543 494 599; x_wconf 90' lang='lat' dir='ltr'>quid</span> <span class='ocrx_word' id='word_1_65' title='bbox 527 544 727 586; x_wconf 90' lang='lat' dir='ltr'>ultimum</span> <span class='ocrx_word' id='word_1_66' title='bbox 758 545 983 586; x_wconf 87' lang='lat' dir='ltr'>bonorum.</span> <span class='ocrx_word' id='word_1_67' title='bbox 1011 545 1142 600; x_wconf 90' lang='lat' dir='ltr'>quod,</span> <span class='ocrx_word' id='word_1_68' title='bbox 1171 546 1362 587; x_wconf 88' lang='lat' dir='ltr'>omnium</span> <span class='ocrx_word' id='word_1_69' title='bbox 1386 546 1668 603; x_wconf 86' lang='lat' dir='ltr'>philosopho·</span> 
     </span>
     <span class='ocr_line' id='line_1_9' title="bbox 229 600 1668 660; baseline 0.004 -20"><span class='ocrx_word' id='word_1_70' title='bbox 229 614 325 640; x_wconf 85' lang='lat' dir='ltr'>rum</span> <span class='ocrx_word' id='word_1_71' title='bbox 347 601 568 650; x_wconf 85' lang='lat' dir='ltr'>sententia,</span> <span class='ocrx_word' id='word_1_72' title='bbox 592 601 675 642; x_wconf 89' lang='lat' dir='ltr'>tale</span> <span class='ocrx_word' id='word_1_73' title='bbox 710 600 838 641; x_wconf 91' lang='lat' dir='ltr'>debet</span> <span class='ocrx_word' id='word_1_74' title='bbox 858 615 964 651; x_wconf 86' lang='lat' dir='ltr'>esse,</span> <span class='ocrx_word' id='word_1_75' title='bbox 988 610 1034 642; x_wconf 89' lang='lat' dir='ltr'>ut</span> <span class='ocrx_word' id='word_1_76' title='bbox 1058 602 1110 642; x_wconf 89' lang='lat' dir='ltr'>ad</span> <span class='ocrx_word' id='word_1_77' title='bbox 1146 601 1188 643; x_wconf 90' lang='lat' dir='ltr'>id</span> <span class='ocrx_word' id='word_1_78' title='bbox 1210 603 1354 645; x_wconf 88' lang='lat' dir='ltr'>omnia</span> <span class='ocrx_word' id='word_1_79' title='bbox 1375 603 1518 646; x_wconf 88' lang='lat' dir='ltr'>referri</span> <span class='ocrx_word' id='word_1_80' title='bbox 1539 618 1668 660; x_wconf 81' lang='lat' dir='ltr'>opor·</span> 
     </span>
     <span class='ocr_line' id='line_1_10' title="bbox 229 657 1669 717; baseline 0.004 -21"><span class='ocrx_word' id='word_1_81' title='bbox 229 663 342 696; x_wconf 89' lang='lat' dir='ltr'>teat:</span> <span class='ocrx_word' id='word_1_82' title='bbox 375 657 514 713; x_wconf 89' lang='lat' dir='ltr'>ipsum</span> <span class='ocrx_word' id='word_1_83' title='bbox 537 667 682 699; x_wconf 90' lang='lat' dir='ltr'>autem</span> <span class='ocrx_word' id='word_1_84' title='bbox 704 672 926 713; x_wconf 80' lang='lat' dir='ltr'><strong>nusquam.</strong></span> <span class='ocrx_word' id='word_1_85' title='bbox 950 658 1032 698; x_wconf 91' lang='lat' dir='ltr'>hoc</span> <span class='ocrx_word' id='word_1_86' title='bbox 1058 659 1267 714; x_wconf 83' lang='lat' dir='ltr'><strong>Epicurus</strong></span> <span class='ocrx_word' id='word_1_87' title='bbox 1288 659 1331 700; x_wconf 89' lang='lat' dir='ltr'>in</span> <span class='ocrx_word' id='word_1_88' title='bbox 1352 659 1568 716; x_wconf 88' lang='lat' dir='ltr'>voluptate</span> <span class='ocrx_word' id='word_1_89' title='bbox 1588 675 1669 717; x_wconf 85' lang='lat' dir='ltr'>po·</span> 
     </span>
     <span class='ocr_line' id='line_1_11' title="bbox 230 712 1666 772; baseline 0.003 -19"><span class='ocrx_word' id='word_1_90' title='bbox 230 712 320 754; x_wconf 89' lang='lat' dir='ltr'>nit:</span> <span class='ocrx_word' id='word_1_91' title='bbox 351 713 466 769; x_wconf 90' lang='lat' dir='ltr'>quod</span> <span class='ocrx_word' id='word_1_92' title='bbox 496 729 712 755; x_wconf 88' lang='lat' dir='ltr'>summum</span> <span class='ocrx_word' id='word_1_93' title='bbox 745 715 907 755; x_wconf 89' lang='lat' dir='ltr'>bonum</span> <span class='ocrx_word' id='word_1_94' title='bbox 929 729 1020 756; x_wconf 90' lang='lat' dir='ltr'>esse</span> <span class='ocrx_word' id='word_1_95' title='bbox 1040 715 1142 765; x_wconf 88' lang='lat' dir='ltr'>vult,</span> <span class='ocrx_word' id='word_1_96' title='bbox 1164 730 1467 772; x_wconf 88' lang='lat' dir='ltr'>summumque</span> <span class='ocrx_word' id='word_1_97' title='bbox 1488 716 1666 768; x_wconf 85' lang='lat' dir='ltr'>malum,</span> 
     </span>
    </p>

    <p class='ocr_par' dir='ltr' id='par_1_4' title="bbox 166 769 1667 826">
     <span class='ocr_line' id='line_1_12' title="bbox 166 769 1667 826; baseline 0.003 -16"><span class='ocrx_word' id='word_1_98' title='bbox 166 782 220 815; x_wconf 87' lang='lat'>30</span> <span class='ocrx_word' id='word_1_99' title='bbox 231 769 439 821; x_wconf 89' lang='lat' dir='ltr'>dolorem,</span> <span class='ocrx_word' id='word_1_100' title='bbox 467 770 596 826; x_wconf 87' lang='lat' dir='ltr'>idque</span> <span class='ocrx_word' id='word_1_101' title='bbox 623 771 806 812; x_wconf 81' lang='lat' dir='ltr'>instituit</span> <span class='ocrx_word' id='word_1_102' title='bbox 827 771 979 812; x_wconf 90' lang='lat' dir='ltr'>docere</span> <span class='ocrx_word' id='word_1_103' title='bbox 1008 772 1091 813; x_wconf 89' lang='lat' dir='ltr'>sic:</span> <span class='ocrx_word' id='word_1_104' title='bbox 1124 772 1263 814; x_wconf 85' lang='lat' dir='ltr'><strong>Omne</strong></span> <span class='ocrx_word' id='word_1_105' title='bbox 1282 772 1452 822; x_wconf 90' lang='lat' dir='ltr'>animal,</span> <span class='ocrx_word' id='word_1_106' title='bbox 1474 772 1667 815; x_wconf 86' lang='lat' dir='ltr'>simulat-</span> 
     </span>
    </p>

    <p class='ocr_par' dir='ltr' id='par_1_5' title="bbox 121 828 1668 2302">
     <span class='ocr_line' id='line_1_13' title="bbox 121 828 1664 885; baseline 0.008 -25"><span class='ocrx_word' id='word_1_107' title='bbox 121 839 153 871; x_wconf 72' lang='lat' dir='ltr'>p.</span> <span class='ocrx_word' id='word_1_108' title='bbox 168 838 314 882; x_wconf 51' lang='lat' dir='ltr'>saque</span> <span class='ocrx_word' id='word_1_109' title='bbox 335 836 482 868; x_wconf 91' lang='lat' dir='ltr'>natum</span> <span class='ocrx_word' id='word_1_110' title='bbox 504 828 571 877; x_wconf 88' lang='lat' dir='ltr'>sit,</span> <span class='ocrx_word' id='word_1_111' title='bbox 593 828 855 884; x_wconf 88' lang='lat' dir='ltr'>voluptatem</span> <span class='ocrx_word' id='word_1_112' title='bbox 878 837 1090 884; x_wconf 88' lang='lat' dir='ltr'>appetere,</span> <span class='ocrx_word' id='word_1_113' title='bbox 1109 842 1243 885; x_wconf 87' lang='lat' dir='ltr'>eaque</span> <span class='ocrx_word' id='word_1_114' title='bbox 1261 828 1464 885; x_wconf 81' lang='lat' dir='ltr'>gaudere,</span> <span class='ocrx_word' id='word_1_115' title='bbox 1480 839 1530 871; x_wconf 89' lang='lat' dir='ltr'>ut</span> <span class='ocrx_word' id='word_1_116' title='bbox 1547 844 1664 873; x_wconf 53' lang='lat' dir='ltr'>sume</span> 
     </span>
     <span class='ocr_line' id='line_1_14' title="bbox 190 883 1666 942; baseline 0.003 -17"><span class='ocrx_word' id='word_1_117' title='bbox 190 883 303 925; x_wconf 63' lang='grc' dir='ltr'>ει’1110</span> <span class='ocrx_word' id='word_1_118' title='bbox 324 883 465 933; x_wconf 70' lang='lat' dir='ltr'>bono,</span> <span class='ocrx_word' id='word_1_119' title='bbox 488 883 681 926; x_wconf 89' lang='lat' dir='ltr'>dolorem</span> <span class='ocrx_word' id='word_1_120' title='bbox 703 886 928 940; x_wconf 87' lang='lat' dir='ltr'>aspernari,</span> <span class='ocrx_word' id='word_1_121' title='bbox 954 895 999 927; x_wconf 84' lang='lat' dir='ltr'>ut</span> <span class='ocrx_word' id='word_1_122' title='bbox 1019 900 1236 928; x_wconf 87' lang='lat' dir='ltr'>summum</span> <span class='ocrx_word' id='word_1_123' title='bbox 1255 885 1430 936; x_wconf 87' lang='lat' dir='ltr'>malum,</span> <span class='ocrx_word' id='word_1_124' title='bbox 1453 895 1510 936; x_wconf 89' lang='lat' dir='ltr'>et,</span> <span class='ocrx_word' id='word_1_125' title='bbox 1533 890 1666 942; x_wconf 44' lang='lat' dir='ltr'>quan*</span> 
     </span>
     <span class='ocr_line' id='line_1_15' title="bbox 228 940 1668 1008; baseline 0.003 -28"><span class='ocrx_word' id='word_1_126' title='bbox 228 948 322 981; x_wconf 89' lang='lat' dir='ltr'>tum</span> <span class='ocrx_word' id='word_1_127' title='bbox 354 940 500 996; x_wconf 78' lang='lat' dir='ltr'>possit,</span> <span class='ocrx_word' id='word_1_128' title='bbox 530 956 557 981; x_wconf 86' lang='lat' dir='ltr'>a</span> <span class='ocrx_word' id='word_1_129' title='bbox 586 955 630 982; x_wconf 86' lang='lat' dir='ltr'>se</span> <span class='ocrx_word' id='word_1_130' title='bbox 661 942 888 997; x_wconf 77' lang='lat' dir='ltr'><strong>repellere:</strong></span> <span class='ocrx_word' id='word_1_131' title='bbox 921 942 1048 998; x_wconf 88' lang='lat' dir='ltr'>idque</span> <span class='ocrx_word' id='word_1_132' title='bbox 1077 942 1215 983; x_wconf 83' lang='lat' dir='ltr'>facere</span> <span class='ocrx_word' id='word_1_133' title='bbox 1244 942 1434 985; x_wconf 90' lang='lat' dir='ltr'>nondum</span> <span class='ocrx_word' id='word_1_134' title='bbox 1465 943 1668 1008; x_wconf 83' lang='lat' dir='ltr'>deprava·</span> 
     </span>
     <span class='ocr_line' id='line_1_16' title="bbox 228 997 1668 1057; baseline 0.003 -20"><span class='ocrx_word' id='word_1_135' title='bbox 228 1004 337 1046; x_wconf 90' lang='lat' dir='ltr'>tum,</span> <span class='ocrx_word' id='word_1_136' title='bbox 371 997 462 1052; x_wconf 86' lang='lat' dir='ltr'>ipsa</span> <span class='ocrx_word' id='word_1_137' title='bbox 491 1007 639 1038; x_wconf 87' lang='lat' dir='ltr'>natura</span> <span class='ocrx_word' id='word_1_138' title='bbox 667 998 910 1054; x_wconf 82' lang='lat' dir='ltr'>incorrupte</span> <span class='ocrx_word' id='word_1_139' title='bbox 936 1008 1063 1055; x_wconf 89' lang='lat' dir='ltr'>atque</span> <span class='ocrx_word' id='word_1_140' title='bbox 1085 999 1251 1055; x_wconf 84' lang='lat' dir='ltr'>integre</span> <span class='ocrx_word' id='word_1_141' title='bbox 1266 999 1502 1054; x_wconf 85' lang='lat' dir='ltr'>judicante.</span> <span class='ocrx_word' id='word_1_142' title='bbox 1523 1008 1668 1057; x_wconf 81' lang='lat' dir='ltr'>ltaque</span> 
     </span>
     <span class='ocr_line' id='line_1_17' title="bbox 227 1056 1666 1112; baseline 0.003 -18"><span class='ocrx_word' id='word_1_143' title='bbox 227 1062 355 1108; x_wconf 80' lang='lat' dir='ltr'>negat</span> <span class='ocrx_word' id='word_1_144' title='bbox 377 1068 484 1109; x_wconf 92' lang='lat' dir='ltr'>opus</span> <span class='ocrx_word' id='word_1_145' title='bbox 507 1069 598 1095; x_wconf 89' lang='lat' dir='ltr'>esse</span> <span class='ocrx_word' id='word_1_146' title='bbox 619 1064 658 1087; x_wconf 69' lang='grc'>44</span> <span class='ocrx_word' id='word_1_147' title='bbox 672 1056 848 1107; x_wconf 89' lang='lat' dir='ltr'>ratione,</span> <span class='ocrx_word' id='word_1_148' title='bbox 872 1070 1007 1112; x_wconf 91' lang='lat' dir='ltr'>neque</span> <span class='ocrx_word' id='word_1_149' title='bbox 1029 1056 1329 1112; x_wconf 86' lang='lat' dir='ltr'>disputatione,</span> <span class='ocrx_word' id='word_1_150' title='bbox 1348 1071 1476 1112; x_wconf 92' lang='lat' dir='ltr'>quam</span> <span class='ocrx_word' id='word_1_151' title='bbox 1498 1056 1555 1098; x_wconf 93' lang='lat' dir='ltr'>ob</span> <span class='ocrx_word' id='word_1_152' title='bbox 1577 1070 1666 1099; x_wconf 87' lang='lat' dir='ltr'>rem</span> 
     </span>
     <span class='ocr_line' id='line_1_18' title="bbox 227 1111 1667 1169; baseline 0.004 -20"><span class='ocrx_word' id='word_1_153' title='bbox 227 1111 420 1166; x_wconf 89' lang='lat' dir='ltr'>voluptas</span> <span class='ocrx_word' id='word_1_154' title='bbox 451 1111 698 1166; x_wconf 80' lang='lat' dir='ltr'>expetenda,</span> <span class='ocrx_word' id='word_1_155' title='bbox 732 1113 958 1167; x_wconf 85' lang='lat' dir='ltr'>fugiendus</span> <span class='ocrx_word' id='word_1_156' title='bbox 988 1113 1111 1154; x_wconf 91' lang='lat' dir='ltr'>dolor</span> <span class='ocrx_word' id='word_1_157' title='bbox 1141 1113 1208 1154; x_wconf 90' lang='lat' dir='ltr'>sit.</span> <span class='ocrx_word' id='word_1_158' title='bbox 1239 1113 1383 1155; x_wconf 89' lang='lat' dir='ltr'>sentiri</span> <span class='ocrx_word' id='word_1_159' title='bbox 1414 1113 1497 1155; x_wconf 90' lang='lat' dir='ltr'>hoc</span> <span class='ocrx_word' id='word_1_160' title='bbox 1528 1121 1667 1169; x_wconf 80' lang='lat' dir='ltr'>putat,</span> 
     </span>
     <span class='ocr_line' id='line_1_19' title="bbox 227 1166 1665 1226; baseline 0.003 -19"><span class='ocrx_word' id='word_1_161' title='bbox 227 1174 276 1207; x_wconf 89' lang='lat' dir='ltr'>ut</span> <span class='ocrx_word' id='word_1_162' title='bbox 300 1166 437 1208; x_wconf 86' lang='lat' dir='ltr'>calere</span> <span class='ocrx_word' id='word_1_163' title='bbox 468 1167 628 1222; x_wconf 87' lang='lat' dir='ltr'>ignem,</span> <span class='ocrx_word' id='word_1_164' title='bbox 659 1169 796 1209; x_wconf 88' lang='lat' dir='ltr'>nivem</span> <span class='ocrx_word' id='word_1_165' title='bbox 825 1184 916 1211; x_wconf 91' lang='lat' dir='ltr'>esse</span> <span class='ocrx_word' id='word_1_166' title='bbox 948 1170 1103 1220; x_wconf 88' lang='lat' dir='ltr'>albam,</span> <span class='ocrx_word' id='word_1_167' title='bbox 1125 1169 1250 1211; x_wconf 85' lang='lat' dir='ltr'>dulce</span> <span class='ocrx_word' id='word_1_168' title='bbox 1276 1169 1389 1211; x_wconf 86' lang='lat' dir='ltr'>mel:</span> <span class='ocrx_word' id='word_1_169' title='bbox 1422 1179 1461 1202; x_wconf 81' lang='lat'>4⁵</span> <span class='ocrx_word' id='word_1_170' title='bbox 1480 1184 1665 1226; x_wconf 89' lang='lat' dir='ltr'>quorum</span> 
     </span>
     <span class='ocr_line' id='line_1_20' title="bbox 225 1223 1666 1281; baseline 0.003 -18"><span class='ocrx_word' id='word_1_171' title='bbox 225 1223 331 1264; x_wconf 87' lang='lat' dir='ltr'>nihil</span> <span class='ocrx_word' id='word_1_172' title='bbox 370 1233 569 1280; x_wconf 85' lang='lat' dir='ltr'>oportere</span> <span class='ocrx_word' id='word_1_173' title='bbox 608 1225 825 1281; x_wconf 85' lang='lat' dir='ltr'>exquisitis</span> <span class='ocrx_word' id='word_1_174' title='bbox 866 1226 1099 1267; x_wconf 87' lang='lat' dir='ltr'>rationibus</span> <span class='ocrx_word' id='word_1_175' title='bbox 1140 1226 1379 1268; x_wconf 83' lang='lat' dir='ltr'>confirmari</span> <span class='ocrx_word' id='word_1_176' title='bbox 1397 1243 1406 1267; x_wconf 90' lang='lat'><strong>:</strong></span> <span class='ocrx_word' id='word_1_177' title='bbox 1442 1232 1483 1258; x_wconf 80' lang='grc'>46</span> <span class='ocrx_word' id='word_1_178' title='bbox 1498 1235 1666 1268; x_wconf 86' lang='grc'>1311111111</span> 
     </span>
     <span class='ocr_line' id='line_1_21' title="bbox 223 1280 1667 1337; baseline 0.003 -17"><span class='ocrx_word' id='word_1_179' title='bbox 223 1280 324 1321; x_wconf 87' lang='lat' dir='ltr'>satis</span> <span class='ocrx_word' id='word_1_180' title='bbox 352 1295 444 1321; x_wconf 87' lang='lat' dir='ltr'>esse</span> <span class='ocrx_word' id='word_1_181' title='bbox 473 1281 716 1322; x_wconf 88' lang='lat' dir='ltr'>admonere.</span> <span class='ocrx_word' id='word_1_182' title='bbox 747 1282 945 1323; x_wconf 86' lang='lat' dir='ltr'>interesse</span> <span class='ocrx_word' id='word_1_183' title='bbox 972 1283 1086 1323; x_wconf 90' lang='lat' dir='ltr'>enim</span> <span class='ocrx_word' id='word_1_184' title='bbox 1108 1282 1217 1323; x_wconf 89' lang='lat' dir='ltr'>inter</span> <span class='ocrx_word' id='word_1_185' title='bbox 1236 1293 1540 1337; x_wconf 85' lang='lat' dir='ltr'>argumentum</span> <span class='ocrx_word' id='word_1_186' title='bbox 1562 1297 1667 1325; x_wconf 88' lang='lat' dir='ltr'>con-</span> 
     </span>
     <span class='ocr_line' id='line_1_22' title="bbox 222 1336 1665 1393; baseline 0.003 -16"><span class='ocrx_word' id='word_1_187' title='bbox 222 1336 544 1393; x_wconf 88' lang='lat' dir='ltr'>clusionemque</span> <span class='ocrx_word' id='word_1_188' title='bbox 567 1338 741 1379; x_wconf 89' lang='lat' dir='ltr'>rationis</span> <span class='ocrx_word' id='word_1_189' title='bbox 758 1355 766 1379; x_wconf 89' lang='lat'>:</span> <span class='ocrx_word' id='word_1_190' title='bbox 790 1348 834 1380; x_wconf 91' lang='lat' dir='ltr'>et</span> <span class='ocrx_word' id='word_1_191' title='bbox 853 1339 961 1380; x_wconf 86' lang='lat' dir='ltr'>inter</span> <span class='ocrx_word' id='word_1_192' title='bbox 980 1339 1240 1380; x_wconf 87' lang='lat' dir='ltr'>mediocrem</span> <span class='ocrx_word' id='word_1_193' title='bbox 1258 1339 1665 1382; x_wconf 85' lang='lat' dir='ltr'>animadversionem</span> 
     </span>
     <span class='ocr_line' id='line_1_23' title="bbox 223 1393 1665 1453; baseline 0.003 -20"><span class='ocrx_word' id='word_1_194' title='bbox 223 1402 354 1448; x_wconf 91' lang='lat' dir='ltr'>atque</span> <span class='ocrx_word' id='word_1_195' title='bbox 383 1393 747 1436; x_wconf 84' lang='lat' dir='ltr'>admonitionem:</span> <span class='ocrx_word' id='word_1_196' title='bbox 779 1396 923 1445; x_wconf 88' lang='lat' dir='ltr'>altera,</span> <span class='ocrx_word' id='word_1_197' title='bbox 955 1396 1125 1437; x_wconf 91' lang='lat' dir='ltr'>occulta</span> <span class='ocrx_word' id='word_1_198' title='bbox 1154 1395 1350 1451; x_wconf 89' lang='lat' dir='ltr'>quaedam</span> <span class='ocrx_word' id='word_1_199' title='bbox 1381 1406 1426 1438; x_wconf 93' lang='lat' dir='ltr'>et</span> <span class='ocrx_word' id='word_1_200' title='bbox 1455 1396 1575 1453; x_wconf 88' lang='lat' dir='ltr'>quasi</span> <span class='ocrx_word' id='word_1_201' title='bbox 1601 1396 1665 1438; x_wconf 90' lang='lat' dir='ltr'>in·</span> 
     </span>
     <span class='ocr_line' id='line_1_24' title="bbox 222 1450 1665 1508; baseline 0.003 -19"><span class='ocrx_word' id='word_1_202' title='bbox 222 1450 369 1491; x_wconf 87' lang='lat' dir='ltr'>voluta</span> <span class='ocrx_word' id='word_1_203' title='bbox 406 1450 557 1506; x_wconf 90' lang='lat' dir='ltr'>aperiri</span> <span class='ocrx_word' id='word_1_204' title='bbox 576 1467 586 1490; x_wconf 86' lang='lat'>:</span> <span class='ocrx_word' id='word_1_205' title='bbox 625 1451 770 1503; x_wconf 90' lang='lat' dir='ltr'>altera,</span> <span class='ocrx_word' id='word_1_206' title='bbox 809 1461 977 1507; x_wconf 86' lang='lat' dir='ltr'>promta</span> <span class='ocrx_word' id='word_1_207' title='bbox 1016 1460 1057 1493; x_wconf 89' lang='lat' dir='ltr'>et</span> <span class='ocrx_word' id='word_1_208' title='bbox 1093 1462 1238 1508; x_wconf 87' lang='lat' dir='ltr'>aperta</span> <span class='ocrx_word' id='word_1_209' title='bbox 1266 1452 1466 1508; x_wconf 87' lang='lat' dir='ltr'>judicari.</span> <span class='ocrx_word' id='word_1_210' title='bbox 1505 1452 1665 1494; x_wconf 86' lang='lat' dir='ltr'>etenim</span> 
     </span>
     <span class='ocr_line' id='line_1_25' title="bbox 224 1507 1663 1565; baseline 0.003 -19"><span class='ocrx_word' id='word_1_211' title='bbox 224 1507 426 1562; x_wconf 90' lang='lat' dir='ltr'>quoniam</span> <span class='ocrx_word' id='word_1_212' title='bbox 452 1507 662 1548; x_wconf 81' lang='lat' dir='ltr'>‚detractis</span> <span class='ocrx_word' id='word_1_213' title='bbox 696 1508 748 1549; x_wconf 94' lang='lat' dir='ltr'>de</span> <span class='ocrx_word' id='word_1_214' title='bbox 785 1509 959 1550; x_wconf 89' lang='lat' dir='ltr'>homine</span> <span class='ocrx_word' id='word_1_215' title='bbox 993 1509 1198 1559; x_wconf 82' lang='lat' dir='ltr'>sensibus,</span> <span class='ocrx_word' id='word_1_216' title='bbox 1239 1509 1390 1565; x_wconf 88' lang='lat' dir='ltr'>reliqui</span> <span class='ocrx_word' id='word_1_217' title='bbox 1431 1509 1535 1550; x_wconf 90' lang='lat' dir='ltr'>nihil</span> <span class='ocrx_word' id='word_1_218' title='bbox 1570 1518 1663 1551; x_wconf 87' lang='lat' dir='ltr'>est:</span> 
     </span>
     <span class='ocr_line' id='line_1_26' title="bbox 223 1565 1662 1620; baseline 0.002 -16"><span class='ocrx_word' id='word_1_219' title='bbox 223 1571 261 1599; x_wconf 82' lang='lat'>47</span> <span class='ocrx_word' id='word_1_220' title='bbox 285 1577 457 1605; x_wconf 89' lang='lat' dir='ltr'>necesse</span> <span class='ocrx_word' id='word_1_221' title='bbox 483 1572 562 1614; x_wconf 82' lang='lat' dir='ltr'>est,</span> <span class='ocrx_word' id='word_1_222' title='bbox 585 1565 687 1620; x_wconf 91' lang='lat' dir='ltr'>quid</span> <span class='ocrx_word' id='word_1_223' title='bbox 715 1574 790 1607; x_wconf 89' lang='lat' dir='ltr'>aut</span> <span class='ocrx_word' id='word_1_224' title='bbox 809 1566 863 1606; x_wconf 93' lang='lat' dir='ltr'>ad</span> <span class='ocrx_word' id='word_1_225' title='bbox 884 1574 1091 1615; x_wconf 87' lang='lat' dir='ltr'>naturam,</span> <span class='ocrx_word' id='word_1_226' title='bbox 1114 1576 1188 1606; x_wconf 91' lang='lat' dir='ltr'>aut</span> <span class='ocrx_word' id='word_1_227' title='bbox 1209 1574 1357 1607; x_wconf 89' lang='lat' dir='ltr'>contra</span> <span class='ocrx_word' id='word_1_228' title='bbox 1377 1566 1444 1616; x_wconf 88' lang='lat' dir='ltr'>sit,</span> <span class='ocrx_word' id='word_1_229' title='bbox 1466 1581 1490 1607; x_wconf 86' lang='lat' dir='ltr'>a</span> <span class='ocrx_word' id='word_1_230' title='bbox 1512 1574 1662 1608; x_wconf 85' lang='lat' dir='ltr'>natura</span> 
     </span>
     <span class='ocr_line' id='line_1_27' title="bbox 221 1619 1662 1679; baseline 0.001 -17"><span class='ocrx_word' id='word_1_231' title='bbox 221 1619 313 1676; x_wconf 90' lang='lat' dir='ltr'>ipsa</span> <span class='ocrx_word' id='word_1_232' title='bbox 327 1619 525 1676; x_wconf 88' lang='lat' dir='ltr'>judicari.</span> <span class='ocrx_word' id='word_1_233' title='bbox 546 1635 596 1660; x_wconf 89' lang='lat' dir='ltr'>ea</span> <span class='ocrx_word' id='word_1_234' title='bbox 616 1621 715 1676; x_wconf 91' lang='lat' dir='ltr'>quid</span> <span class='ocrx_word' id='word_1_235' title='bbox 735 1622 928 1678; x_wconf 82' lang='lat' dir='ltr'>percipit,</span> <span class='ocrx_word' id='word_1_236' title='bbox 948 1630 989 1663; x_wconf 85' lang='lat' dir='ltr'>et</span> <span class='ocrx_word' id='word_1_237' title='bbox 1011 1622 1113 1678; x_wconf 87' lang='lat' dir='ltr'>quid</span> <span class='ocrx_word' id='word_1_238' title='bbox 1129 1622 1310 1678; x_wconf 90' lang='lat' dir='ltr'>judicat,</span> <span class='ocrx_word' id='word_1_239' title='bbox 1328 1638 1414 1678; x_wconf 92' lang='lat' dir='ltr'>quo</span> <span class='ocrx_word' id='word_1_240' title='bbox 1434 1634 1509 1665; x_wconf 90' lang='lat' dir='ltr'>aut</span> <span class='ocrx_word' id='word_1_241' title='bbox 1528 1630 1662 1679; x_wconf 87' lang='lat' dir='ltr'>petat,</span> 
     </span>
     <span class='ocr_line' id='line_1_28' title="bbox 156 1676 1662 1734; baseline 0.003 -17"><span class='ocrx_word' id='word_1_242' title='bbox 156 1681 296 1718; x_wconf 85' lang='lat' dir='ltr'>31aut</span> <span class='ocrx_word' id='word_1_243' title='bbox 331 1676 470 1732; x_wconf 82' lang='lat' dir='ltr'>fugiat</span> <span class='ocrx_word' id='word_1_244' title='bbox 504 1677 679 1734; x_wconf 89' lang='lat' dir='ltr'>aliquid,</span> <span class='ocrx_word' id='word_1_245' title='bbox 716 1688 869 1733; x_wconf 81' lang='lat' dir='ltr'>praeter</span> <span class='ocrx_word' id='word_1_246' title='bbox 902 1678 1179 1734; x_wconf 84' lang='lat' dir='ltr'>voluptatem,</span> <span class='ocrx_word' id='word_1_247' title='bbox 1213 1689 1257 1721; x_wconf 92' lang='lat' dir='ltr'>et</span> <span class='ocrx_word' id='word_1_248' title='bbox 1286 1679 1510 1721; x_wconf 90' lang='lat' dir='ltr'>dolorem?</span> <span class='ocrx_word' id='word_1_249' title='bbox 1552 1681 1662 1722; x_wconf 87' lang='lat' dir='ltr'>Sunt</span> 
     </span>
     <span class='ocr_line' id='line_1_29' title="bbox 221 1733 1664 1790; baseline 0.003 -16"><span class='ocrx_word' id='word_1_250' title='bbox 221 1741 365 1775; x_wconf 88' lang='lat' dir='ltr'>autem</span> <span class='ocrx_word' id='word_1_251' title='bbox 387 1733 561 1789; x_wconf 87' lang='lat' dir='ltr'>quidam</span> <span class='ocrx_word' id='word_1_252' title='bbox 583 1749 607 1774; x_wconf 89' lang='lat' dir='ltr'>e</span> <span class='ocrx_word' id='word_1_253' title='bbox 628 1735 796 1786; x_wconf 88' lang='lat' dir='ltr'>nostris,</span> <span class='ocrx_word' id='word_1_254' title='bbox 818 1735 890 1790; x_wconf 87' lang='lat' dir='ltr'>qui</span> <span class='ocrx_word' id='word_1_255' title='bbox 916 1735 1008 1777; x_wconf 90' lang='lat' dir='ltr'>haec</span> <span class='ocrx_word' id='word_1_256' title='bbox 1037 1736 1233 1777; x_wconf 86' lang='lat' dir='ltr'>subtilius</span> <span class='ocrx_word' id='word_1_257' title='bbox 1266 1736 1395 1777; x_wconf 87' lang='lat' dir='ltr'>velint</span> <span class='ocrx_word' id='word_1_258' title='bbox 1419 1737 1599 1787; x_wconf 87' lang='lat' dir='ltr'>tradere,</span> <span class='ocrx_word' id='word_1_259' title='bbox 1619 1746 1664 1779; x_wconf 91' lang='lat' dir='ltr'>et</span> 
     </span>
     <span class='ocr_line' id='line_1_30' title="bbox 221 1791 1662 1850; baseline 0.003 -20"><span class='ocrx_word' id='word_1_260' title='bbox 221 1798 380 1845; x_wconf 83' lang='lat' dir='ltr'>negent</span> <span class='ocrx_word' id='word_1_261' title='bbox 398 1791 497 1831; x_wconf 87' lang='lat' dir='ltr'>satis</span> <span class='ocrx_word' id='word_1_262' title='bbox 520 1805 624 1842; x_wconf 90' lang='lat' dir='ltr'>esse,</span> <span class='ocrx_word' id='word_1_263' title='bbox 645 1792 746 1847; x_wconf 89' lang='lat' dir='ltr'>quid</span> <span class='ocrx_word' id='word_1_264' title='bbox 767 1793 926 1833; x_wconf 89' lang='lat' dir='ltr'>bonum</span> <span class='ocrx_word' id='word_1_265' title='bbox 950 1793 1018 1843; x_wconf 81' lang='lat' dir='ltr'>sit,</span> <span class='ocrx_word' id='word_1_266' title='bbox 1037 1802 1110 1833; x_wconf 94' lang='lat' dir='ltr'>aut</span> <span class='ocrx_word' id='word_1_267' title='bbox 1130 1792 1233 1848; x_wconf 89' lang='lat' dir='ltr'>quid</span> <span class='ocrx_word' id='word_1_268' title='bbox 1253 1792 1431 1844; x_wconf 89' lang='lat' dir='ltr'>malum,</span> <span class='ocrx_word' id='word_1_269' title='bbox 1448 1807 1571 1835; x_wconf 92' lang='lat' dir='ltr'>sensu</span> <span class='ocrx_word' id='word_1_270' title='bbox 1586 1794 1662 1850; x_wconf 89' lang='lat' dir='ltr'>ju-</span> 
     </span>
     <span class='ocr_line' id='line_1_31' title="bbox 221 1846 1661 1905; baseline 0.004 -18"><span class='ocrx_word' id='word_1_271' title='bbox 221 1846 381 1888; x_wconf 85' lang='lat' dir='ltr'>dicari:</span> <span class='ocrx_word' id='word_1_272' title='bbox 411 1846 484 1887; x_wconf 88' lang='lat' dir='ltr'>sed</span> <span class='ocrx_word' id='word_1_273' title='bbox 511 1848 652 1889; x_wconf 91' lang='lat' dir='ltr'>animo</span> <span class='ocrx_word' id='word_1_274' title='bbox 684 1849 812 1890; x_wconf 85' lang='lat' dir='ltr'>etiam</span> <span class='ocrx_word' id='word_1_275' title='bbox 845 1863 894 1889; x_wconf 90' lang='lat' dir='ltr'>ac</span> <span class='ocrx_word' id='word_1_276' title='bbox 921 1849 1084 1891; x_wconf 83' lang='lat' dir='ltr'>ratione</span> <span class='ocrx_word' id='word_1_277' title='bbox 1112 1849 1294 1905; x_wconf 86' lang='lat' dir='ltr'>intelligi</span> <span class='ocrx_word' id='word_1_278' title='bbox 1314 1864 1453 1905; x_wconf 89' lang='lat' dir='ltr'>posse,</span> <span class='ocrx_word' id='word_1_279' title='bbox 1476 1860 1520 1892; x_wconf 94' lang='lat' dir='ltr'>et</span> <span class='ocrx_word' id='word_1_280' title='bbox 1540 1851 1661 1893; x_wconf 92' lang='lat' dir='ltr'>volu-</span> 
     </span>
     <span class='ocr_line' id='line_1_32' title="bbox 220 1903 1663 1964; baseline 0.003 -20"><span class='ocrx_word' id='word_1_281' title='bbox 220 1911 384 1959; x_wconf 87' lang='lat' dir='ltr'>ptatem</span> <span class='ocrx_word' id='word_1_282' title='bbox 405 1903 540 1958; x_wconf 86' lang='lat' dir='ltr'>ipsam</span> <span class='ocrx_word' id='word_1_283' title='bbox 563 1919 638 1960; x_wconf 92' lang='lat' dir='ltr'>per</span> <span class='ocrx_word' id='word_1_284' title='bbox 658 1919 700 1945; x_wconf 90' lang='lat' dir='ltr'>se</span> <span class='ocrx_word' id='word_1_285' title='bbox 717 1920 809 1946; x_wconf 88' lang='lat' dir='ltr'>esse</span> <span class='ocrx_word' id='word_1_286' title='bbox 831 1905 1125 1961; x_wconf 78' lang='lat' dir='ltr'>expetendam,</span> <span class='ocrx_word' id='word_1_287' title='bbox 1148 1914 1191 1947; x_wconf 88' lang='lat' dir='ltr'>et</span> <span class='ocrx_word' id='word_1_288' title='bbox 1211 1906 1402 1947; x_wconf 89' lang='lat' dir='ltr'>dolorem</span> <span class='ocrx_word' id='word_1_289' title='bbox 1423 1907 1564 1962; x_wconf 88' lang='lat' dir='ltr'>ipsum</span> <span class='ocrx_word' id='word_1_290' title='bbox 1585 1921 1663 1964; x_wconf 86' lang='lat' dir='ltr'>per</span> 
     </span>
     <span class='ocr_line' id='line_1_33' title="bbox 222 1961 1661 2020; baseline 0.003 -19"><span class='ocrx_word' id='word_1_291' title='bbox 222 1975 266 2001; x_wconf 90' lang='lat' dir='ltr'>se</span> <span class='ocrx_word' id='word_1_292' title='bbox 288 1975 380 2002; x_wconf 84' lang='lat' dir='ltr'>esse</span> <span class='ocrx_word' id='word_1_293' title='bbox 398 1961 665 2016; x_wconf 83' lang='lat' dir='ltr'>fugiendum.</span> <span class='ocrx_word' id='word_1_294' title='bbox 688 1962 830 2018; x_wconf 90' lang='lat' dir='ltr'>itaque</span> <span class='ocrx_word' id='word_1_295' title='bbox 850 1964 969 2003; x_wconf 87' lang='lat' dir='ltr'>aiunt</span> <span class='ocrx_word' id='word_1_296' title='bbox 989 1963 1097 2004; x_wconf 88' lang='lat' dir='ltr'>hanc</span> <span class='ocrx_word' id='word_1_297' title='bbox 1119 1963 1239 2018; x_wconf 88' lang='lat' dir='ltr'>quasi</span> <span class='ocrx_word' id='word_1_298' title='bbox 1259 1963 1509 2014; x_wconf 84' lang='lat' dir='ltr'>naturalem,</span> <span class='ocrx_word' id='word_1_299' title='bbox 1530 1974 1661 2020; x_wconf 87' lang='lat' dir='ltr'>atque</span> 
     </span>
     <span class='ocr_line' id='line_1_34' title="bbox 218 2017 1661 2070; baseline 0.002 -11"><span class='ocrx_word' id='word_1_300' title='bbox 218 2017 390 2059; x_wconf 80' lang='lat' dir='ltr'>insitam</span> <span class='ocrx_word' id='word_1_301' title='bbox 419 2018 462 2060; x_wconf 90' lang='lat' dir='ltr'>in</span> <span class='ocrx_word' id='word_1_302' title='bbox 492 2018 642 2060; x_wconf 90' lang='lat' dir='ltr'>animis</span> <span class='ocrx_word' id='word_1_303' title='bbox 673 2019 826 2060; x_wconf 87' lang='lat' dir='ltr'>nostris</span> <span class='ocrx_word' id='word_1_304' title='bbox 856 2019 993 2060; x_wconf 85' lang='lat' dir='ltr'>inesse</span> <span class='ocrx_word' id='word_1_305' title='bbox 1023 2020 1256 2070; x_wconf 89' lang='lat' dir='ltr'>notionem,</span> <span class='ocrx_word' id='word_1_306' title='bbox 1287 2028 1336 2061; x_wconf 89' lang='lat' dir='ltr'>ut</span> <span class='ocrx_word' id='word_1_307' title='bbox 1364 2019 1546 2062; x_wconf 89' lang='lat' dir='ltr'>alterum</span> <span class='ocrx_word' id='word_1_308' title='bbox 1566 2035 1661 2062; x_wconf 86' lang='lat' dir='ltr'>esse</span> 
     </span>
     <span class='ocr_line' id='line_1_35' title="bbox 217 2074 1658 2131; baseline 0.003 -16"><span class='ocrx_word' id='word_1_309' title='bbox 217 2074 521 2130; x_wconf 82' lang='lat' dir='ltr'>appetendum,</span> <span class='ocrx_word' id='word_1_310' title='bbox 551 2075 733 2116; x_wconf 88' lang='lat' dir='ltr'>alterum</span> <span class='ocrx_word' id='word_1_311' title='bbox 758 2076 1069 2131; x_wconf 86' lang='lat' dir='ltr'>aspernandum</span> <span class='ocrx_word' id='word_1_312' title='bbox 1095 2076 1339 2117; x_wconf 87' lang='lat' dir='ltr'>sentiamus.</span> <span class='ocrx_word' id='word_1_313' title='bbox 1397 2076 1486 2117; x_wconf 91' lang='lat' dir='ltr'>Alii</span> <span class='ocrx_word' id='word_1_314' title='bbox 1513 2085 1658 2121; x_wconf 86' lang='lat' dir='ltr'>autem</span> 
     </span>
     <span class='ocr_line' id='line_1_36' title="bbox 223 2131 1658 2189; baseline 0.003 -18"><span class='ocrx_word' id='word_1_315' title='bbox 223 2131 395 2189; x_wconf 90' lang='lat' dir='ltr'>(quibus</span> <span class='ocrx_word' id='word_1_316' title='bbox 421 2146 505 2187; x_wconf 83' lang='lat' dir='ltr'>ego</span> <span class='ocrx_word' id='word_1_317' title='bbox 535 2132 756 2185; x_wconf 89' lang='lat' dir='ltr'>assentior)</span> <span class='ocrx_word' id='word_1_318' title='bbox 791 2147 889 2173; x_wconf 89' lang='lat' dir='ltr'>cum</span> <span class='ocrx_word' id='word_1_319' title='bbox 922 2148 946 2173; x_wconf 88' lang='lat' dir='ltr'>a</span> <span class='ocrx_word' id='word_1_320' title='bbox 962 2133 1228 2188; x_wconf 88' lang='lat' dir='ltr'>philosophis</span> <span class='ocrx_word' id='word_1_321' title='bbox 1248 2132 1540 2188; x_wconf 89' lang='lat' dir='ltr'>compluribus</span> <span class='ocrx_word' id='word_1_322' title='bbox 1560 2148 1658 2189; x_wconf 88' lang='lat' dir='ltr'>per-</span> 
     </span>
     <span class='ocr_line' id='line_1_37' title="bbox 217 2187 1658 2244; baseline 0.003 -16"><span class='ocrx_word' id='word_1_323' title='bbox 217 2187 353 2229; x_wconf 82' lang='lat' dir='ltr'>multa</span> <span class='ocrx_word' id='word_1_324' title='bbox 375 2188 584 2239; x_wconf 88' lang='lat' dir='ltr'>dicantur,</span> <span class='ocrx_word' id='word_1_325' title='bbox 601 2203 676 2230; x_wconf 86' lang='lat' dir='ltr'>cur</span> <span class='ocrx_word' id='word_1_326' title='bbox 696 2203 773 2230; x_wconf 88' lang='lat' dir='ltr'>nec</span> <span class='ocrx_word' id='word_1_327' title='bbox 793 2190 984 2244; x_wconf 90' lang='lat' dir='ltr'>voluptas</span> <span class='ocrx_word' id='word_1_328' title='bbox 1006 2190 1048 2230; x_wconf 89' lang='lat' dir='ltr'>in</span> <span class='ocrx_word' id='word_1_329' title='bbox 1070 2189 1192 2230; x_wconf 90' lang='lat' dir='ltr'>bonis</span> <span class='ocrx_word' id='word_1_330' title='bbox 1209 2189 1262 2229; x_wconf 88' lang='lat' dir='ltr'>sit</span> <span class='ocrx_word' id='word_1_331' title='bbox 1283 2189 1557 2240; x_wconf 88' lang='lat' dir='ltr'>numeranda,</span> <span class='ocrx_word' id='word_1_332' title='bbox 1578 2205 1658 2233; x_wconf 86' lang='lat' dir='ltr'>nec</span> 
     </span>
     <span class='ocr_line' id='line_1_38' title="bbox 219 2244 1656 2302; baseline 0.003 -17"><span class='ocrx_word' id='word_1_333' title='bbox 219 2244 262 2285; x_wconf 91' lang='lat' dir='ltr'>in</span> <span class='ocrx_word' id='word_1_334' title='bbox 291 2244 414 2287; x_wconf 88' lang='lat' dir='ltr'>malis</span> <span class='ocrx_word' id='word_1_335' title='bbox 444 2244 582 2296; x_wconf 93' lang='lat' dir='ltr'>dolor,</span> <span class='ocrx_word' id='word_1_336' title='bbox 615 2260 699 2287; x_wconf 92' lang='lat' dir='ltr'>non</span> <span class='ocrx_word' id='word_1_337' title='bbox 730 2246 973 2288; x_wconf 78' lang='lat' dir='ltr'>existimant</span> <span class='ocrx_word' id='word_1_338' title='bbox 992 2254 1188 2302; x_wconf 90' lang='lat' dir='ltr'>oportere</span> <span class='ocrx_word' id='word_1_339' title='bbox 1215 2246 1393 2287; x_wconf 89' lang='lat' dir='ltr'>nimium</span> <span class='ocrx_word' id='word_1_340' title='bbox 1417 2261 1493 2288; x_wconf 91' lang='lat' dir='ltr'>nos</span> <span class='ocrx_word' id='word_1_341' title='bbox 1515 2261 1656 2289; x_wconf 85' lang='lat' dir='ltr'>causae</span> 
     </span>
    </p>

    <p class='ocr_par' dir='ltr' id='par_1_6' title="bbox 175 2301 1656 2358">
     <span class='ocr_line' id='line_1_39' title="bbox 175 2301 1656 2358; baseline 0.003 -16"><span class='ocrx_word' id='word_1_342' title='bbox 175 2318 208 2349; x_wconf 81' lang='lat' dir='ltr'>b.</span> <span class='ocrx_word' id='word_1_343' title='bbox 219 2301 447 2353; x_wconf 87' lang='lat' dir='ltr'>confidere,</span> <span class='ocrx_word' id='word_1_344' title='bbox 477 2302 551 2344; x_wconf 87' lang='lat' dir='ltr'>sed</span> <span class='ocrx_word' id='word_1_345' title='bbox 582 2311 624 2343; x_wconf 88' lang='lat' dir='ltr'>et</span> <span class='ocrx_word' id='word_1_346' title='bbox 645 2303 1046 2358; x_wconf 86' lang='lat' dir='ltr'>argumentandum,</span> <span class='ocrx_word' id='word_1_347' title='bbox 1068 2310 1112 2343; x_wconf 91' lang='lat' dir='ltr'>et</span> <span class='ocrx_word' id='word_1_348' title='bbox 1130 2312 1326 2344; x_wconf 90' lang='lat' dir='ltr'>accurate</span> <span class='ocrx_word' id='word_1_349' title='bbox 1346 2303 1656 2356; x_wconf 85' lang='lat' dir='ltr'>disserendum,</span> 
     </span>
    </p>

    <p class='ocr_par' dir='ltr' id='par_1_7' title="bbox 140 2359 1655 2416">
     <span class='ocr_line' id='line_1_40' title="bbox 140 2359 1655 2416; baseline 0.001 -16"><span class='ocrx_word' id='word_1_350' title='bbox 140 2367 206 2415; x_wconf 68' lang='lat'>10</span> <span class='ocrx_word' id='word_1_351' title='bbox 219 2367 262 2400; x_wconf 90' lang='lat' dir='ltr'>et</span> <span class='ocrx_word' id='word_1_352' title='bbox 290 2359 525 2400; x_wconf 90' lang='lat' dir='ltr'>rationibus</span> <span class='ocrx_word' id='word_1_353' title='bbox 554 2359 819 2414; x_wconf 87' lang='lat' dir='ltr'>conquisitis,</span> <span class='ocrx_word' id='word_1_354' title='bbox 851 2360 903 2400; x_wconf 91' lang='lat' dir='ltr'>de</span> <span class='ocrx_word' id='word_1_355' title='bbox 932 2359 1162 2414; x_wconf 87' lang='lat' dir='ltr'>voluptate,</span> <span class='ocrx_word' id='word_1_356' title='bbox 1192 2367 1236 2400; x_wconf 91' lang='lat' dir='ltr'>et</span> <span class='ocrx_word' id='word_1_357' title='bbox 1265 2359 1414 2401; x_wconf 89' lang='lat' dir='ltr'>dolore</span> <span class='ocrx_word' id='word_1_358' title='bbox 1434 2360 1655 2416; x_wconf 84' lang='lat' dir='ltr'>disputan-</span> 
     </span>
    </p>

    <p class='ocr_par' dir='ltr' id='par_1_8' title="bbox 153 2415 1656 2474">
     <span class='ocr_line' id='line_1_41' title="bbox 153 2415 1656 2474; baseline 0.003 -18"><span class='ocrx_word' id='word_1_359' title='bbox 153 2441 206 2474; x_wconf 86' lang='lat'>32</span> <span class='ocrx_word' id='word_1_360' title='bbox 219 2415 322 2456; x_wconf 89' lang='lat' dir='ltr'>dum</span> <span class='ocrx_word' id='word_1_361' title='bbox 351 2425 517 2471; x_wconf 88' lang='lat' dir='ltr'>putant.</span> <span class='ocrx_word' id='word_1_362' title='bbox 575 2417 662 2458; x_wconf 86' lang='lat' dir='ltr'>Sed</span> <span class='ocrx_word' id='word_1_363' title='bbox 689 2424 737 2457; x_wconf 90' lang='lat' dir='ltr'>ut</span> <span class='ocrx_word' id='word_1_364' title='bbox 767 2416 1042 2471; x_wconf 82' lang='lat' dir='ltr'>perspiciatiS‚</span> <span class='ocrx_word' id='word_1_365' title='bbox 1062 2415 1176 2457; x_wconf 91' lang='lat' dir='ltr'>unde</span> <span class='ocrx_word' id='word_1_366' title='bbox 1197 2417 1335 2457; x_wconf 92' lang='lat' dir='ltr'>omnis</span> <span class='ocrx_word' id='word_1_367' title='bbox 1356 2417 1435 2459; x_wconf 89' lang='lat' dir='ltr'>iste</span> <span class='ocrx_word' id='word_1_368' title='bbox 1456 2424 1580 2459; x_wconf 88' lang='lat' dir='ltr'>natus</span> <span class='ocrx_word' id='word_1_369' title='bbox 1601 2417 1656 2460; x_wconf 90' lang='lat' dir='ltr'>sit</span> 
     </span>
    </p>

    <p class='ocr_par' dir='ltr' id='par_1_9' title="bbox 216 2472 1652 2530">
     <span class='ocr_line' id='line_1_42' title="bbox 216 2472 1652 2530; baseline 0.003 -17"><span class='ocrx_word' id='word_1_370' title='bbox 216 2486 348 2522; x_wconf 89' lang='lat' dir='ltr'>error,</span> <span class='ocrx_word' id='word_1_371' title='bbox 369 2472 630 2528; x_wconf 89' lang='lat' dir='ltr'>voluptatem</span> <span class='ocrx_word' id='word_1_372' title='bbox 653 2473 959 2524; x_wconf 85' lang='lat' dir='ltr'>accusantium,</span> <span class='ocrx_word' id='word_1_373' title='bbox 980 2472 1261 2530; x_wconf 89' lang='lat' dir='ltr'>doloremque</span> <span class='ocrx_word' id='word_1_374' title='bbox 1281 2473 1561 2526; x_wconf 87' lang='lat' dir='ltr'>laudantium,</span> <span class='ocrx_word' id='word_1_375' title='bbox 1582 2483 1652 2516; x_wconf 87' lang='lat' dir='ltr'>to·</span> 
     </span>
    </p>
   </div>
   <div class='ocr_carea' id='block_1_3' title="bbox 254 2586 1087 2628">
    <p class='ocr_par' dir='ltr' id='par_1_10' title="bbox 254 2586 1087 2628">
     <span class='ocr_line' id='line_1_43' title="bbox 254 2586 1087 2628; baseline -0.002 -10"><span class='ocrx_word' id='word_1_376' title='bbox 254 2594 295 2618; x_wconf 78' lang='grc'>44</span> <span class='ocrx_word' id='word_1_377' title='bbox 320 2587 429 2616; x_wconf 71' lang='lat' dir='ltr'>ratione</span> <span class='ocrx_word' id='word_1_378' title='bbox 451 2598 540 2628; x_wconf 83' lang='lat' dir='ltr'>neque</span> <span class='ocrx_word' id='word_1_379' title='bbox 561 2586 770 2626; x_wconf 80' lang='lat' dir='ltr'>disputatione]</span> <span class='ocrx_word' id='word_1_380' title='bbox 796 2587 911 2618; x_wconf 80' lang='lat' dir='ltr'>Malim</span> <span class='ocrx_word' id='word_1_381' title='bbox 945 2586 1087 2627; x_wconf 76' lang='lat' dir='ltr'>firmare.</span> 
     </span>
    </p>
   </div>
   <div class='ocr_carea' id='block_1_4' title="bbox 211 2629 1653 2799">
    <p class='ocr_par' dir='ltr' id='par_1_11' title="bbox 213 2629 1653 2672">
     <span class='ocr_line' id='line_1_44' title="bbox 213 2629 1653 2672; baseline -0.002 -12"><span class='ocrx_word' id='word_1_382' title='bbox 213 2637 313 2672; x_wconf 75' lang='lat' dir='ltr'>atque.</span> <span class='ocrx_word' id='word_1_383' title='bbox 359 2631 420 2660; x_wconf 84' lang='lat' dir='ltr'>Sed</span> <span class='ocrx_word' id='word_1_384' title='bbox 443 2637 551 2660; x_wconf 83' lang='lat' dir='ltr'>tamen</span> <span class='ocrx_word' id='word_1_385' title='bbox 574 2630 711 2660; x_wconf 83' lang='lat' dir='ltr'>alterum</span> <span class='ocrx_word' id='word_1_386' title='bbox 736 2641 824 2671; x_wconf 84' lang='lat' dir='ltr'>neque</span> <span class='ocrx_word' id='word_1_387' title='bbox 840 2637 913 2661; x_wconf 86' lang='lat' dir='ltr'>ante</span> <span class='ocrx_word' id='word_1_388' title='bbox 1000 2634 1040 2660; x_wconf 84' lang='lat'>46</span> <span class='ocrx_word' id='word_1_389' title='bbox 1064 2635 1179 2658; x_wconf 81' lang='lat' dir='ltr'>tantum</span> <span class='ocrx_word' id='word_1_390' title='bbox 1197 2629 1268 2658; x_wconf 80' lang='lat' dir='ltr'>satis</span> <span class='ocrx_word' id='word_1_391' title='bbox 1282 2641 1339 2658; x_wconf 76' lang='lat' dir='ltr'>esse</span> <span class='ocrx_word' id='word_1_392' title='bbox 1353 2630 1515 2670; x_wconf 79' lang='lat' dir='ltr'>admonere]</span> <span class='ocrx_word' id='word_1_393' title='bbox 1534 2631 1653 2663; x_wconf 79' lang='lat' dir='ltr'>Delen-</span> 
     </span>
    </p>

    <p class='ocr_par' dir='ltr' id='par_1_12' title="bbox 214 2672 1651 2758">
     <span class='ocr_line' id='line_1_45' title="bbox 214 2672 1651 2715; baseline 0.002 -12"><span class='ocrx_word' id='word_1_394' title='bbox 214 2673 324 2703; x_wconf 72' lang='lat' dir='ltr'>ratione</span> <span class='ocrx_word' id='word_1_395' title='bbox 339 2680 408 2713; x_wconf 81' lang='lat' dir='ltr'>post</span> <span class='ocrx_word' id='word_1_396' title='bbox 423 2680 511 2712; x_wconf 75' lang='lat' dir='ltr'>negat</span> <span class='ocrx_word' id='word_1_397' title='bbox 526 2673 657 2712; x_wconf 83' lang='lat' dir='ltr'>intelligi</span> <span class='ocrx_word' id='word_1_398' title='bbox 674 2679 784 2712; x_wconf 87' lang='lat' dir='ltr'>potest.</span> <span class='ocrx_word' id='word_1_399' title='bbox 955 2673 1033 2702; x_wconf 87' lang='lat' dir='ltr'>dum</span> <span class='ocrx_word' id='word_1_400' title='bbox 1047 2672 1115 2703; x_wconf 88' lang='lat' dir='ltr'>sine</span> <span class='ocrx_word' id='word_1_401' title='bbox 1130 2672 1227 2702; x_wconf 82' lang='lat' dir='ltr'>dubio</span> <span class='ocrx_word' id='word_1_402' title='bbox 1244 2679 1370 2710; x_wconf 78' lang='lat' dir='ltr'>tanturn,</span> <span class='ocrx_word' id='word_1_403' title='bbox 1383 2675 1468 2712; x_wconf 91' lang='lat' dir='ltr'>quod</span> <span class='ocrx_word' id='word_1_404' title='bbox 1481 2684 1651 2715; x_wconf 85' lang='lat' dir='ltr'>nunquam</span> 
     </span>
     <span class='ocr_line' id='line_1_46' title="bbox 256 2715 1368 2758; baseline -0.002 -11"><span class='ocrx_word' id='word_1_405' title='bbox 256 2723 296 2747; x_wconf 79' lang='lat'>45</span> <span class='ocrx_word' id='word_1_406' title='bbox 321 2727 440 2758; x_wconf 84' lang='lat' dir='ltr'>quorum</span> <span class='ocrx_word' id='word_1_407' title='bbox 456 2715 533 2745; x_wconf 76' lang='lat' dir='ltr'>nihil</span> <span class='ocrx_word' id='word_1_408' title='bbox 545 2715 682 2754; x_wconf 61' lang='lat' dir='ltr'>oporterp]</span> <span class='ocrx_word' id='word_1_409' title='bbox 703 2716 754 2745; x_wconf 87' lang='lat' dir='ltr'>Sic</span> <span class='ocrx_word' id='word_1_410' title='bbox 771 2725 827 2755; x_wconf 87' lang='lat' dir='ltr'>pro</span> <span class='ocrx_word' id='word_1_411' title='bbox 841 2715 913 2745; x_wconf 88' lang='lat' dir='ltr'>vul-</span> <span class='ocrx_word' id='word_1_412' title='bbox 955 2716 987 2745; x_wconf 91' lang='lat' dir='ltr'>in</span> <span class='ocrx_word' id='word_1_413' title='bbox 1004 2716 1064 2746; x_wconf 87' lang='lat' dir='ltr'>hac</span> <span class='ocrx_word' id='word_1_414' title='bbox 1080 2715 1219 2745; x_wconf 83' lang='lat' dir='ltr'>formula</span> <span class='ocrx_word' id='word_1_415' title='bbox 1235 2716 1368 2746; x_wconf 83' lang='lat' dir='ltr'>additur.</span> 
     </span>
    </p>

    <p class='ocr_par' dir='ltr' id='par_1_13' title="bbox 211 2755 1651 2799">
     <span class='ocr_line' id='line_1_47' title="bbox 211 2755 1651 2799; baseline 0.001 -10"><span class='ocrx_word' id='word_1_416' title='bbox 211 2765 285 2798; x_wconf 81' lang='lat' dir='ltr'>gato</span> <span class='ocrx_word' id='word_1_417' title='bbox 315 2765 466 2799; x_wconf 78' lang='lat' dir='ltr'>oporteret,</span> <span class='ocrx_word' id='word_1_418' title='bbox 496 2759 580 2795; x_wconf 89' lang='lat' dir='ltr'>dedi,</span> <span class='ocrx_word' id='word_1_419' title='bbox 611 2759 765 2789; x_wconf 83' lang='lat' dir='ltr'>latinitate</span> <span class='ocrx_word' id='word_1_420' title='bbox 803 2765 912 2798; x_wconf 87' lang='lat' dir='ltr'>postu·</span> <span class='ocrx_word' id='word_1_421' title='bbox 998 2765 1037 2793; x_wconf 74' lang='lat'>47</span> <span class='ocrx_word' id='word_1_422' title='bbox 1062 2768 1168 2787; x_wconf 81' lang='lat' dir='ltr'>necesse</span> <span class='ocrx_word' id='word_1_423' title='bbox 1193 2755 1249 2797; x_wconf 84' lang='lat' dir='ltr'>est]</span> <span class='ocrx_word' id='word_1_424' title='bbox 1277 2758 1359 2797; x_wconf 85' lang='lat' dir='ltr'>Lege</span> <span class='ocrx_word' id='word_1_425' title='bbox 1386 2770 1492 2789; x_wconf 81' lang='lat' dir='ltr'>necesse</span> <span class='ocrx_word' id='word_1_426' title='bbox 1519 2771 1588 2798; x_wconf 87' lang='lat' dir='ltr'>esse,</span> <span class='ocrx_word' id='word_1_427' title='bbox 1614 2767 1651 2793; x_wconf 82' lang='lat' dir='ltr'>ut</span> 
     </span>
    </p>
   </div>
   <div class='ocr_carea' id='block_1_5' title="bbox 212 2801 1374 2843">
    <p class='ocr_par' dir='ltr' id='par_1_14' title="bbox 212 2801 1374 2843">
     <span class='ocr_line' id='line_1_48' title="bbox 212 2801 1374 2843; baseline -0.001 -11"><span class='ocrx_word' id='word_1_428' title='bbox 212 2802 308 2833; x_wconf 85' lang='lat' dir='ltr'>lante.</span> <span class='ocrx_word' id='word_1_429' title='bbox 330 2808 402 2833; x_wconf 81' lang='lat' dir='ltr'>tum</span> <span class='ocrx_word' id='word_1_430' title='bbox 419 2811 497 2833; x_wconf 78' lang='lat' dir='ltr'>mox</span> <span class='ocrx_word' id='word_1_431' title='bbox 511 2803 581 2833; x_wconf 88' lang='lat' dir='ltr'>dedi</span> <span class='ocrx_word' id='word_1_432' title='bbox 597 2801 762 2843; x_wconf 75' lang='lat' dir='ltr'>corfirmari</span> <span class='ocrx_word' id='word_1_433' title='bbox 776 2812 832 2841; x_wconf 89' lang='lat' dir='ltr'>pro</span> <span class='ocrx_word' id='word_1_434' title='bbox 848 2812 911 2830; x_wconf 83' lang='lat' dir='ltr'>con·</span> <span class='ocrx_word' id='word_1_435' title='bbox 953 2801 1102 2832; x_wconf 78' lang='lat' dir='ltr'>orationis</span> <span class='ocrx_word' id='word_1_436' title='bbox 1117 2801 1210 2833; x_wconf 83' lang='lat' dir='ltr'>series</span> <span class='ocrx_word' id='word_1_437' title='bbox 1226 2801 1374 2841; x_wconf 54' lang='lat' dir='ltr'>postulat.</span> 
     </span>
    </p>
   </div>
  </div>
 </body>
</html>
