1768 3095
546 92 726 130 LIBER
756 90 1065 129 QUARTUS.
1467 96 1516 128 33

81 217 151 245 rus
190 211 268 255 est,
307 208 474 243 necesse
511 208 575 241 est
611 200 654 241 id
693 200 731 241 ei
767 213 928 249 verum,
973 197 1088 254 quod
1117 197 1334 247 occurrit,
1373 197 1515 238 videri.

82 268 120 293 ⁵⁵
138 259 253 317 Quid
289 258 416 315 quod,
446 257 479 297 si
508 258 588 298 ista
620 272 715 298 vera
746 265 857 307 sunt,
887 256 995 296 ratio
1025 255 1162 296 omnis
1191 253 1370 303 tollitur,
1397 255 1514 308 quasi
1528 260 1579 296 26

79 316 274 373 quaedam
292 316 364 356 lux
375 314 607 368 lumenque
626 315 752 355 vitae?
786 322 982 354 tamenne
1011 312 1053 352 in
1083 313 1163 352 ista
1191 311 1392 366 pravitate
1416 324 1512 365 per-

79 373 271 414 stabitis?
303 385 398 412 nam
429 369 644 426 quaerendi
672 371 839 412 initium
871 369 978 410 ratio
1008 369 1179 410 attulit:
1211 382 1306 423 quae
1336 367 1512 422 perfecit
1523 378 1597 409 9-8=

77 430 286 479 virtutem,
305 440 410 468 cum
425 436 534 468 esset
554 427 644 482 ipsa
663 427 770 468 ratio
795 426 1043 467 confirmata
1061 424 1302 482 quaerendo.
1333 423 1511 479 quaestio
1523 423 1552 444 ³·

78 495 231 536 autern,
251 492 316 524 est
344 483 548 539 appetitio
576 483 861 539 cognitionis:
893 482 1222 538 quaestionisque
1243 480 1349 533 finis,
1369 481 1511 521 inven-

78 542 177 583 tio-2
207 543 270 582 At
290 545 330 572 ⁵⁶
346 554 471 580 nemo
503 541 657 582 invenit
688 540 816 582 falsa:
845 554 921 580 nec
950 554 1012 589 ea,
1035 553 1130 595 quae
1157 540 1314 579 incerta
1344 551 1511 593 perma-

76 606 188 648 nent,
207 598 374 638 inventa
401 610 492 638 esse
522 606 698 652 possunt
716 614 725 638 ε
758 596 845 647 sed,
865 611 964 637 cum
985 609 1048 647 ea,
1070 610 1164 652 quae
1185 595 1304 651 quasi
1324 594 1511 635 involuta

74 656 258 703 fuerunt,
279 663 424 709 aperta
453 663 565 702 sunt,
586 662 679 694 turn
710 655 875 695 inventa
904 653 1115 694 dicuntur.
1149 660 1184 688 ⁵7
1202 652 1260 693 sic
1282 659 1326 692 et
1343 651 1509 692 initium

73 710 300 766 quaerendi,
331 720 374 752 et
412 711 547 751 exitus
583 710 840 766 percipiendi
877 720 920 751 et
958 707 1342 765 comprehendendi
1380 717 1509 749 tenet.

69 767 211 823 itaque
231 767 470 823 argumenti
489 767 720 818 conclusio,
741 782 835 824 quae
866 775 930 808 est
961 767 1110 808 Graece
1140 765 1332 816 ἀπόδειξις,
1352 765 1412 806 ita
1434 764 1510 805 de-

71 823 235 865 finitur:
268 824 406 874 Ratio,
436 839 531 879 quae
557 838 609 865 ex
627 824 751 866 rebus
776 824 984 879 perceptis
1004 823 1056 864 ad
1074 822 1134 873 id,
1156 823 1272 879 quod
1302 836 1386 863 non
1414 835 1509 877 per-

69 880 316 936 cipiebatur,
351 879 538 922 adducit.
597 881 729 924 Quod
762 881 797 922 si
831 880 974 922 omnia
1003 880 1089 921 visa
1118 879 1328 936 ejusmodi
1354 878 1557 933 essent,9

70 937 209 993 qualia
240 937 312 979 isti
339 937 500 988 dicunt,
536 945 574 970 ⁵8
595 947 645 979 ut
673 951 722 979 ea
751 937 815 979 vel
846 937 951 978 falsa
974 951 1065 978 esse
1091 945 1277 992 possent,
1300 950 1435 992 neque
1458 950 1569 991 ea27

68 1003 213 1050 posset
230 994 318 1035 ulla
335 994 455 1036 notio
474 994 708 1036 discernere
727 1011 737 1036 z
769 1008 855 1050 quo
886 994 1017 1035 modo
1047 993 1289 1050 quempiam
1311 1003 1385 1046 aut
1403 1007 1506 1034 con—

67 1050 239 1092 clusisse
258 1050 430 1108 aliquid,
451 1060 526 1093 aut
543 1051 746 1092 invenisse
765 1051 1000 1092 diceremus
1017 1052 1031 1091 ἒ
1064 1058 1138 1091 aut
1163 1066 1257 1106 quae
1277 1059 1387 1091 esset
1403 1063 1507 1090 con-

67 1106 172 1148 clusi
190 1109 430 1163 argumenti
450 1108 551 1149 fides
569 1109 582 1149 ?
617 1109 715 1164 Ipsa
739 1117 881 1149 autem
911 1107 1195 1163 philosophia,
1216 1123 1311 1163 quae
1331 1107 1505 1148 rationi-

64 1164 144 1205 bus
161 1166 361 1221 progredi
387 1165 528 1216 debet,
547 1179 674 1221 quem
695 1165 868 1206 habebit
885 1165 1044 1206 exitum
1064 1166 1077 1205 ?
1113 1173 1151 1198 ⁵9
1168 1164 1382 1220 sapientiae
1407 1178 1504 1205 vero

66 1220 170 1276 quid
188 1221 380 1263 futurum
400 1231 464 1262 est
481 1223 494 1262 ?
528 1237 624 1277 quae
644 1236 780 1277 neque
799 1221 851 1262 de
870 1235 912 1261 se
932 1221 1021 1276 ipsa
1045 1221 1238 1263 dubitare
1269 1221 1408 1271 debet,
1431 1235 1504 1261 ne-

65 1291 148 1332 que
166 1276 221 1318 de
239 1279 324 1319 suis
343 1278 535 1329 decretis,
554 1293 649 1333 quae
670 1277 914 1334 philosophi
933 1287 1083 1319 vocant
1102 1279 1299 1331 δόγματαε
1321 1292 1504 1334 quorum

66 1333 231 1374 nullum
253 1335 341 1375 sine
358 1335 512 1375 scelere
532 1334 654 1390 prodi
672 1334 841 1390 poterit.
871 1348 968 1375 cum
991 1334 1102 1375 enim
1124 1335 1339 1375 decretum
1360 1335 1503 1390 prodi-

62 1399 147 1441 tur,
178 1389 246 1431 lex
276 1392 361 1432 veri
390 1391 577 1446 rectique
609 1392 815 1446 proditur.
846 1405 931 1446 quo
962 1405 985 1431 e
1017 1391 1117 1431 vitio
1148 1401 1190 1432 et
1221 1391 1503 1432 amicitiarum

61 1445 335 1501 proditiones,
364 1456 406 1488 et
437 1461 573 1488 rerum
604 1447 870 1502 publicarum
897 1447 1012 1487 nasci
1031 1446 1183 1488 solent.
1241 1449 1343 1488 Non
1362 1457 1504 1503 potest

63 1502 195 1559 igitur
227 1503 426 1554 dubitari,
461 1504 563 1559 quin
597 1503 814 1545 decretum
850 1503 1014 1544 nullum
1048 1503 1202 1545 falsum
1233 1505 1368 1559 possit
1396 1519 1500 1555 esse,

62 1565 103 1592 ⁶0
116 1559 376 1616 sapientique
403 1561 502 1601 satis
531 1575 615 1601 non
646 1561 713 1610 sit,
734 1575 819 1601 non
849 1575 939 1601 esse
968 1560 1136 1611 falsum,
1158 1560 1232 1601 sed
1260 1562 1386 1602 etiam
1414 1570 1502 1602 sta-

61 1615 158 1667 bile,
190 1616 334 1668 fixum,
370 1626 508 1658 ratum
546 1631 636 1658 esse
670 1616 847 1658 debeat:
890 1616 1005 1673 quod
1037 1631 1205 1658 movere
1239 1618 1355 1659 nulla
1393 1619 1500 1659 ratio

61 1682 200 1728 queat.
230 1672 330 1715 talia
361 1681 503 1715 autem
536 1687 672 1729 neque
701 1688 804 1726 esse,
825 1688 961 1729 neque
990 1673 1120 1715 videri
1149 1684 1328 1730 possunt
1350 1689 1498 1716 eorum

60 1729 234 1780 ratione,
255 1730 327 1786 qui
356 1730 428 1772 illa
456 1731 555 1781 visa,
576 1744 599 1770 e
629 1731 783 1786 quibus
810 1731 953 1772 omnia
981 1730 1149 1772 decreta
1175 1740 1275 1772 sunt
1294 1741 1406 1782 nata,
1425 1745 1498 1772 ne-

58 1795 163 1841 gant
191 1787 423 1842 quidquam
456 1801 481 1828 a
507 1788 622 1828 falsis
649 1788 861 1828 interesse.
919 1789 983 1828 Ex
1013 1787 1096 1829 hoc
1125 1787 1231 1829 illud
1251 1799 1316 1830 est
1336 1797 1560 1840 natum,28

58 1842 174 1898 quod
194 1843 438 1898 postulabat
458 1844 727 1895 Hortensius,
747 1853 796 1885 ut
824 1844 866 1885 id
895 1844 1035 1899 ipsum
1067 1844 1214 1886 saltem
1249 1854 1496 1901 perceptum

58 1913 83 1939 a
104 1898 290 1954 sapiente
309 1899 518 1951 diceretis,
538 1900 642 1941 nihil
661 1915 784 1956 posse
811 1901 982 1956 percipi.
1042 1901 1125 1942 Sed
1156 1901 1496 1957 Antipatro‘hoc

57 1955 166 1997 idern
196 1956 443 2011 postulanti,
464 1971 561 1998 curn
595 1956 766 2008 diceret,
797 1959 850 2010 ei,
883 1958 954 2014 qui
989 1958 1214 2000 affirmaret
1238 1959 1343 2000 nihil
1373 1973 1497 2015 posse

100 2110 138 2135 55
163 2102 272 2134 Quid?
296 2104 373 2145 quod
393 2104 417 2134 si
439 2104 495 2134 ista
515 2115 548 2135 v.
573 2111 650 2141 sunt,
678 2105 752 2135 rati·

54 2159 79 2178 o.
96 2145 382 2176 tollitur—tamenne
397 2148 468 2187 &c.]
497 2148 576 2178 Haec
592 2158 657 2178 non
673 2149 754 2178 bene

55 2190 226 2226 cohaerent,
252 2199 311 2219 nec
337 2197 383 2221 est
407 2198 479 2230 apta
508 2192 750 2230 interrogatione

52 2232 205 2264 conclusa
219 2234 307 2264 ratio.
352 2234 464 2265 Facilis
484 2242 565 2264 esset
585 2237 748 2271 correctio,

52 2277 78 2306 si
101 2285 155 2316 pro
179 2275 254 2316 quod
275 2275 452 2315 legeremus
475 2277 586 2319 quando
612 2278 661 2307 vel
682 2290 750 2320 quo-

53 2318 141 2349 niam.
185 2318 334 2349 Davisius
355 2321 487 2359 quidem
510 2320 639 2359 putabat
661 2332 725 2350 cum
739 2333 748 2351 .-

52 2362 105 2392 sed
134 2361 271 2392 latinitas
297 2372 363 2392 non
389 2365 474 2401 sinit,
502 2365 578 2402 quia
606 2365 750 2403 sequitur

56 2403 178 2442 tollitur,
199 2414 264 2434 non
290 2404 421 2438 tollatur.
466 2406 584 2437 Melius
607 2415 653 2436 est
675 2407 751 2449 quod

52 2447 163 2478 delere.
208 2448 267 2478 Sed
283 2458 348 2478 non
364 2457 410 2480 est
427 2459 564 2480 necesse.
581 2459 657 2479 nam
678 2451 751 2492 quid

52 2490 126 2531 quod
138 2496 183 2520 est
199 2490 337 2521 formula
360 2493 433 2523 novi
454 2494 633 2533 argumenti
654 2503 747 2534 supe-

53 2533 184 2564 rioribus
199 2534 345 2565 addendi.

96 2581 134 2607 56
157 2587 236 2605 nemo
257 2576 372 2607 invenit
385 2576 489 2618 falsa]
518 2579 605 2609 Nam
629 2579 747 2610 falsum

52 2625 98 2649 est
112 2619 264 2651 nihilum.

95 2667 130 2696 ⁵7
168 2661 209 2692 sic
246 2669 273 2692 et
309 2662 426 2692 initium
463 2663 743 2705 quaerendi—tenet]

53 2701 139 2734 auid
152 2705 164 2735 ἓ
189 2714 306 2745 nempe
321 2706 408 2743 ratio,
424 2708 510 2746 quod
525 2708 661 2738 verbum
676 2708 746 2738 addi

51 2754 122 2786 post
136 2747 176 2776 sic
189 2748 315 2779 volebat
330 2749 477 2780 Dav-isius
492 2759 570 2781 cum
585 2750 746 2781 Walkero.

51 2789 112 2819 Sed
135 2796 247 2829 potest·>
259 2792 404 2831 intelligi,
428 2794 504 2832 quia
526 2795 565 2824 de
588 2804 624 2825 ea
643 2803 749 2824 sermo

51 2838 117 2863 est:
156 2841 400 2874 enarranturque
438 2836 523 2867 mala
552 2846 593 2867 ex
629 2837 748 2868 ratione

111 2886 225 2916 vot..
249 2888 316 2918 IV.
341 2890 379 2917 P.
403 2890 436 2917 1.

794 2106 928 2137 sublata.
945 2114 977 2136 at
991 2117 1069 2138 mox
1086 2108 1195 2138 exilum
1210 2119 1264 2148 pro
1280 2109 1373 2139 exitus
1389 2109 1496 2150 legen-

796 2150 875 2180 dum
891 2160 970 2187 esse,
987 2151 1078 2181 facile
1093 2151 1216 2192 largiar.

838 2199 876 2222 58
893 2199 926 2221 ut
941 2204 974 2222 ea
988 2193 1132 2234 velfalsd
1148 2206 1203 2224 esre
1212 2193 1341 2235 possent]
1355 2196 1431 2226 Non
1446 2206 1495 2226 sa·-

793 2236 831 2265 tis
855 2236 916 2265 hoe
939 2237 1096 2266 consentit
1116 2238 1336 2276 sequentibus,
1352 2246 1383 2268 et
1398 2239 1493 2269 verbo

793 2279 1009 2309 discernendi:
1035 2281 1120 2318 quod
1135 2281 1258 2312 videtur
1270 2282 1439 2320 postulare,
1458 2290 1492 2312 ut

794 2321 916 2361 legatur
939 2332 1013 2351 vera
1039 2330 1066 2351 et
1076 2322 1176 2363 falsa.
1199 2325 1328 2363 vestigia
1349 2333 1432 2354 verae
1448 2324 1491 2355 le-

794 2366 905 2395 ctionis
923 2366 953 2394 in
971 2366 1050 2396 Mss.
1068 2374 1187 2405 reperta
1202 2374 1288 2404 sunt,
1305 2377 1378 2407 quae
1394 2368 1491 2398 habe-

791 2415 860 2438 rent
875 2408 928 2437 vel
941 2418 1014 2437 vera
1030 2408 1185 2449 velfalsa.

835 2459 886 2484 59.
901 2451 1052 2490 sapientia>
1074 2462 1107 2481 v.
1125 2453 1198 2493 quid
1205 2452 1350 2492 sudarunt
1363 2453 1417 2493 est]
1437 2454 1490 2484 Se-

791 2496 936 2524 cundum
965 2495 1125 2534 superiora
1153 2496 1288 2526 debebat
1314 2506 1381 2527 esse
1411 2505 1489 2527 esset.

791 2537 851 2567 Sed
868 2539 983 2568 iterum
999 2545 1123 2568 mutata
1137 2546 1184 2568 est
1199 2540 1301 2569 forma
1315 2540 1474 2570 orationis.

835 2586 876 2612 60
900 2580 1079 2622 sapientique
1102 2582 1172 2611 satis
1194 2581 1250 2622 sir]
1278 2583 1487 2613 Manifestum

791 2629 849 2659 est,
865 2624 919 2653 hic
941 2624 1092 2654 excidisse
1116 2636 1178 2654 non.
1202 2626 1288 2664 quod
1310 2633 1342 2655 et
1362 2626 1487 2656 Lambi

791 2676 852 2697 nus
867 2667 900 2696 in
916 2667 980 2697 Ms.
995 2666 1197 2698 Memmiano
1211 2669 1321 2708 reperit
1336 2675 1366 2699 et
1380 2670 1488 2704 edidit,

790 2710 844 2739 sed
870 2710 938 2740 sine
964 2711 1175 2741 imitatoribus
1204 2719 1278 2742 ante
1307 2712 1487 2748 Davisium,

789 2753 842 2791 qui
860 2759 890 2783 et
906 2753 970 2792 ipse
987 2753 1018 2783 in
1036 2753 1121 2784 libris
1138 2763 1196 2784 scr.
1223 2756 1333 2793 reperit
1349 2754 1418 2784 satis
1436 2767 1487 2783 mv

789 2801 837 2824 stt.

811 2891 839 2918 D
