<?xml version="1.0" encoding="UTF-8"?>
<!DOCTYPE html PUBLIC "-//W3C//DTD XHTML 1.0 Transitional//EN"
    "http://www.w3.org/TR/xhtml1/DTD/xhtml1-transitional.dtd">
<html xmlns="http://www.w3.org/1999/xhtml" xml:lang="en" lang="en">
 <head>
  <title>
</title>
<meta http-equiv="Content-Type" content="text/html;charset=utf-8" />
  <meta name='ocr-system' content='tesseract 3.04.00' />
  <meta name='ocr-capabilities' content='ocr_page ocr_carea ocr_par ocr_line ocrx_word'/>
</head>
<body>
  <div class='ocr_page' id='page_1' title='image "./p1operaomnia04ciceuoft_0501.png"; bbox 0 0 1778 3095; ppageno 0'>
   <div class='ocr_carea' id='block_1_1' title="bbox 50 114 1602 2209">
    <p class='ocr_par' dir='ltr' id='par_1_1' title="bbox 50 114 1602 904">
     <span class='ocr_line' id='line_1_1' title="bbox 520 114 1488 160; baseline -0.005 -5"><span class='ocrx_word' id='word_1_1' title='bbox 520 117 703 155; x_wconf 90' lang='lat' dir='ltr'><strong>LIBER</strong></span> <span class='ocrx_word' id='word_1_2' title='bbox 735 114 1013 154; x_wconf 87' lang='lat' dir='ltr'><strong>TERTIUS.</strong></span> <span class='ocrx_word' id='word_1_3' title='bbox 1409 116 1488 160; x_wconf 81' lang='lat'>493</span> 
     </span>
     <span class='ocr_line' id='line_1_2' title="bbox 54 217 1493 277; baseline -0.008 -4"><span class='ocrx_word' id='word_1_4' title='bbox 54 238 247 274; x_wconf 86' lang='lat' dir='ltr'>naturam</span> <span class='ocrx_word' id='word_1_5' title='bbox 268 237 313 270; x_wconf 91' lang='lat' dir='ltr'>et</span> <span class='ocrx_word' id='word_1_6' title='bbox 331 226 537 269; x_wconf 84' lang='lat' dir='ltr'>rationem</span> <span class='ocrx_word' id='word_1_7' title='bbox 567 223 746 275; x_wconf 88' lang='lat' dir='ltr'>intersit,</span> <span class='ocrx_word' id='word_1_8' title='bbox 767 231 807 255; x_wconf 80' lang='lat'>28</span> <span class='ocrx_word' id='word_1_9' title='bbox 822 237 907 264; x_wconf 90' lang='lat' dir='ltr'>non</span> <span class='ocrx_word' id='word_1_10' title='bbox 937 217 1224 277; x_wconf 81' lang='lat' dir='ltr'><strong>distinguitur.</strong></span> <span class='ocrx_word' id='word_1_11' title='bbox 1245 227 1249 232; x_wconf 73' lang='grc'>’</span> <span class='ocrx_word' id='word_1_12' title='bbox 1284 218 1493 277; x_wconf 86' lang='lat' dir='ltr'><strong>Idemque</strong></span> 
     </span>
     <span class='ocr_line' id='line_1_3' title="bbox 52 275 1493 338; baseline -0.008 -8"><span class='ocrx_word' id='word_1_13' title='bbox 52 288 88 329; x_wconf 84' lang='lat' dir='ltr'>si</span> <span class='ocrx_word' id='word_1_14' title='bbox 108 288 177 328; x_wconf 91' lang='lat' dir='ltr'>dei</span> <span class='ocrx_word' id='word_1_15' title='bbox 197 302 283 328; x_wconf 91' lang='lat' dir='ltr'>non</span> <span class='ocrx_word' id='word_1_16' title='bbox 303 285 400 335; x_wconf 88' lang='lat' dir='ltr'>sint,</span> <span class='ocrx_word' id='word_1_17' title='bbox 422 289 551 338; x_wconf 89' lang='lat' dir='ltr'>negat</span> <span class='ocrx_word' id='word_1_18' title='bbox 571 295 662 322; x_wconf 91' lang='lat' dir='ltr'>esse</span> <span class='ocrx_word' id='word_1_19' title='bbox 682 281 724 322; x_wconf 91' lang='lat' dir='ltr'>in</span> <span class='ocrx_word' id='word_1_20' title='bbox 746 280 863 321; x_wconf 91' lang='lat' dir='ltr'>omni</span> <span class='ocrx_word' id='word_1_21' title='bbox 883 287 1031 320; x_wconf 90' lang='lat' dir='ltr'>natura</span> <span class='ocrx_word' id='word_1_22' title='bbox 1055 275 1285 333; x_wconf 87' lang='lat' dir='ltr'>quidquam</span> <span class='ocrx_word' id='word_1_23' title='bbox 1318 276 1493 319; x_wconf 89' lang='lat' dir='ltr'>homine</span> 
     </span>
     <span class='ocr_line' id='line_1_4' title="bbox 50 332 1493 394; baseline -0.008 -8"><span class='ocrx_word' id='word_1_24' title='bbox 50 345 217 386; x_wconf 81' lang='lat' dir='ltr'>melius.</span> <span class='ocrx_word' id='word_1_25' title='bbox 247 342 291 384; x_wconf 93' lang='lat' dir='ltr'>id</span> <span class='ocrx_word' id='word_1_26' title='bbox 312 350 452 383; x_wconf 90' lang='lat' dir='ltr'>autem</span> <span class='ocrx_word' id='word_1_27' title='bbox 474 347 622 394; x_wconf 91' lang='lat' dir='ltr'>putare</span> <span class='ocrx_word' id='word_1_28' title='bbox 644 351 902 394; x_wconf 82' lang='lat' dir='ltr'>quemquam</span> <span class='ocrx_word' id='word_1_29' title='bbox 933 334 1167 386; x_wconf 90' lang='lat' dir='ltr'>hominem,</span> <span class='ocrx_word' id='word_1_30' title='bbox 1188 332 1294 373; x_wconf 85' lang='lat' dir='ltr'>nihil</span> <span class='ocrx_word' id='word_1_31' title='bbox 1320 332 1493 374; x_wconf 89' lang='lat' dir='ltr'>homine</span> 
     </span>
     <span class='ocr_line' id='line_1_5' title="bbox 54 390 1493 450; baseline -0.01 -8"><span class='ocrx_word' id='word_1_32' title='bbox 54 416 146 442; x_wconf 92' lang='lat' dir='ltr'>esse</span> <span class='ocrx_word' id='word_1_33' title='bbox 167 399 330 450; x_wconf 89' lang='lat' dir='ltr'>melius,</span> <span class='ocrx_word' id='word_1_34' title='bbox 351 411 527 438; x_wconf 86' lang='lat' dir='ltr'>summae</span> <span class='ocrx_word' id='word_1_35' title='bbox 555 396 807 450; x_wconf 67' lang='lat' dir='ltr'>arrogantiae</span> <span class='ocrx_word' id='word_1_36' title='bbox 836 401 979 433; x_wconf 87' lang='lat' dir='ltr'>censet</span> <span class='ocrx_word' id='word_1_37' title='bbox 1010 405 1114 432; x_wconf 91' lang='lat' dir='ltr'>esse.</span> <span class='ocrx_word' id='word_1_38' title='bbox 1175 390 1240 431; x_wconf 91' lang='lat' dir='ltr'>Sit</span> <span class='ocrx_word' id='word_1_39' title='bbox 1259 403 1357 430; x_wconf 89' lang='lat' dir='ltr'>sane</span> <span class='ocrx_word' id='word_1_40' title='bbox 1376 404 1493 430; x_wconf 90' lang='lat' dir='ltr'>arro—</span> 
     </span>
     <span class='ocr_line' id='line_1_6' title="bbox 53 446 1493 514; baseline -0.01 -15"><span class='ocrx_word' id='word_1_41' title='bbox 53 458 210 514; x_wconf 86' lang='lat' dir='ltr'>gantis,</span> <span class='ocrx_word' id='word_1_42' title='bbox 231 455 360 511; x_wconf 77' lang='lat' dir='ltr'>pluris</span> <span class='ocrx_word' id='word_1_43' title='bbox 381 468 424 494; x_wconf 92' lang='lat' dir='ltr'>se</span> <span class='ocrx_word' id='word_1_44' title='bbox 444 460 605 508; x_wconf 90' lang='lat' dir='ltr'>putare,</span> <span class='ocrx_word' id='word_1_45' title='bbox 623 465 749 507; x_wconf 88' lang='lat' dir='ltr'>quam</span> <span class='ocrx_word' id='word_1_46' title='bbox 771 449 994 491; x_wconf 90' lang='lat' dir='ltr'>mundum.</span> <span class='ocrx_word' id='word_1_47' title='bbox 1053 447 1115 487; x_wconf 82' lang='lat' dir='ltr'>At</span> <span class='ocrx_word' id='word_1_48' title='bbox 1134 446 1239 487; x_wconf 88' lang='lat' dir='ltr'>illud</span> <span class='ocrx_word' id='word_1_49' title='bbox 1257 461 1341 486; x_wconf 91' lang='lat' dir='ltr'>non</span> <span class='ocrx_word' id='word_1_50' title='bbox 1361 446 1493 486; x_wconf 90' lang='lat' dir='ltr'>modo</span> 
     </span>
     <span class='ocr_line' id='line_1_7' title="bbox 55 502 1494 567; baseline -0.01 -12"><span class='ocrx_word' id='word_1_51' title='bbox 55 529 141 555; x_wconf 90' lang='lat' dir='ltr'>non</span> <span class='ocrx_word' id='word_1_52' title='bbox 170 510 418 567; x_wconf 82' lang='lat' dir='ltr'>arrogantiS,</span> <span class='ocrx_word' id='word_1_53' title='bbox 439 508 511 550; x_wconf 89' lang='lat' dir='ltr'>sed</span> <span class='ocrx_word' id='word_1_54' title='bbox 540 508 682 564; x_wconf 89' lang='lat' dir='ltr'>potius</span> <span class='ocrx_word' id='word_1_55' title='bbox 715 506 948 563; x_wconf 86' lang='lat' dir='ltr'>prudentis,</span> <span class='ocrx_word' id='word_1_56' title='bbox 979 503 1232 558; x_wconf 84' lang='lat' dir='ltr'>intelligere,</span> <span class='ocrx_word' id='word_1_57' title='bbox 1263 517 1306 543; x_wconf 90' lang='lat' dir='ltr'>se</span> <span class='ocrx_word' id='word_1_58' title='bbox 1337 502 1494 543; x_wconf 89' lang='lat' dir='ltr'>habere</span> 
     </span>
     <span class='ocr_line' id='line_1_8' title="bbox 56 559 1494 616; baseline -0.009 -5"><span class='ocrx_word' id='word_1_59' title='bbox 56 584 226 612; x_wconf 90' lang='lat' dir='ltr'>sensum</span> <span class='ocrx_word' id='word_1_60' title='bbox 247 577 291 609; x_wconf 90' lang='lat' dir='ltr'>et</span> <span class='ocrx_word' id='word_1_61' title='bbox 310 567 516 608; x_wconf 88' lang='lat' dir='ltr'>rationem</span> <span class='ocrx_word' id='word_1_62' title='bbox 527 581 539 616; x_wconf 85' lang='lat'>3</span> <span class='ocrx_word' id='word_1_63' title='bbox 570 565 662 606; x_wconf 86' lang='lat' dir='ltr'>haec</span> <span class='ocrx_word' id='word_1_64' title='bbox 683 564 830 605; x_wconf 88' lang='lat' dir='ltr'>eadem</span> <span class='ocrx_word' id='word_1_65' title='bbox 851 563 1054 604; x_wconf 84' lang='lat' dir='ltr'>Orionem</span> <span class='ocrx_word' id='word_1_66' title='bbox 1074 568 1116 601; x_wconf 87' lang='lat' dir='ltr'>et</span> <span class='ocrx_word' id='word_1_67' title='bbox 1139 559 1387 600; x_wconf 79' lang='lat' dir='ltr'>Caniculam</span> <span class='ocrx_word' id='word_1_68' title='bbox 1408 573 1494 600; x_wconf 91' lang='lat' dir='ltr'>non</span> 
     </span>
     <span class='ocr_line' id='line_1_9' title="bbox 56 615 1602 677; baseline -0.009 -10"><span class='ocrx_word' id='word_1_69' title='bbox 56 627 228 668; x_wconf 87' lang='lat' dir='ltr'>habere.</span> <span class='ocrx_word' id='word_1_70' title='bbox 288 625 357 673; x_wconf 86' lang='lat' dir='ltr'>Et,</span> <span class='ocrx_word' id='word_1_71' title='bbox 375 623 410 663; x_wconf 92' lang='lat' dir='ltr'>si</span> <span class='ocrx_word' id='word_1_72' title='bbox 431 622 582 663; x_wconf 89' lang='lat' dir='ltr'>domus</span> <span class='ocrx_word' id='word_1_73' title='bbox 611 621 758 677; x_wconf 88' lang='lat' dir='ltr'>pulcra</span> <span class='ocrx_word' id='word_1_74' title='bbox 778 621 845 670; x_wconf 87' lang='lat' dir='ltr'>sit,</span> <span class='ocrx_word' id='word_1_75' title='bbox 868 618 1154 673; x_wconf 82' lang='lat' dir='ltr'>intelligamus</span> <span class='ocrx_word' id='word_1_76' title='bbox 1174 631 1268 657; x_wconf 87' lang='lat' dir='ltr'>eam</span> <span class='ocrx_word' id='word_1_77' title='bbox 1295 615 1492 666; x_wconf 89' lang='lat' dir='ltr'>dominis,</span> <span class='ocrx_word' id='word_1_78' title='bbox 1505 624 1536 653; x_wconf 82' lang='grc' dir='ltr'>Ρ·</span> <span class='ocrx_word' id='word_1_79' title='bbox 1551 619 1602 647; x_wconf 83' lang='lat'>⁶⁵·</span> 
     </span>
     <span class='ocr_line' id='line_1_10' title="bbox 54 668 1536 739; baseline -0.008 -15"><span class='ocrx_word' id='word_1_80' title='bbox 54 683 207 739; x_wconf 88' lang='lat' dir='ltr'>inquit,</span> <span class='ocrx_word' id='word_1_81' title='bbox 242 679 490 721; x_wconf 86' lang='lat' dir='ltr'>aedificatam</span> <span class='ocrx_word' id='word_1_82' title='bbox 524 693 629 729; x_wconf 87' lang='lat' dir='ltr'>esse,</span> <span class='ocrx_word' id='word_1_83' title='bbox 668 693 752 719; x_wconf 91' lang='lat' dir='ltr'>non</span> <span class='ocrx_word' id='word_1_84' title='bbox 786 677 991 718; x_wconf 88' lang='lat' dir='ltr'>muribus.</span> <span class='ocrx_word' id='word_1_85' title='bbox 1023 674 1082 715; x_wconf 88' lang='lat' dir='ltr'>sic</span> <span class='ocrx_word' id='word_1_86' title='bbox 1118 673 1250 729; x_wconf 85' lang='lat' dir='ltr'>igitur</span> <span class='ocrx_word' id='word_1_87' title='bbox 1285 671 1494 714; x_wconf 85' lang='lat' dir='ltr'>mundum</span> <span class='ocrx_word' id='word_1_88' title='bbox 1505 668 1536 689; x_wconf 75' lang='lat'>³·</span> 
     </span>
     <span class='ocr_line' id='line_1_11' title="bbox 56 729 1497 786; baseline -0.009 -5"><span class='ocrx_word' id='word_1_89' title='bbox 56 740 238 781; x_wconf 90' lang='lat' dir='ltr'>deorum</span> <span class='ocrx_word' id='word_1_90' title='bbox 260 737 434 777; x_wconf 89' lang='lat' dir='ltr'>domum</span> <span class='ocrx_word' id='word_1_91' title='bbox 459 735 698 777; x_wconf 86' lang='lat' dir='ltr'>existimare</span> <span class='ocrx_word' id='word_1_92' title='bbox 717 735 934 775; x_wconf 85' lang='lat' dir='ltr'>debemus.</span> <span class='ocrx_word' id='word_1_93' title='bbox 994 732 1060 772; x_wconf 88' lang='lat' dir='ltr'>Ita</span> <span class='ocrx_word' id='word_1_94' title='bbox 1089 745 1259 786; x_wconf 85' lang='lat' dir='ltr'>prorsus</span> <span class='ocrx_word' id='word_1_95' title='bbox 1280 729 1497 770; x_wconf 86' lang='lat' dir='ltr'>existima-</span> 
     </span>
     <span class='ocr_line' id='line_1_12' title="bbox 56 786 1498 847; baseline -0.007 -11"><span class='ocrx_word' id='word_1_96' title='bbox 56 810 160 846; x_wconf 90' lang='lat' dir='ltr'>rem,</span> <span class='ocrx_word' id='word_1_97' title='bbox 196 793 231 834; x_wconf 88' lang='lat' dir='ltr'>si</span> <span class='ocrx_word' id='word_1_98' title='bbox 270 792 389 834; x_wconf 88' lang='lat' dir='ltr'>illum</span> <span class='ocrx_word' id='word_1_99' title='bbox 425 792 692 843; x_wconf 75' lang='lat' dir='ltr'>aedificatum,</span> <span class='ocrx_word' id='word_1_100' title='bbox 725 807 823 842; x_wconf 92' lang='lat' dir='ltr'>non,</span> <span class='ocrx_word' id='word_1_101' title='bbox 857 787 1221 847; x_wconf 80' lang='lat' dir='ltr'>quemadmodum</span> <span class='ocrx_word' id='word_1_102' title='bbox 1259 786 1439 836; x_wconf 87' lang='lat' dir='ltr'>docebo,</span> <span class='ocrx_word' id='word_1_103' title='bbox 1471 800 1498 826; x_wconf 89' lang='lat' dir='ltr'>a</span> 
     </span>
     <span class='ocr_line' id='line_1_13' title="bbox 57 850 766 904; baseline -0.007 -11"><span class='ocrx_word' id='word_1_104' title='bbox 57 860 207 893; x_wconf 89' lang='lat' dir='ltr'>natura</span> <span class='ocrx_word' id='word_1_105' title='bbox 228 850 539 891; x_wconf 86' lang='lat' dir='ltr'>conformatum</span> <span class='ocrx_word' id='word_1_106' title='bbox 559 857 766 904; x_wconf 86' lang='lat' dir='ltr'>putarem.</span> 
     </span>
    </p>

    <p class='ocr_par' dir='ltr' id='par_1_2' title="bbox 55 890 1574 1798">
     <span class='ocr_line' id='line_1_14' title="bbox 113 890 1574 962; baseline -0.006 -14"><span class='ocrx_word' id='word_1_107' title='bbox 113 908 176 949; x_wconf 94' lang='lat' dir='ltr'>At</span> <span class='ocrx_word' id='word_1_108' title='bbox 196 907 310 948; x_wconf 86' lang='lat' dir='ltr'>enim</span> <span class='ocrx_word' id='word_1_109' title='bbox 331 906 483 962; x_wconf 85' lang='lat' dir='ltr'>quaerit</span> <span class='ocrx_word' id='word_1_110' title='bbox 501 905 614 960; x_wconf 91' lang='lat' dir='ltr'>apud</span> <span class='ocrx_word' id='word_1_111' title='bbox 634 903 964 959; x_wconf 85' lang='lat' dir='ltr'>Xenophontem</span> <span class='ocrx_word' id='word_1_112' title='bbox 994 902 1202 951; x_wconf 78' lang='lat' dir='ltr'>Socrates,</span> <span class='ocrx_word' id='word_1_113' title='bbox 1222 909 1262 934; x_wconf 80' lang='lat'>‘29</span> <span class='ocrx_word' id='word_1_114' title='bbox 1275 899 1388 941; x_wconf 91' lang='lat' dir='ltr'>unde</span> <span class='ocrx_word' id='word_1_115' title='bbox 1408 899 1497 941; x_wconf 90' lang='lat' dir='ltr'>ani·</span> <span class='ocrx_word' id='word_1_116' title='bbox 1512 891 1536 937; x_wconf 87' lang='lat' dir='ltr'>l</span> <span class='ocrx_word' id='word_1_117' title='bbox 1550 890 1574 936; x_wconf 89' lang='lat' dir='ltr'>l</span> 
     </span>
     <span class='ocr_line' id='line_1_15' title="bbox 56 958 1557 1018; baseline -0.007 -12"><span class='ocrx_word' id='word_1_118' title='bbox 56 979 178 1007; x_wconf 90' lang='lat' dir='ltr'>mum</span> <span class='ocrx_word' id='word_1_119' title='bbox 209 963 520 1018; x_wconf 85' lang='lat' dir='ltr'>arripuerimus,</span> <span class='ocrx_word' id='word_1_120' title='bbox 542 962 577 1002; x_wconf 87' lang='lat' dir='ltr'>si</span> <span class='ocrx_word' id='word_1_121' title='bbox 597 961 737 1002; x_wconf 91' lang='lat' dir='ltr'>nullus</span> <span class='ocrx_word' id='word_1_122' title='bbox 758 960 884 1001; x_wconf 85' lang='lat' dir='ltr'>fuerit</span> <span class='ocrx_word' id='word_1_123' title='bbox 903 959 945 1000; x_wconf 90' lang='lat' dir='ltr'>in</span> <span class='ocrx_word' id='word_1_124' title='bbox 966 958 1141 999; x_wconf 89' lang='lat' dir='ltr'>mundo.</span> <span class='ocrx_word' id='word_1_125' title='bbox 1201 959 1257 998; x_wconf 91' lang='lat' dir='ltr'>Et</span> <span class='ocrx_word' id='word_1_126' title='bbox 1276 971 1358 1011; x_wconf 81' lang='lat' dir='ltr'>ego</span> <span class='ocrx_word' id='word_1_127' title='bbox 1379 972 1495 1013; x_wconf 85' lang='lat' dir='ltr'>quae-</span> <span class='ocrx_word' id='word_1_128' title='bbox 1507 963 1557 1005; x_wconf 88' lang='lat'>27</span> 
     </span>
     <span class='ocr_line' id='line_1_16' title="bbox 55 1013 1498 1072; baseline -0.006 -9"><span class='ocrx_word' id='word_1_129' title='bbox 55 1037 118 1072; x_wconf 90' lang='lat' dir='ltr'>ro,</span> <span class='ocrx_word' id='word_1_130' title='bbox 139 1020 250 1062; x_wconf 90' lang='lat' dir='ltr'>unde</span> <span class='ocrx_word' id='word_1_131' title='bbox 270 1019 518 1068; x_wconf 89' lang='lat' dir='ltr'>orationem,</span> <span class='ocrx_word' id='word_1_132' title='bbox 537 1018 649 1059; x_wconf 91' lang='lat' dir='ltr'>unde</span> <span class='ocrx_word' id='word_1_133' title='bbox 671 1031 882 1067; x_wconf 87' lang='lat' dir='ltr'>numeros,</span> <span class='ocrx_word' id='word_1_134' title='bbox 911 1015 1024 1056; x_wconf 90' lang='lat' dir='ltr'>unde</span> <span class='ocrx_word' id='word_1_135' title='bbox 1052 1023 1214 1056; x_wconf 75' lang='lat' dir='ltr'>cantus,</span> <span class='ocrx_word' id='word_1_136' title='bbox 1272 1013 1369 1054; x_wconf 83' lang='lat' dir='ltr'>Nisi</span> <span class='ocrx_word' id='word_1_137' title='bbox 1399 1028 1498 1055; x_wconf 89' lang='lat' dir='ltr'>vero</span> 
     </span>
     <span class='ocr_line' id='line_1_17' title="bbox 57 1070 1500 1134; baseline -0.005 -16"><span class='ocrx_word' id='word_1_138' title='bbox 57 1078 178 1134; x_wconf 90' lang='lat' dir='ltr'>loqui</span> <span class='ocrx_word' id='word_1_139' title='bbox 199 1076 331 1117; x_wconf 89' lang='lat' dir='ltr'>solem</span> <span class='ocrx_word' id='word_1_140' title='bbox 352 1090 450 1116; x_wconf 90' lang='lat' dir='ltr'>cum</span> <span class='ocrx_word' id='word_1_141' title='bbox 470 1075 570 1116; x_wconf 88' lang='lat' dir='ltr'>luna</span> <span class='ocrx_word' id='word_1_142' title='bbox 599 1083 814 1131; x_wconf 88' lang='lat' dir='ltr'>putamus,</span> <span class='ocrx_word' id='word_1_143' title='bbox 835 1088 933 1113; x_wconf 91' lang='lat' dir='ltr'>cum</span> <span class='ocrx_word' id='word_1_144' title='bbox 964 1071 1137 1127; x_wconf 86' lang='lat' dir='ltr'>propius</span> <span class='ocrx_word' id='word_1_145' title='bbox 1168 1070 1406 1120; x_wconf 89' lang='lat' dir='ltr'>accesserit,</span> <span class='ocrx_word' id='word_1_146' title='bbox 1426 1079 1500 1111; x_wconf 88' lang='lat' dir='ltr'>aut</span> 
     </span>
     <span class='ocr_line' id='line_1_18' title="bbox 60 1127 1499 1185; baseline -0.004 -11"><span class='ocrx_word' id='word_1_147' title='bbox 60 1135 114 1175; x_wconf 86' lang='lat' dir='ltr'>ad</span> <span class='ocrx_word' id='word_1_148' title='bbox 151 1132 414 1174; x_wconf 85' lang='lat' dir='ltr'>harmoniam</span> <span class='ocrx_word' id='word_1_149' title='bbox 450 1146 598 1173; x_wconf 88' lang='lat' dir='ltr'>canere</span> <span class='ocrx_word' id='word_1_150' title='bbox 633 1131 857 1181; x_wconf 90' lang='lat' dir='ltr'>mundum,</span> <span class='ocrx_word' id='word_1_151' title='bbox 890 1138 939 1171; x_wconf 89' lang='lat' dir='ltr'>ut</span> <span class='ocrx_word' id='word_1_152' title='bbox 974 1129 1238 1185; x_wconf 80' lang='lat' dir='ltr'>Pythagoras</span> <span class='ocrx_word' id='word_1_153' title='bbox 1274 1127 1499 1168; x_wconf 81' lang='lat' dir='ltr'>existimat.</span> 
     </span>
     <span class='ocr_line' id='line_1_19' title="bbox 60 1183 1500 1239; baseline -0.007 -6"><span class='ocrx_word' id='word_1_154' title='bbox 60 1192 238 1233; x_wconf 79' lang='lat' dir='ltr'>Naturae</span> <span class='ocrx_word' id='word_1_155' title='bbox 261 1189 340 1230; x_wconf 89' lang='lat' dir='ltr'>ista</span> <span class='ocrx_word' id='word_1_156' title='bbox 365 1198 476 1238; x_wconf 90' lang='lat' dir='ltr'>sunt,</span> <span class='ocrx_word' id='word_1_157' title='bbox 496 1188 643 1239; x_wconf 86' lang='lat' dir='ltr'>Balbe,</span> <span class='ocrx_word' id='word_1_158' title='bbox 663 1196 837 1238; x_wconf 86' lang='lat' dir='ltr'>naturae,</span> <span class='ocrx_word' id='word_1_159' title='bbox 860 1201 944 1227; x_wconf 91' lang='lat' dir='ltr'>non</span> <span class='ocrx_word' id='word_1_160' title='bbox 975 1185 1199 1227; x_wconf 84' lang='lat' dir='ltr'>artificiose</span> <span class='ocrx_word' id='word_1_161' title='bbox 1229 1183 1500 1234; x_wconf 88' lang='lat' dir='ltr'>ambulantis,</span> 
     </span>
     <span class='ocr_line' id='line_1_20' title="bbox 61 1239 1500 1301; baseline -0.006 -13"><span class='ocrx_word' id='word_1_162' title='bbox 61 1256 111 1288; x_wconf 91' lang='lat' dir='ltr'>ut</span> <span class='ocrx_word' id='word_1_163' title='bbox 130 1247 188 1288; x_wconf 82' lang='lat' dir='ltr'>ait</span> <span class='ocrx_word' id='word_1_164' title='bbox 208 1247 342 1296; x_wconf 84' lang='lat' dir='ltr'>Zeno,</span> <span class='ocrx_word' id='word_1_165' title='bbox 362 1245 477 1301; x_wconf 91' lang='lat' dir='ltr'>quod</span> <span class='ocrx_word' id='word_1_166' title='bbox 508 1245 677 1300; x_wconf 88' lang='lat' dir='ltr'>quidem</span> <span class='ocrx_word' id='word_1_167' title='bbox 700 1245 824 1300; x_wconf 89' lang='lat' dir='ltr'>quale</span> <span class='ocrx_word' id='word_1_168' title='bbox 845 1243 912 1293; x_wconf 88' lang='lat' dir='ltr'>sit,</span> <span class='ocrx_word' id='word_1_169' title='bbox 930 1242 1021 1299; x_wconf 88' lang='lat' dir='ltr'>jam</span> <span class='ocrx_word' id='word_1_170' title='bbox 1042 1241 1292 1291; x_wconf 88' lang='lat' dir='ltr'>videbimus,</span> <span class='ocrx_word' id='word_1_171' title='bbox 1312 1239 1386 1281; x_wconf 89' lang='lat' dir='ltr'>sed</span> <span class='ocrx_word' id='word_1_172' title='bbox 1406 1255 1500 1281; x_wconf 92' lang='lat' dir='ltr'>om-</span> 
     </span>
     <span class='ocr_line' id='line_1_21' title="bbox 63 1297 1568 1357; baseline -0.005 -13"><span class='ocrx_word' id='word_1_173' title='bbox 63 1304 132 1344; x_wconf 89' lang='lat' dir='ltr'>nia</span> <span class='ocrx_word' id='word_1_174' title='bbox 158 1302 305 1344; x_wconf 86' lang='lat' dir='ltr'>cientis</span> <span class='ocrx_word' id='word_1_175' title='bbox 334 1312 378 1344; x_wconf 87' lang='lat' dir='ltr'>et</span> <span class='ocrx_word' id='word_1_176' title='bbox 408 1302 609 1357; x_wconf 82' lang='lat' dir='ltr'>agitantis</span> <span class='ocrx_word' id='word_1_177' title='bbox 631 1301 818 1342; x_wconf 87' lang='lat' dir='ltr'>motibus</span> <span class='ocrx_word' id='word_1_178' title='bbox 847 1309 891 1341; x_wconf 91' lang='lat' dir='ltr'>et</span> <span class='ocrx_word' id='word_1_179' title='bbox 920 1298 1228 1340; x_wconf 87' lang='lat' dir='ltr'>mutationibus</span> <span class='ocrx_word' id='word_1_180' title='bbox 1250 1297 1350 1338; x_wconf 89' lang='lat' dir='ltr'>suis.</span> <span class='ocrx_word' id='word_1_181' title='bbox 1411 1297 1498 1338; x_wconf 89' lang='lat' dir='ltr'>Ita-</span> <span class='ocrx_word' id='word_1_182' title='bbox 1511 1300 1568 1337; x_wconf 75' lang='grc'>28,</span> 
     </span>
     <span class='ocr_line' id='line_1_22' title="bbox 62 1355 1502 1415; baseline -0.006 -14"><span class='ocrx_word' id='word_1_183' title='bbox 62 1375 145 1415; x_wconf 90' lang='lat' dir='ltr'>que</span> <span class='ocrx_word' id='word_1_184' title='bbox 176 1359 249 1400; x_wconf 88' lang='lat' dir='ltr'>illa</span> <span class='ocrx_word' id='word_1_185' title='bbox 279 1359 383 1400; x_wconf 81' lang='lat' dir='ltr'>mihi</span> <span class='ocrx_word' id='word_1_186' title='bbox 415 1360 610 1414; x_wconf 89' lang='lat' dir='ltr'>placebat</span> <span class='ocrx_word' id='word_1_187' title='bbox 637 1358 772 1399; x_wconf 88' lang='lat' dir='ltr'>oratio</span> <span class='ocrx_word' id='word_1_188' title='bbox 802 1357 854 1397; x_wconf 92' lang='lat' dir='ltr'>de</span> <span class='ocrx_word' id='word_1_189' title='bbox 888 1355 1189 1405; x_wconf 87' lang='lat' dir='ltr'>convenientia,</span> <span class='ocrx_word' id='word_1_190' title='bbox 1210 1368 1502 1409; x_wconf 89' lang='lat' dir='ltr'>consensuque</span> 
     </span>
     <span class='ocr_line' id='line_1_23' title="bbox 62 1410 1503 1471; baseline -0.006 -13"><span class='ocrx_word' id='word_1_191' title='bbox 62 1424 103 1449; x_wconf 75' lang='lat'>30</span> <span class='ocrx_word' id='word_1_192' title='bbox 118 1425 292 1469; x_wconf 86' lang='lat' dir='ltr'>naturae,</span> <span class='ocrx_word' id='word_1_193' title='bbox 328 1431 456 1471; x_wconf 88' lang='lat' dir='ltr'>quam</span> <span class='ocrx_word' id='word_1_194' title='bbox 491 1415 611 1471; x_wconf 87' lang='lat' dir='ltr'>quasi</span> <span class='ocrx_word' id='word_1_195' title='bbox 649 1414 903 1470; x_wconf 85' lang='lat' dir='ltr'>cognatione</span> <span class='ocrx_word' id='word_1_196' title='bbox 938 1412 1228 1454; x_wconf 87' lang='lat' dir='ltr'>continuatam</span> <span class='ocrx_word' id='word_1_197' title='bbox 1262 1410 1503 1466; x_wconf 82' lang='lat' dir='ltr'>conspirare</span> 
     </span>
     <span class='ocr_line' id='line_1_24' title="bbox 62 1467 1506 1528; baseline -0.005 -14"><span class='ocrx_word' id='word_1_198' title='bbox 62 1473 247 1515; x_wconf 83' lang='lat' dir='ltr'>dicebas.</span> <span class='ocrx_word' id='word_1_199' title='bbox 305 1472 420 1514; x_wconf 90' lang='lat' dir='ltr'>Illud</span> <span class='ocrx_word' id='word_1_200' title='bbox 441 1487 526 1513; x_wconf 90' lang='lat' dir='ltr'>non</span> <span class='ocrx_word' id='word_1_201' title='bbox 545 1472 792 1528; x_wconf 86' lang='lat' dir='ltr'>probabam,</span> <span class='ocrx_word' id='word_1_202' title='bbox 811 1470 926 1526; x_wconf 92' lang='lat' dir='ltr'>quod</span> <span class='ocrx_word' id='word_1_203' title='bbox 947 1469 1132 1525; x_wconf 80' lang='lat' dir='ltr'>negabas</span> <span class='ocrx_word' id='word_1_204' title='bbox 1154 1468 1198 1508; x_wconf 87' lang='lat' dir='ltr'>id</span> <span class='ocrx_word' id='word_1_205' title='bbox 1218 1467 1408 1508; x_wconf 87' lang='lat' dir='ltr'>accidere</span> <span class='ocrx_word' id='word_1_206' title='bbox 1426 1482 1506 1522; x_wconf 91' lang='lat' dir='ltr'>po-</span> 
     </span>
     <span class='ocr_line' id='line_1_25' title="bbox 62 1524 1505 1583; baseline -0.005 -12"><span class='ocrx_word' id='word_1_207' title='bbox 62 1530 207 1580; x_wconf 88' lang='lat' dir='ltr'>tuisse,</span> <span class='ocrx_word' id='word_1_208' title='bbox 229 1537 266 1561; x_wconf 78' lang='lat'>31</span> <span class='ocrx_word' id='word_1_209' title='bbox 283 1529 361 1569; x_wconf 83' lang='lat' dir='ltr'>nisi</span> <span class='ocrx_word' id='word_1_210' title='bbox 390 1544 441 1570; x_wconf 92' lang='lat' dir='ltr'>ea</span> <span class='ocrx_word' id='word_1_211' title='bbox 472 1544 559 1570; x_wconf 91' lang='lat' dir='ltr'>uno</span> <span class='ocrx_word' id='word_1_212' title='bbox 586 1529 726 1569; x_wconf 85' lang='lat' dir='ltr'>divino</span> <span class='ocrx_word' id='word_1_213' title='bbox 757 1527 907 1583; x_wconf 85' lang='lat' dir='ltr'>spiritu</span> <span class='ocrx_word' id='word_1_214' title='bbox 940 1527 1239 1568; x_wconf 86' lang='lat' dir='ltr'>contineretur.</span> <span class='ocrx_word' id='word_1_215' title='bbox 1298 1524 1378 1565; x_wconf 81' lang='lat' dir='ltr'>Illa</span> <span class='ocrx_word' id='word_1_216' title='bbox 1406 1538 1505 1564; x_wconf 86' lang='lat' dir='ltr'>vero</span> 
     </span>
     <span class='ocr_line' id='line_1_26' title="bbox 62 1582 1504 1641; baseline -0.005 -14"><span class='ocrx_word' id='word_1_217' title='bbox 62 1587 262 1637; x_wconf 88' lang='lat' dir='ltr'>cohaeret,</span> <span class='ocrx_word' id='word_1_218' title='bbox 293 1595 336 1626; x_wconf 90' lang='lat' dir='ltr'>et</span> <span class='ocrx_word' id='word_1_219' title='bbox 364 1594 583 1641; x_wconf 91' lang='lat' dir='ltr'>permanet</span> <span class='ocrx_word' id='word_1_220' title='bbox 615 1595 775 1626; x_wconf 83' lang='lat' dir='ltr'>naturae</span> <span class='ocrx_word' id='word_1_221' title='bbox 806 1584 977 1635; x_wconf 90' lang='lat' dir='ltr'>viribus,</span> <span class='ocrx_word' id='word_1_222' title='bbox 1000 1598 1084 1624; x_wconf 90' lang='lat' dir='ltr'>non</span> <span class='ocrx_word' id='word_1_223' title='bbox 1118 1582 1324 1623; x_wconf 90' lang='lat' dir='ltr'>deorum:</span> <span class='ocrx_word' id='word_1_224' title='bbox 1356 1589 1504 1636; x_wconf 87' lang='lat' dir='ltr'>estque</span> 
     </span>
     <span class='ocr_line' id='line_1_27' title="bbox 60 1638 1502 1697; baseline -0.005 -13"><span class='ocrx_word' id='word_1_225' title='bbox 60 1643 106 1684; x_wconf 90' lang='lat' dir='ltr'>in</span> <span class='ocrx_word' id='word_1_226' title='bbox 137 1658 187 1684; x_wconf 91' lang='lat' dir='ltr'>ea</span> <span class='ocrx_word' id='word_1_227' title='bbox 218 1643 296 1684; x_wconf 90' lang='lat' dir='ltr'>iste</span> <span class='ocrx_word' id='word_1_228' title='bbox 329 1643 448 1697; x_wconf 90' lang='lat' dir='ltr'>quasi</span> <span class='ocrx_word' id='word_1_229' title='bbox 478 1656 721 1692; x_wconf 90' lang='lat' dir='ltr'>consensus,</span> <span class='ocrx_word' id='word_1_230' title='bbox 743 1656 871 1697; x_wconf 88' lang='lat' dir='ltr'>quam</span> <span class='ocrx_word' id='word_1_231' title='bbox 900 1640 1132 1694; x_wconf 70' lang='grc' dir='ltr'><em>συμπάθειαν</em></span> <span class='ocrx_word' id='word_1_232' title='bbox 1155 1638 1295 1679; x_wconf 81' lang='lat' dir='ltr'>Graeci</span> <span class='ocrx_word' id='word_1_233' title='bbox 1319 1646 1502 1678; x_wconf 89' lang='lat' dir='ltr'>vocant:</span> 
     </span>
     <span class='ocr_line' id='line_1_28' title="bbox 61 1694 1506 1755; baseline -0.006 -14"><span class='ocrx_word' id='word_1_234' title='bbox 61 1699 138 1741; x_wconf 89' lang='lat' dir='ltr'>sed</span> <span class='ocrx_word' id='word_1_235' title='bbox 168 1714 230 1750; x_wconf 89' lang='lat' dir='ltr'>ea,</span> <span class='ocrx_word' id='word_1_236' title='bbox 252 1713 339 1755; x_wconf 91' lang='lat' dir='ltr'>quo</span> <span class='ocrx_word' id='word_1_237' title='bbox 371 1714 447 1740; x_wconf 84' lang='lat' dir='ltr'>sua</span> <span class='ocrx_word' id='word_1_238' title='bbox 479 1707 632 1754; x_wconf 89' lang='lat' dir='ltr'>sponte</span> <span class='ocrx_word' id='word_1_239' title='bbox 664 1697 801 1754; x_wconf 91' lang='lat' dir='ltr'>major</span> <span class='ocrx_word' id='word_1_240' title='bbox 830 1707 909 1749; x_wconf 90' lang='lat' dir='ltr'>est,</span> <span class='ocrx_word' id='word_1_241' title='bbox 930 1712 980 1738; x_wconf 94' lang='lat' dir='ltr'>eo</span> <span class='ocrx_word' id='word_1_242' title='bbox 1011 1696 1149 1737; x_wconf 88' lang='lat' dir='ltr'>minus</span> <span class='ocrx_word' id='word_1_243' title='bbox 1177 1694 1315 1736; x_wconf 84' lang='lat' dir='ltr'>divina</span> <span class='ocrx_word' id='word_1_244' title='bbox 1343 1695 1506 1735; x_wconf 87' lang='lat' dir='ltr'>ratione</span> 
     </span>
     <span class='ocr_line' id='line_1_29' title="bbox 65 1755 547 1798; baseline -0.002 -1"><span class='ocrx_word' id='word_1_245' title='bbox 65 1756 153 1798; x_wconf 90' lang='lat' dir='ltr'>fieri</span> <span class='ocrx_word' id='word_1_246' title='bbox 173 1755 451 1798; x_wconf 85' lang='lat' dir='ltr'>existimanda</span> <span class='ocrx_word' id='word_1_247' title='bbox 470 1764 547 1797; x_wconf 87' lang='lat' dir='ltr'>est.</span> 
     </span>
    </p>

    <p class='ocr_par' dir='ltr' id='par_1_3' title="bbox 65 1802 1586 2209">
     <span class='ocr_line' id='line_1_30' title="bbox 123 1802 1586 1867; baseline -0.004 -13"><span class='ocrx_word' id='word_1_248' title='bbox 123 1813 202 1854; x_wconf 87' lang='lat' dir='ltr'>Illa</span> <span class='ocrx_word' id='word_1_249' title='bbox 223 1822 381 1863; x_wconf 88' lang='lat' dir='ltr'>autem,</span> <span class='ocrx_word' id='word_1_250' title='bbox 403 1828 497 1867; x_wconf 88' lang='lat' dir='ltr'>quae</span> <span class='ocrx_word' id='word_1_251' title='bbox 520 1811 758 1853; x_wconf 87' lang='lat' dir='ltr'>Carneades</span> <span class='ocrx_word' id='word_1_252' title='bbox 788 1810 1003 1861; x_wconf 80' lang='lat' dir='ltr'>afferebat,</span> <span class='ocrx_word' id='word_1_253' title='bbox 1025 1807 1388 1866; x_wconf 87' lang='lat' dir='ltr'>quemadmodum</span> <span class='ocrx_word' id='word_1_254' title='bbox 1418 1807 1504 1848; x_wconf 87' lang='lat' dir='ltr'>dis·</span> <span class='ocrx_word' id='word_1_255' title='bbox 1522 1802 1586 1849; x_wconf 77' lang='lat'>12</span> 
     </span>
     <span class='ocr_line' id='line_1_31' title="bbox 65 1865 1568 1924; baseline -0.003 -14"><span class='ocrx_word' id='word_1_256' title='bbox 65 1869 252 1911; x_wconf 84' lang='lat' dir='ltr'>solvitis?</span> <span class='ocrx_word' id='word_1_257' title='bbox 287 1869 331 1909; x_wconf 93' lang='lat' dir='ltr'>Si</span> <span class='ocrx_word' id='word_1_258' title='bbox 349 1869 511 1909; x_wconf 90' lang='lat' dir='ltr'>nullum</span> <span class='ocrx_word' id='word_1_259' title='bbox 531 1883 685 1924; x_wconf 89' lang='lat' dir='ltr'>corpus</span> <span class='ocrx_word' id='word_1_260' title='bbox 706 1867 946 1909; x_wconf 88' lang='lat' dir='ltr'>immortale</span> <span class='ocrx_word' id='word_1_261' title='bbox 969 1867 1036 1918; x_wconf 87' lang='lat' dir='ltr'>sit,</span> <span class='ocrx_word' id='word_1_262' title='bbox 1055 1865 1217 1906; x_wconf 90' lang='lat' dir='ltr'>nullum</span> <span class='ocrx_word' id='word_1_263' title='bbox 1239 1880 1331 1906; x_wconf 88' lang='lat' dir='ltr'>esse</span> <span class='ocrx_word' id='word_1_264' title='bbox 1350 1878 1504 1920; x_wconf 90' lang='lat' dir='ltr'>corpus</span> <span class='ocrx_word' id='word_1_265' title='bbox 1517 1878 1568 1919; x_wconf 84' lang='lat'>29</span> 
     </span>
     <span class='ocr_line' id='line_1_32' title="bbox 67 1922 1505 1981; baseline -0.003 -14"><span class='ocrx_word' id='word_1_266' title='bbox 67 1926 387 1981; x_wconf 88' lang='lat' dir='ltr'>sempiternum.</span> <span class='ocrx_word' id='word_1_267' title='bbox 417 1939 571 1981; x_wconf 88' lang='lat' dir='ltr'>corpus</span> <span class='ocrx_word' id='word_1_268' title='bbox 602 1935 744 1966; x_wconf 86' lang='lat' dir='ltr'>autem</span> <span class='ocrx_word' id='word_1_269' title='bbox 777 1923 1016 1965; x_wconf 89' lang='lat' dir='ltr'>immortale</span> <span class='ocrx_word' id='word_1_270' title='bbox 1043 1922 1210 1963; x_wconf 89' lang='lat' dir='ltr'>nullum</span> <span class='ocrx_word' id='word_1_271' title='bbox 1240 1937 1345 1973; x_wconf 88' lang='lat' dir='ltr'>esse,</span> <span class='ocrx_word' id='word_1_272' title='bbox 1367 1937 1418 1962; x_wconf 91' lang='lat' dir='ltr'>ne</span> <span class='ocrx_word' id='word_1_273' title='bbox 1440 1922 1505 1962; x_wconf 87' lang='lat' dir='ltr'>in-</span> 
     </span>
     <span class='ocr_line' id='line_1_33' title="bbox 69 1979 1507 2038; baseline -0.004 -14"><span class='ocrx_word' id='word_1_274' title='bbox 69 1983 284 2024; x_wconf 89' lang='lat' dir='ltr'>dividuum</span> <span class='ocrx_word' id='word_1_275' title='bbox 320 1981 507 2038; x_wconf 87' lang='lat' dir='ltr'>quidem,</span> <span class='ocrx_word' id='word_1_276' title='bbox 543 1996 618 2023; x_wconf 89' lang='lat' dir='ltr'>nec</span> <span class='ocrx_word' id='word_1_277' title='bbox 653 1981 770 2038; x_wconf 91' lang='lat' dir='ltr'>quod</span> <span class='ocrx_word' id='word_1_278' title='bbox 805 1980 943 2021; x_wconf 87' lang='lat' dir='ltr'>dirimi</span> <span class='ocrx_word' id='word_1_279' title='bbox 980 1979 1204 2021; x_wconf 85' lang='lat' dir='ltr'>distrahive</span> <span class='ocrx_word' id='word_1_280' title='bbox 1239 1994 1323 2020; x_wconf 92' lang='lat' dir='ltr'>non</span> <span class='ocrx_word' id='word_1_281' title='bbox 1357 1979 1507 2034; x_wconf 87' lang='lat' dir='ltr'>possit.</span> 
     </span>
     <span class='ocr_line' id='line_1_34' title="bbox 70 2035 1510 2095; baseline -0.003 -14"><span class='ocrx_word' id='word_1_282' title='bbox 70 2039 271 2095; x_wconf 88' lang='lat' dir='ltr'>Cumque</span> <span class='ocrx_word' id='word_1_283' title='bbox 293 2053 420 2080; x_wconf 90' lang='lat' dir='ltr'>omne</span> <span class='ocrx_word' id='word_1_284' title='bbox 442 2039 596 2080; x_wconf 88' lang='lat' dir='ltr'>animal</span> <span class='ocrx_word' id='word_1_285' title='bbox 616 2038 832 2094; x_wconf 88' lang='lat' dir='ltr'>patibilem</span> <span class='ocrx_word' id='word_1_286' title='bbox 854 2047 1045 2079; x_wconf 89' lang='lat' dir='ltr'>naturam</span> <span class='ocrx_word' id='word_1_287' title='bbox 1068 2036 1237 2086; x_wconf 87' lang='lat' dir='ltr'>habeat,</span> <span class='ocrx_word' id='word_1_288' title='bbox 1258 2035 1421 2077; x_wconf 86' lang='lat' dir='ltr'>nullum</span> <span class='ocrx_word' id='word_1_289' title='bbox 1445 2044 1510 2076; x_wconf 86' lang='lat' dir='ltr'>est</span> 
     </span>
     <span class='ocr_line' id='line_1_35' title="bbox 66 2092 1509 2152; baseline -0.003 -15"><span class='ocrx_word' id='word_1_290' title='bbox 66 2110 231 2147; x_wconf 88' lang='lat' dir='ltr'>eorum,</span> <span class='ocrx_word' id='word_1_291' title='bbox 263 2096 379 2152; x_wconf 90' lang='lat' dir='ltr'>quod</span> <span class='ocrx_word' id='word_1_292' title='bbox 406 2096 581 2151; x_wconf 83' lang='lat' dir='ltr'>effugiat</span> <span class='ocrx_word' id='word_1_293' title='bbox 611 2094 842 2151; x_wconf 85' lang='lat' dir='ltr'>accipiendi</span> <span class='ocrx_word' id='word_1_294' title='bbox 868 2094 1031 2150; x_wconf 87' lang='lat' dir='ltr'>aliquid</span> <span class='ocrx_word' id='word_1_295' title='bbox 1058 2093 1331 2143; x_wconf 86' lang='lat' dir='ltr'>extrinsecus,</span> <span class='ocrx_word' id='word_1_296' title='bbox 1355 2092 1399 2133; x_wconf 93' lang='lat' dir='ltr'>id</span> <span class='ocrx_word' id='word_1_297' title='bbox 1429 2100 1509 2142; x_wconf 86' lang='lat' dir='ltr'>est,</span> 
     </span>
     <span class='ocr_line' id='line_1_36' title="bbox 67 2149 1509 2209; baseline -0.003 -15"><span class='ocrx_word' id='word_1_298' title='bbox 67 2153 186 2209; x_wconf 88' lang='lat' dir='ltr'>quasi</span> <span class='ocrx_word' id='word_1_299' title='bbox 206 2153 367 2194; x_wconf 85' lang='lat' dir='ltr'>ferendi</span> <span class='ocrx_word' id='word_1_300' title='bbox 395 2161 438 2194; x_wconf 89' lang='lat' dir='ltr'>et</span> <span class='ocrx_word' id='word_1_301' title='bbox 465 2152 653 2209; x_wconf 79' lang='lat' dir='ltr'>patiendi</span> <span class='ocrx_word' id='word_1_302' title='bbox 684 2151 990 2193; x_wconf 89' lang='lat' dir='ltr'>necessitatem.</span> <span class='ocrx_word' id='word_1_303' title='bbox 1051 2158 1090 2182; x_wconf 72' lang='lat'>82</span> <span class='ocrx_word' id='word_1_304' title='bbox 1109 2151 1197 2205; x_wconf 87' lang='lat' dir='ltr'>[Et,</span> <span class='ocrx_word' id='word_1_305' title='bbox 1219 2150 1252 2190; x_wconf 89' lang='lat' dir='ltr'>si</span> <span class='ocrx_word' id='word_1_306' title='bbox 1273 2163 1399 2191; x_wconf 91' lang='lat' dir='ltr'>omne</span> <span class='ocrx_word' id='word_1_307' title='bbox 1419 2149 1509 2190; x_wconf 86' lang='lat' dir='ltr'>ani-</span> 
     </span>
    </p>
   </div>
   <div class='ocr_carea' id='block_1_2' title="bbox 68 2295 769 2424">
    <p class='ocr_par' dir='ltr' id='par_1_4' title="bbox 68 2295 769 2424">
     <span class='ocr_line' id='line_1_37' title="bbox 112 2295 769 2338; baseline -0.008 -8"><span class='ocrx_word' id='word_1_308' title='bbox 112 2306 152 2330; x_wconf 81' lang='lat'>‘28</span> <span class='ocrx_word' id='word_1_309' title='bbox 176 2309 230 2328; x_wconf 89' lang='lat' dir='ltr'>non</span> <span class='ocrx_word' id='word_1_310' title='bbox 251 2295 458 2338; x_wconf 73' lang='lat' dir='ltr'>distinguitur]</span> <span class='ocrx_word' id='word_1_311' title='bbox 477 2298 566 2328; x_wconf 90' lang='lat' dir='ltr'>Forte</span> <span class='ocrx_word' id='word_1_312' title='bbox 589 2295 705 2326; x_wconf 88' lang='lat' dir='ltr'>melius</span> <span class='ocrx_word' id='word_1_313' title='bbox 725 2295 769 2325; x_wconf 81' lang='lat' dir='ltr'>le-</span> 
     </span>
     <span class='ocr_line' id='line_1_38' title="bbox 68 2341 768 2381; baseline -0.004 -9"><span class='ocrx_word' id='word_1_314' title='bbox 68 2351 124 2381; x_wconf 83' lang='lat' dir='ltr'>gas</span> <span class='ocrx_word' id='word_1_315' title='bbox 153 2341 308 2381; x_wconf 79' lang='lat' dir='ltr'>distinguit</span> <span class='ocrx_word' id='word_1_316' title='bbox 333 2351 379 2372; x_wconf 84' lang='lat' dir='ltr'>sc.</span> <span class='ocrx_word' id='word_1_317' title='bbox 407 2341 509 2379; x_wconf 83' lang='lat' dir='ltr'>Zeno,</span> <span class='ocrx_word' id='word_1_318' title='bbox 537 2347 573 2371; x_wconf 90' lang='lat' dir='ltr'>ut</span> <span class='ocrx_word' id='word_1_319' title='bbox 603 2350 681 2370; x_wconf 85' lang='lat' dir='ltr'>mox</span> <span class='ocrx_word' id='word_1_320' title='bbox 711 2346 768 2376; x_wconf 85' lang='lat' dir='ltr'>est,</span> 
     </span>
     <span class='ocr_line' id='line_1_39' title="bbox 71 2385 289 2424; baseline 0 -9"><span class='ocrx_word' id='word_1_321' title='bbox 71 2385 289 2424; x_wconf 74' lang='lat' dir='ltr'>idem—negat.</span> 
     </span>
    </p>
   </div>
   <div class='ocr_carea' id='block_1_3' title="bbox 810 2295 1512 2420">
    <p class='ocr_par' dir='ltr' id='par_1_5' title="bbox 810 2295 1512 2420">
     <span class='ocr_line' id='line_1_40' title="bbox 834 2295 926 2325; baseline 0 0"><span class='ocrx_word' id='word_1_322' title='bbox 834 2295 926 2325; x_wconf 85' lang='lat' dir='ltr'>lacet.</span> 
     </span>
     <span class='ocr_line' id='line_1_41' title="bbox 812 2305 1512 2377; baseline 0 -10"><span class='ocrx_word' id='word_1_323' title='bbox 812 2305 831 2334; x_wconf 80' lang='lat' dir='ltr'>p</span> <span class='ocrx_word' id='word_1_324' title='bbox 854 2345 891 2368; x_wconf 80' lang='lat'>31</span> <span class='ocrx_word' id='word_1_325' title='bbox 918 2337 974 2367; x_wconf 80' lang='lat' dir='ltr'>nisi</span> <span class='ocrx_word' id='word_1_326' title='bbox 998 2333 1280 2376; x_wconf 66' lang='lat' dir='ltr'>eet—contineretur]</span> <span class='ocrx_word' id='word_1_327' title='bbox 1307 2336 1358 2366; x_wconf 86' lang='lat' dir='ltr'>Sic</span> <span class='ocrx_word' id='word_1_328' title='bbox 1385 2346 1431 2367; x_wconf 85' lang='lat' dir='ltr'>res</span> <span class='ocrx_word' id='word_1_329' title='bbox 1456 2346 1512 2377; x_wconf 91' lang='lat' dir='ltr'>po-</span> 
     </span>
     <span class='ocr_line' id='line_1_42' title="bbox 810 2379 1512 2420; baseline -0.001 -9"><span class='ocrx_word' id='word_1_330' title='bbox 810 2382 907 2411; x_wconf 83' lang='lat' dir='ltr'>stulat</span> <span class='ocrx_word' id='word_1_331' title='bbox 923 2381 995 2420; x_wconf 84' lang='lat' dir='ltr'>legi,</span> <span class='ocrx_word' id='word_1_332' title='bbox 1013 2391 1078 2411; x_wconf 91' lang='lat' dir='ltr'>non</span> <span class='ocrx_word' id='word_1_333' title='bbox 1099 2380 1310 2411; x_wconf 78' lang='lat' dir='ltr'>continerentur</span> <span class='ocrx_word' id='word_1_334' title='bbox 1332 2386 1369 2409; x_wconf 92' lang='lat' dir='ltr'>ut</span> <span class='ocrx_word' id='word_1_335' title='bbox 1390 2379 1512 2419; x_wconf 87' lang='lat' dir='ltr'>vulgati</span> 
     </span>
    </p>
   </div>
   <div class='ocr_carea' id='block_1_4' title="bbox 69 2423 774 2901">
    <p class='ocr_par' dir='ltr' id='par_1_6' title="bbox 69 2423 770 2768">
     <span class='ocr_line' id='line_1_43' title="bbox 115 2423 767 2466; baseline -0.005 -9"><span class='ocrx_word' id='word_1_336' title='bbox 115 2435 156 2460; x_wconf 79' lang='lat'>29</span> <span class='ocrx_word' id='word_1_337' title='bbox 171 2427 244 2457; x_wconf 87' lang='lat' dir='ltr'>unde</span> <span class='ocrx_word' id='word_1_338' title='bbox 258 2425 455 2457; x_wconf 77' lang='lat' dir='ltr'>animum—si</span> <span class='ocrx_word' id='word_1_339' title='bbox 466 2423 576 2466; x_wconf 84' lang='lat' dir='ltr'>nullus]</span> <span class='ocrx_word' id='word_1_340' title='bbox 594 2426 645 2455; x_wconf 90' lang='lat' dir='ltr'>Sic</span> <span class='ocrx_word' id='word_1_341' title='bbox 661 2425 767 2464; x_wconf 84' lang='lat' dir='ltr'>legen—</span> 
     </span>
     <span class='ocr_line' id='line_1_44' title="bbox 69 2467 767 2508; baseline -0.004 -8"><span class='ocrx_word' id='word_1_342' title='bbox 69 2470 164 2506; x_wconf 88' lang='lat' dir='ltr'>dum,</span> <span class='ocrx_word' id='word_1_343' title='bbox 194 2480 259 2500; x_wconf 92' lang='lat' dir='ltr'>non</span> <span class='ocrx_word' id='word_1_344' title='bbox 288 2467 552 2504; x_wconf 82' lang='lat' dir='ltr'>animam—nulla,</span> <span class='ocrx_word' id='word_1_345' title='bbox 584 2476 619 2498; x_wconf 89' lang='lat' dir='ltr'>ut</span> <span class='ocrx_word' id='word_1_346' title='bbox 648 2468 767 2508; x_wconf 79' lang='lat' dir='ltr'>vulgati</span> 
     </span>
     <span class='ocr_line' id='line_1_45' title="bbox 70 2512 768 2551; baseline -0.003 -9"><span class='ocrx_word' id='word_1_347' title='bbox 70 2514 202 2543; x_wconf 89' lang='lat' dir='ltr'>habent.</span> <span class='ocrx_word' id='word_1_348' title='bbox 218 2512 297 2543; x_wconf 87' lang='lat' dir='ltr'>illud</span> <span class='ocrx_word' id='word_1_349' title='bbox 313 2514 372 2543; x_wconf 83' lang='lat' dir='ltr'>fuit</span> <span class='ocrx_word' id='word_1_350' title='bbox 387 2513 420 2543; x_wconf 91' lang='lat' dir='ltr'>in</span> <span class='ocrx_word' id='word_1_351' title='bbox 437 2513 501 2542; x_wconf 88' lang='lat' dir='ltr'>Ms.</span> <span class='ocrx_word' id='word_1_352' title='bbox 518 2512 595 2551; x_wconf 85' lang='lat' dir='ltr'>Reg.</span> <span class='ocrx_word' id='word_1_353' title='bbox 612 2512 705 2542; x_wconf 82' lang='lat' dir='ltr'>Paris.</span> <span class='ocrx_word' id='word_1_354' title='bbox 722 2512 768 2541; x_wconf 85' lang='lat' dir='ltr'>sic</span> 
     </span>
     <span class='ocr_line' id='line_1_46' title="bbox 70 2554 768 2587; baseline -0.004 0"><span class='ocrx_word' id='word_1_355' title='bbox 70 2564 103 2587; x_wconf 85' lang='lat' dir='ltr'>et</span> <span class='ocrx_word' id='word_1_356' title='bbox 128 2555 273 2586; x_wconf 86' lang='lat' dir='ltr'>librarius</span> <span class='ocrx_word' id='word_1_357' title='bbox 295 2556 328 2585; x_wconf 91' lang='lat' dir='ltr'>in</span> <span class='ocrx_word' id='word_1_358' title='bbox 353 2556 416 2586; x_wconf 87' lang='lat' dir='ltr'>Ms.</span> <span class='ocrx_word' id='word_1_359' title='bbox 433 2555 540 2586; x_wconf 84' lang='lat' dir='ltr'>Guelf.</span> <span class='ocrx_word' id='word_1_360' title='bbox 561 2556 634 2585; x_wconf 89' lang='lat' dir='ltr'>dare</span> <span class='ocrx_word' id='word_1_361' title='bbox 655 2554 768 2584; x_wconf 89' lang='lat' dir='ltr'>voluit.</span> 
     </span>
     <span class='ocr_line' id='line_1_47' title="bbox 73 2597 769 2637; baseline -0.004 -8"><span class='ocrx_word' id='word_1_362' title='bbox 73 2609 151 2629; x_wconf 86' lang='lat' dir='ltr'>narn</span> <span class='ocrx_word' id='word_1_363' title='bbox 168 2599 209 2628; x_wconf 87' lang='lat' dir='ltr'>ibi</span> <span class='ocrx_word' id='word_1_364' title='bbox 226 2605 273 2628; x_wconf 88' lang='lat' dir='ltr'>est</span> <span class='ocrx_word' id='word_1_365' title='bbox 286 2599 417 2637; x_wconf 89' lang='lat' dir='ltr'>quidem</span> <span class='ocrx_word' id='word_1_366' title='bbox 432 2599 571 2635; x_wconf 84' lang='lat' dir='ltr'>animam,</span> <span class='ocrx_word' id='word_1_367' title='bbox 586 2599 640 2628; x_wconf 90' lang='lat' dir='ltr'>sed</span> <span class='ocrx_word' id='word_1_368' title='bbox 661 2597 769 2634; x_wconf 83' lang='lat' dir='ltr'>nullus,</span> 
     </span>
     <span class='ocr_line' id='line_1_48' title="bbox 74 2641 770 2681; baseline -0.001 -9"><span class='ocrx_word' id='word_1_369' title='bbox 74 2649 111 2672; x_wconf 83' lang='lat' dir='ltr'>ut</span> <span class='ocrx_word' id='word_1_370' title='bbox 133 2643 166 2672; x_wconf 90' lang='lat' dir='ltr'>in</span> <span class='ocrx_word' id='word_1_371' title='bbox 190 2642 252 2672; x_wconf 87' lang='lat' dir='ltr'>Ms.</span> <span class='ocrx_word' id='word_1_372' title='bbox 272 2651 371 2680; x_wconf 85' lang='lat' dir='ltr'>marg.</span> <span class='ocrx_word' id='word_1_373' title='bbox 390 2642 501 2672; x_wconf 89' lang='lat' dir='ltr'>Lamb.</span> <span class='ocrx_word' id='word_1_374' title='bbox 523 2648 619 2681; x_wconf 83' lang='lat' dir='ltr'>atque</span> <span class='ocrx_word' id='word_1_375' title='bbox 644 2642 678 2671; x_wconf 91' lang='lat' dir='ltr'>in</span> <span class='ocrx_word' id='word_1_376' title='bbox 699 2641 770 2671; x_wconf 89' lang='lat' dir='ltr'>loco</span> 
     </span>
     <span class='ocr_line' id='line_1_49' title="bbox 72 2684 770 2725; baseline 0 -10"><span class='ocrx_word' id='word_1_377' title='bbox 72 2685 308 2725; x_wconf 85' lang='lat' dir='ltr'>Xenophontis,</span> <span class='ocrx_word' id='word_1_378' title='bbox 336 2685 421 2714; x_wconf 89' lang='lat' dir='ltr'>unde</span> <span class='ocrx_word' id='word_1_379' title='bbox 445 2684 506 2713; x_wconf 91' lang='lat' dir='ltr'>hoc</span> <span class='ocrx_word' id='word_1_380' title='bbox 530 2692 588 2722; x_wconf 89' lang='lat' dir='ltr'>est,</span> <span class='ocrx_word' id='word_1_381' title='bbox 615 2685 770 2725; x_wconf 81' lang='lat' dir='ltr'>scriptum</span> 
     </span>
     <span class='ocr_line' id='line_1_50' title="bbox 73 2726 613 2768; baseline -0.004 -10"><span class='ocrx_word' id='word_1_382' title='bbox 73 2734 121 2759; x_wconf 83' lang='lat' dir='ltr'>est</span> <span class='ocrx_word' id='word_1_383' title='bbox 135 2727 316 2768; x_wconf 50' lang='grc' dir='ltr'>συναρπάσαι</span> <span class='ocrx_word' id='word_1_384' title='bbox 332 2726 399 2764; x_wconf 70' lang='grc' dir='ltr'><em>νοῦν,</em></span> <span class='ocrx_word' id='word_1_385' title='bbox 416 2736 481 2757; x_wconf 88' lang='lat' dir='ltr'>non</span> <span class='ocrx_word' id='word_1_386' title='bbox 498 2727 613 2765; x_wconf 70' lang='grc' dir='ltr'><em>ψυχήν.</em></span> 
     </span>
    </p>

    <p class='ocr_par' dir='ltr' id='par_1_7' title="bbox 76 2769 774 2901">
     <span class='ocr_line' id='line_1_51' title="bbox 118 2769 772 2809; baseline -0.002 -8"><span class='ocrx_word' id='word_1_387' title='bbox 118 2777 159 2801; x_wconf 79' lang='grc'>30</span> <span class='ocrx_word' id='word_1_388' title='bbox 172 2769 492 2809; x_wconf 51' lang='lat' dir='ltr'>naturae—cognatione</span> <span class='ocrx_word' id='word_1_389' title='bbox 503 2770 699 2800; x_wconf 81' lang='lat' dir='ltr'>continuatam</span> <span class='ocrx_word' id='word_1_390' title='bbox 708 2781 772 2800; x_wconf 83' lang='lat' dir='ltr'>con—</span> 
     </span>
     <span class='ocr_line' id='line_1_52' title="bbox 76 2811 772 2853; baseline 0.001 -11"><span class='ocrx_word' id='word_1_391' title='bbox 76 2811 201 2853; x_wconf 76' lang='lat' dir='ltr'>spirare]</span> <span class='ocrx_word' id='word_1_392' title='bbox 223 2814 371 2844; x_wconf 76' lang='lat' dir='ltr'>Davisius</span> <span class='ocrx_word' id='word_1_393' title='bbox 396 2811 535 2843; x_wconf 84' lang='lat' dir='ltr'>malebat</span> <span class='ocrx_word' id='word_1_394' title='bbox 556 2813 734 2850; x_wconf 81' lang='lat' dir='ltr'>continuata,</span> <span class='ocrx_word' id='word_1_395' title='bbox 750 2813 772 2844; x_wconf 81' lang='lat' dir='ltr'>i.</span> 
     </span>
     <span class='ocr_line' id='line_1_53' title="bbox 76 2855 774 2901; baseline 0 -14"><span class='ocrx_word' id='word_1_396' title='bbox 76 2865 105 2888; x_wconf 80' lang='lat' dir='ltr'>e.</span> <span class='ocrx_word' id='word_1_397' title='bbox 120 2866 193 2898; x_wconf 83' lang='lat' dir='ltr'>quae</span> <span class='ocrx_word' id='word_1_398' title='bbox 210 2867 265 2901; x_wconf 77' lang='lat' dir='ltr'>per</span> <span class='ocrx_word' id='word_1_399' title='bbox 286 2863 391 2890; x_wconf 81' lang='lat' dir='ltr'>totum</span> <span class='ocrx_word' id='word_1_400' title='bbox 413 2855 576 2888; x_wconf 83' lang='lat' dir='ltr'>mundum</span> <span class='ocrx_word' id='word_1_401' title='bbox 597 2856 774 2897; x_wconf 77' lang='lat' dir='ltr'>pertineret.</span> 
     </span>
    </p>
   </div>
   <div class='ocr_carea' id='block_1_5' title="bbox 811 2424 1516 2845">
    <p class='ocr_par' dir='ltr' id='par_1_8' title="bbox 811 2424 1515 2593">
     <span class='ocr_line' id='line_1_54' title="bbox 812 2424 1511 2463; baseline -0.001 -9"><span class='ocrx_word' id='word_1_402' title='bbox 812 2425 954 2463; x_wconf 83' lang='lat' dir='ltr'>habent3</span> <span class='ocrx_word' id='word_1_403' title='bbox 979 2434 1056 2454; x_wconf 85' lang='lat' dir='ltr'>nam</span> <span class='ocrx_word' id='word_1_404' title='bbox 1080 2436 1113 2453; x_wconf 86' lang='lat' dir='ltr'>ea</span> <span class='ocrx_word' id='word_1_405' title='bbox 1139 2424 1273 2463; x_wconf 84' lang='lat' dir='ltr'>pertinet</span> <span class='ocrx_word' id='word_1_406' title='bbox 1299 2424 1337 2453; x_wconf 89' lang='lat' dir='ltr'>ad</span> <span class='ocrx_word' id='word_1_407' title='bbox 1362 2430 1511 2453; x_wconf 87' lang='lat' dir='ltr'>naturam</span> 
     </span>
     <span class='ocr_line' id='line_1_55' title="bbox 811 2466 1512 2507; baseline -0.003 -10"><span class='ocrx_word' id='word_1_408' title='bbox 811 2468 859 2497; x_wconf 84' lang='lat' dir='ltr'>vel</span> <span class='ocrx_word' id='word_1_409' title='bbox 882 2469 1119 2507; x_wconf 81' lang='lat' dir='ltr'>cognationem,</span> <span class='ocrx_word' id='word_1_410' title='bbox 1138 2467 1224 2506; x_wconf 88' lang='lat' dir='ltr'>quod</span> <span class='ocrx_word' id='word_1_411' title='bbox 1240 2473 1270 2496; x_wconf 86' lang='lat' dir='ltr'>et</span> <span class='ocrx_word' id='word_1_412' title='bbox 1288 2476 1365 2496; x_wconf 80' lang='lat' dir='ltr'>mox</span> <span class='ocrx_word' id='word_1_413' title='bbox 1382 2466 1414 2496; x_wconf 88' lang='lat' dir='ltr'>in</span> <span class='ocrx_word' id='word_1_414' title='bbox 1432 2467 1461 2495; x_wconf 89' lang='lat' dir='ltr'>in</span> <span class='ocrx_word' id='word_1_415' title='bbox 1478 2478 1512 2496; x_wconf 80' lang='lat' dir='ltr'>ea</span> 
     </span>
     <span class='ocr_line' id='line_1_56' title="bbox 813 2509 1515 2550; baseline 0 -10"><span class='ocrx_word' id='word_1_416' title='bbox 813 2511 1019 2550; x_wconf 83' lang='lat' dir='ltr'>intelligitur:</span> <span class='ocrx_word' id='word_1_417' title='bbox 1044 2517 1075 2540; x_wconf 91' lang='lat' dir='ltr'>et</span> <span class='ocrx_word' id='word_1_418' title='bbox 1096 2511 1141 2540; x_wconf 87' lang='lat' dir='ltr'>sic</span> <span class='ocrx_word' id='word_1_419' title='bbox 1163 2510 1259 2540; x_wconf 80' lang='lat' dir='ltr'>etiam</span> <span class='ocrx_word' id='word_1_420' title='bbox 1284 2511 1316 2539; x_wconf 91' lang='lat' dir='ltr'>in</span> <span class='ocrx_word' id='word_1_421' title='bbox 1340 2509 1426 2540; x_wconf 90' lang='lat' dir='ltr'>libris</span> <span class='ocrx_word' id='word_1_422' title='bbox 1442 2511 1515 2549; x_wconf 89' lang='lat' dir='ltr'>qui·</span> 
     </span>
     <span class='ocr_line' id='line_1_57' title="bbox 812 2553 1425 2593; baseline 0 -9"><span class='ocrx_word' id='word_1_423' title='bbox 812 2555 947 2584; x_wconf 88' lang='lat' dir='ltr'>busdam</span> <span class='ocrx_word' id='word_1_424' title='bbox 962 2554 1119 2585; x_wconf 82' lang='lat' dir='ltr'>veteribus</span> <span class='ocrx_word' id='word_1_425' title='bbox 1135 2554 1247 2593; x_wconf 87' lang='lat' dir='ltr'>reperit</span> <span class='ocrx_word' id='word_1_426' title='bbox 1266 2553 1425 2584; x_wconf 86' lang='lat' dir='ltr'>Davisius.</span> 
     </span>
    </p>

    <p class='ocr_par' dir='ltr' id='par_1_9' title="bbox 813 2594 1516 2845">
     <span class='ocr_line' id='line_1_58' title="bbox 855 2594 1512 2628; baseline -0.006 -1"><span class='ocrx_word' id='word_1_427' title='bbox 855 2604 895 2628; x_wconf 82' lang='lat'>32</span> <span class='ocrx_word' id='word_1_428' title='bbox 914 2598 956 2626; x_wconf 85' lang='lat' dir='ltr'>Et</span> <span class='ocrx_word' id='word_1_429' title='bbox 972 2597 996 2627; x_wconf 82' lang='lat'>51&#39;</span> <span class='ocrx_word' id='word_1_430' title='bbox 1011 2608 1089 2626; x_wconf 77' lang='lat' dir='ltr'>omne</span> <span class='ocrx_word' id='word_1_431' title='bbox 1104 2596 1218 2626; x_wconf 85' lang='lat' dir='ltr'>animal</span> <span class='ocrx_word' id='word_1_432' title='bbox 1236 2594 1512 2625; x_wconf 82' lang='lat' dir='ltr'>mortale—nullum</span> 
     </span>
     <span class='ocr_line' id='line_1_59' title="bbox 813 2638 1513 2681; baseline -0.006 -11"><span class='ocrx_word' id='word_1_433' title='bbox 813 2639 870 2681; x_wconf 88' lang='lat' dir='ltr'>est]</span> <span class='ocrx_word' id='word_1_434' title='bbox 897 2641 988 2677; x_wconf 83' lang='lat' dir='ltr'>Haec,</span> <span class='ocrx_word' id='word_1_435' title='bbox 1012 2647 1081 2680; x_wconf 85' lang='lat' dir='ltr'>post</span> <span class='ocrx_word' id='word_1_436' title='bbox 1104 2640 1298 2669; x_wconf 80' lang='lat' dir='ltr'>necessitatem</span> <span class='ocrx_word' id='word_1_437' title='bbox 1320 2639 1353 2669; x_wconf 91' lang='lat' dir='ltr'>in</span> <span class='ocrx_word' id='word_1_438' title='bbox 1375 2638 1513 2677; x_wconf 81' lang='lat' dir='ltr'>vulgatis</span> 
     </span>
     <span class='ocr_line' id='line_1_60' title="bbox 813 2682 1514 2721; baseline -0.004 -8"><span class='ocrx_word' id='word_1_439' title='bbox 813 2685 929 2721; x_wconf 84' lang='lat' dir='ltr'>addita,</span> <span class='ocrx_word' id='word_1_440' title='bbox 945 2684 1079 2714; x_wconf 84' lang='lat' dir='ltr'>delenda</span> <span class='ocrx_word' id='word_1_441' title='bbox 1100 2690 1186 2714; x_wconf 88' lang='lat' dir='ltr'>sunt.</span> <span class='ocrx_word' id='word_1_442' title='bbox 1211 2692 1288 2712; x_wconf 91' lang='lat' dir='ltr'>nam</span> <span class='ocrx_word' id='word_1_443' title='bbox 1305 2688 1335 2712; x_wconf 88' lang='lat' dir='ltr'>et</span> <span class='ocrx_word' id='word_1_444' title='bbox 1357 2682 1473 2711; x_wconf 88' lang='lat' dir='ltr'>absunt</span> <span class='ocrx_word' id='word_1_445' title='bbox 1494 2689 1514 2710; x_wconf 88' lang='lat' dir='ltr'>a</span> 
     </span>
     <span class='ocr_line' id='line_1_61' title="bbox 814 2724 1516 2767; baseline -0.009 -9"><span class='ocrx_word' id='word_1_446' title='bbox 814 2727 897 2758; x_wconf 88' lang='lat' dir='ltr'>Mss.</span> <span class='ocrx_word' id='word_1_447' title='bbox 919 2727 1061 2767; x_wconf 87' lang='lat' dir='ltr'>pluribus</span> <span class='ocrx_word' id='word_1_448' title='bbox 1093 2728 1188 2757; x_wconf 83' lang='lat' dir='ltr'>etiarn</span> <span class='ocrx_word' id='word_1_449' title='bbox 1217 2725 1324 2755; x_wconf 86' lang='lat' dir='ltr'>Guelf.</span> <span class='ocrx_word' id='word_1_450' title='bbox 1355 2732 1386 2754; x_wconf 86' lang='lat' dir='ltr'>et</span> <span class='ocrx_word' id='word_1_451' title='bbox 1414 2724 1516 2762; x_wconf 84' lang='lat' dir='ltr'>impe-</span> 
     </span>
     <span class='ocr_line' id='line_1_62' title="bbox 814 2767 1514 2802; baseline -0.006 -3"><span class='ocrx_word' id='word_1_452' title='bbox 814 2771 908 2800; x_wconf 81' lang='lat' dir='ltr'>diunt</span> <span class='ocrx_word' id='word_1_453' title='bbox 928 2772 1043 2802; x_wconf 82' lang='lat' dir='ltr'>seriem</span> <span class='ocrx_word' id='word_1_454' title='bbox 1069 2768 1297 2802; x_wconf 79' lang='lat' dir='ltr'>conclusionis.</span> <span class='ocrx_word' id='word_1_455' title='bbox 1342 2768 1443 2798; x_wconf 87' lang='lat' dir='ltr'>Uneis</span> <span class='ocrx_word' id='word_1_456' title='bbox 1466 2767 1514 2795; x_wconf 82' lang='lat' dir='ltr'>in-</span> 
     </span>
     <span class='ocr_line' id='line_1_63' title="bbox 815 2813 908 2845; baseline 0.011 -1"><span class='ocrx_word' id='word_1_457' title='bbox 815 2813 908 2845; x_wconf 84' lang='lat' dir='ltr'>clusi.</span> 
     </span>
    </p>
   </div>
  </div>
 </body>
</html>
