1778 3095
278 164 357 198 558
724 159 802 196 DE
838 159 1263 200 DIVINATIONE

550 356 631 409 M.
669 356 949 410 TULLII
988 358 1426 412 CICERONIS

961 487 1016 512 DF.

493 575 1472 660 DIVINATIONE,

666 706 868 747 LIBER
909 704 1301 749 SECUNDUS.

850 831 1096 854 -ῴ-

779 928 926 966 ARGU
932 928 1189 965 MENTUM.

268 1004 342 1042 Hoc
359 1002 442 1040 libro
460 1002 643 1040 continetur
660 1002 821 1040 Ciceronis
841 1012 955 1040 contra
977 1002 1121 1040 Stoicam
1140 1003 1298 1040 rationem
1313 1017 1335 1040 a
1340 1003 1463 1051 fratre
1475 1004 1690 1055 explanatam

318 1066 349 1094 et
367 1057 537 1106 defensam
556 1056 750 1107 disputatio.
806 1057 944 1094 Initium
971 1057 1039 1103 ejus
1059 1066 1109 1093 est
1126 1070 1149 1093 a
1172 1056 1363 1093 Carneadeo
1381 1067 1588 1107 argumento,
1607 1059 1697 1109 quod

315 1111 446 1147 nullam
475 1123 542 1147 esse
568 1109 787 1147 divinationis
815 1119 987 1160 tamquam
1015 1110 1190 1148 materiam
1222 1109 1416 1159 (olgjectum)
1438 1110 1540 1149 docet.
1595 1113 1690 1149 Nam

316 1177 374 1200 nec
390 1173 438 1200 est
455 1176 514 1200 car
516 1177 570 1200 um
591 1176 714 1208 rerum,
735 1176 813 1213 quae
831 1162 977 1200 sensibus
999 1162 1158 1209 subjectae
1174 1172 1266 1206 sunt,
1286 1177 1343 1200 nec
1360 1177 1488 1207 earum,
1507 1179 1585 1216 quae
1602 1165 1690 1202 arti-

317 1217 379 1254 bus
396 1218 615 1260 continentur,
636 1230 692 1253 nec
709 1229 836 1260 earum,
859 1230 937 1267 quae
963 1217 998 1252 in
1018 1215 1222 1268 philosophia
1248 1216 1466 1261 disseruntur,
1484 1231 1542 1254 nec
1557 1231 1688 1264 earum,

313 1284 393 1321 quae
422 1271 457 1307 in
484 1269 652 1320 republica
681 1278 876 1307 versantur.
933 1271 1027 1306 Nam
1051 1269 1138 1321 quod
1162 1269 1330 1307 divinatio
1357 1270 1480 1307 dicitur
1496 1284 1563 1308 esse
1580 1285 1690 1309 rerum

299 1323 554 1371 fhrtuitarttm3
577 1323 738 1374 primum,
757 1324 864 1367 venti,
884 1333 1022 1360 eventus
1049 1323 1244 1366 morborum,
1268 1323 1376 1360 multa
1401 1324 1486 1367 alia,
1512 1334 1591 1360 sunt
1605 1326 1689 1373 flir-

312 1377 416 1421 tuita,
438 1389 540 1427 neque
566 1385 677 1414 tamen
703 1390 720 1413 e
749 1377 932 1414 Stoicorum
960 1386 1062 1414 mente
1088 1377 1290 1415 divinationi
1314 1377 1488 1423 subjecta:
1517 1377 1633 1415 deinde
1657 1378 1691 1415 si

297 1430 453 1479 firtztita
472 1430 544 1467 haec
559 1430 731 1474 dicuntur,
751 1444 828 1481 quae
845 1443 902 1467 nec
920 1431 1045 1467 ratione
1067 1444 1125 1468 nec
1151 1440 1225 1468 arte
1244 1430 1417 1481 provideri
1428 1440 1581 1481 possunt,
1601 1431 1692 1482 quod

311 1484 347 1521 in
360 1485 511 1532 fhrtuna
532 1484 652 1535 positae
677 1492 780 1526 sunt;
809 1484 905 1521 nulla
924 1493 1031 1535 potest
1055 1497 1170 1522 earum
1189 1497 1297 1521 rerum
1317 1497 1384 1520 esse
1396 1485 1588 1534 praesensio,
1608 1499 1688 1536 quae

307 1537 396 1574 nihil
412 1537 534 1574 habent
551 1538 702 1582 rationis,
728 1550 833 1588 quare
847 1537 990 1583 futurae
1013 1539 1094 1575 sint.
1155 1536 1256 1587 Quod
1269 1538 1297 1573 si
1315 1538 1422 1574 omnia
1441 1551 1560 1575 causas
1578 1547 1687 1575 certas

308 1589 445 1635 babent,
464 1590 569 1628 nullae
586 1600 665 1627 sunt
685 1603 735 1628 res
749 1591 927 1640 fhrtuitae,
949 1590 1091 1641 adeoque
1109 1604 1166 1628 nec
1182 1590 1361 1627 divinatio,
1420 1591 1461 1628 Si
1465 1591 1590 1639 fatum
1608 1604 1686 1628 con-

308 1645 390 1681 tinet
408 1645 529 1687 omnia,
548 1645 600 1680 nil
614 1644 782 1682 divinatio
794 1644 938 1695 prodest.
995 1645 1112 1694 Neque
1129 1657 1209 1681 vero
1228 1644 1322 1679 utilis
1339 1643 1524 1680 hominibus
1550 1653 1598 1681 est
1611 1644 1684 1692 fu-

309 1707 463 1734 turarum
492 1711 600 1734 rerum
630 1698 766 1734 scientia
783 1713 795 1733 :
823 1697 913 1748 quod
932 1698 1078 1747 provisio
1100 1697 1259 1734 malorum
1277 1706 1379 1732 totam
1397 1697 1509 1733 vitam
1527 1696 1682 1734 acerbam

307 1760 389 1787 esset
405 1750 591 1793 redditura,
612 1764 713 1801 neque
731 1760 842 1787 tamen
864 1750 931 1787 ullo
957 1750 1059 1792 modo,
1081 1751 1110 1786 si
1123 1750 1245 1797 fatum
1272 1759 1365 1791 essct,
1392 1750 1502 1786 levari
1529 1750 1621 1786 mala
1648 1764 1686 1788 re

306 1803 429 1840 divina
442 1813 584 1854 possent.
605 1817 632 1840 c.
646 1810 754 1841 3-10.
811 1803 882 1841 Sed
898 1802 961 1840 hae
979 1813 1151 1854 tamquam
1178 1803 1262 1839 levis
1285 1812 1473 1839 armaturae
1492 1803 1604 1853 prima
1622 1816 1683 1840 ex-

307 1858 455 1894 cursione
469 1857 593 1904 facta,
625 1858 769 1893 cominus
800 1870 899 1906 agere
930 1858 1058 1907 incipit,
1084 1863 1115 1893 et
1141 1857 1215 1906 ipsa
1241 1869 1364 1892 cornua
1394 1856 1517 1893 Stoicae
1541 1857 1682 1894 rationis

304 1923 505 1948 commovere
533 1910 743 1970 aggreditur.
798 1912 921 1961 ltaque
937 1910 1073 1960 singula
1092 1909 1340 1946 divinationum
1355 1922 1480 1958 genera
1497 1910 1636 1955 excutit,
1650 1920 1683 1948 et

305 1978 412 2015 quare
440 1963 615 2010 rejicienda
646 1964 725 2008 sint,
754 1962 968 2000 demonstrat.
1024 1963 1161 2000 Initium
1178 1963 1276 2011 facit
1302 1962 1348 1999 ab
1377 1963 1620 2013 haruspicina,
1647 1970 1681 2000 et

305 2025 371 2054 toto
384 2030 503 2068 genere
521 2016 711 2063 artificioso,
731 2026 762 2053 et
774 2018 882 2067 primo
900 2024 984 2053 exta
1002 2017 1159 2068 inspicit:
1187 2015 1308 2067 quibus
1327 2030 1406 2066 quae
1416 2017 1582 2077 praesigni
1608 2017 1682 2054 cari

305 2070 477 2113 dicuntur,
492 2084 555 2106 non
566 2079 704 2120 possunt
720 2071 853 2120 cognita
873 2083 941 2107 esse
956 2069 1184 2107 observatione
1201 2070 1378 2114 diuturna,
1397 2083 1497 2120 neque
1514 2071 1588 2121 ipsa
1602 2084 1679 2108 con-

291 2125 508 2172 firmantur,
527 2133 588 2160 aut
606 2133 696 2167 ante,
714 2133 776 2160 aut
802 2125 887 2160 inter
913 2122 1150 2161 immolandum
1177 2138 1199 2161 a
1223 2124 1356 2160 numine
1384 2125 1544 2166 Deorum,
1559 2123 1679 2174 quibus

303 2177 391 2214 nihil
413 2188 462 2214 est
489 2190 564 2214 cum
591 2178 676 2214 extis
699 2190 875 2220 commune,
895 2186 958 2214 aut
977 2177 1024 2215 ab
1039 2178 1113 2228 ipsa
1131 2184 1271 2223 natura,
1290 2177 1355 2219 cui,
1372 2178 1434 2214 etsi
1453 2186 1501 2213 est
1519 2177 1676 2227 quaedam

301 2230 446 2268 omnium
463 2244 574 2267 rerum
591 2231 744 2280 cognatio
765 2230 1005 2280 (συμπάθεια)
1027 2240 1138 2268 tamen
1156 2231 1250 2267 nulla
1269 2245 1343 2267 cum
1367 2231 1453 2268 extis
1480 2231 1677 2267 convenien-

304 2285 356 2321 tia
381 2297 450 2321 esse
470 2293 589 2334 potest.
638 2285 755 2334 Neque
770 2284 911 2334 intelligi
924 2294 1042 2334 potest,
1062 2284 1215 2335 quomodo
1235 2284 1464 2322 immolaturus
1483 2284 1679 2320 convenien-

300 2346 365 2374 tem
392 2337 489 2375 rebus
515 2337 657 2375 hostiam
683 2338 848 2375 inveniat.
906 2338 945 2374 Si
970 2337 1051 2375 duce
1077 2338 1199 2374 divina
1227 2339 1278 2379 vi,
1296 2347 1327 2374 et
1354 2337 1384 2374 si
1409 2337 1631 2373 immutantur
1651 2350 1676 2374 a

301 2391 384 2429 Diis
401 2398 501 2433 exta3
521 2391 607 2428 unde
619 2398 693 2442 post
712 2391 826 2428 tristia
838 2401 917 2428 exta
936 2393 1052 2428 statim
1071 2392 1165 2433 Lesa,
1181 2401 1243 2428 aut
1263 2391 1350 2427 unde
1367 2400 1436 2426 tam
1454 2389 1566 2426 subita
1584 2390 1674 2426 Deo-

298 2458 373 2480 rum
389 2445 537 2495 placatio
552 2448 575 2480 ?
605 2444 691 2481 unde
708 2445 847 2495 denique
862 2444 968 2482 eodem
985 2455 1123 2494 tempore
1141 2445 1186 2480 ab
1203 2444 1279 2480 aliis
1297 2443 1430 2485 litatur,
1451 2442 1495 2479 ab
1514 2442 1591 2480 aliis
1609 2457 1673 2480 non

298 2497 375 2533 item
389 2501 411 2533 ?
431 2511 461 2535 c.
481 2505 540 2536 12.
557 2512 586 2535 st
641 2499 803 2547 Fulgura
823 2507 933 2535 autem
961 2507 992 2534 et
1017 2498 1175 2534 fulmina
1193 2510 1235 2533 ex
1248 2498 1359 2546 prima
1378 2497 1542 2533 hominum
1560 2495 1673 2533 admi-

297 2551 425 2586 ratione
451 2558 483 2587 et
508 2552 621 2587 timore
647 2551 772 2588 credita
790 2560 867 2588 sunt
886 2551 973 2588 mitti
992 2565 1014 2587 a
1033 2552 1132 2587 Jove.
1193 2551 1284 2599 Quia
1304 2559 1413 2585 autem
1432 2559 1512 2586 sunt
1529 2550 1670 2594 incerta,

296 2603 350 2639 nil
364 2604 446 2640 certi
462 2603 652 2654 significare
665 2614 816 2654 possunt.
863 2604 978 2654 Neque
996 2604 1026 2639 si
1044 2603 1126 2654 quid
1135 2602 1452 2654 dor-oesignfioarent,
1476 2603 1561 2640 ratio
1578 2612 1671 2646 esset,

295 2669 400 2707 quare
418 2666 488 2693 tam
510 2658 618 2693 multa
623 2658 766 2705 frustra
785 2659 819 2692 in
837 2657 956 2699 silvas,
975 2663 1110 2701 montes,
1132 2658 1241 2693 maria
1261 2658 1476 2693 mitta-entur.
1528 2655 1628 2706 Quod
1642 2656 1672 2692 si

295 2709 381 2759 quid
395 2709 559 2746 interdum
578 2710 714 2754 accidit,
734 2710 824 2761 quod
834 2710 986 2758 sitlmine
1010 2708 1238 2760 significatum
1265 2711 1377 2746 videri
1397 2710 1515 2760 possit,
1536 2723 1615 2746 casu
1633 2708 1676 2746 id

295 2762 345 2799 ita
364 2772 441 2812 apte
458 2763 561 2801 cadit.
581 2777 609 2800 c.
628 2769 686 2800 18.
706 2777 734 2802 s.
781 2763 936 2800 Ostenta
952 2763 1221 2814 plcroqztefalsa
1240 2772 1329 2800 sunt.
1347 2777 1426 2813 qux
1443 2771 1553 2799 autem
1573 2774 1670 2806 vera,

295 2825 335 2852 ut
353 2825 514 2860 monstra,
533 2829 572 2853 ea
591 2816 731 2854 homines
751 2816 930 2859 mirantur,
949 2818 1029 2867 quia
1049 2830 1110 2853 non
1130 2815 1319 2865 :tepefiunt
1335 2832 1344 2857 ς
1374 2830 1450 2867 quae
1469 2815 1498 2852 si
1527 2817 1587 2852 ieri
1605 2829 1669 2852 non

288 2869 486 2919 potuissent,
506 2883 568 2908 non
582 2871 691 2919 facta
712 2880 817 2907 essent
830 2886 841 2917 5
871 2871 922 2907 sin
944 2878 1138 2922 potuerunt,
1157 2884 1220 2908 non
1238 2869 1400 2909 debebant
1418 2869 1590 2908 mirabilia
1609 2869 1667 2906 vi-
