1778 3095
567 162 746 200 LIBER
773 160 1014 199 PRIMUS.
1436 165 1514 207 427

90 269 258 322 habeat,
277 271 456 312 obstare.
514 270 656 325 Quam
689 267 915 309 molestum
944 277 1023 319 est,
1045 282 1129 309 uno
1158 267 1295 322 digito
1325 268 1416 323 plus
1438 269 1515 311 ha-

91 325 219 368 bere?
253 327 355 384 quid
375 327 463 368 ita?
496 325 594 382 quia
612 339 688 365 nec
710 324 909 379 speciem,
931 338 1005 364 nec
1035 339 1157 365 usum
1181 324 1309 365 alium
1331 325 1514 381 quinque

90 382 342 425 desiderant.
399 383 515 424 Tuus
545 389 687 423 autem
713 382 816 422 deus
837 395 920 421 non
939 379 1074 435 digito
1094 395 1180 421 uno
1199 379 1419 431 redundat,
1441 384 1515 425 sed

91 440 241 495 capite,
279 439 403 489 collo,
437 438 679 488 cervicibus,
711 437 925 487 lateribus,
960 437 1066 487 alvo,
1098 446 1235 491 tergO,
1270 436 1516 491 poplitibus,

91 497 300 546 manibus,
333 490 524 550 pedibus,
560 494 801 542 feminibus,
837 493 1042 534 cruribus.
1101 493 1144 534 Si
1184 505 1232 533 ut
1266 494 1516 535 immortalis

91 551 159 602 sit,
180 552 282 608 quid
301 547 390 592 haec
409 551 462 591 ad
483 551 607 592 vitam
628 550 819 591 membra
838 550 1048 604 pertinent
1065 550 1078 590 ?
1112 549 1212 605 quid
1243 550 1330 604 ipsa
1359 550 1513 591 facies?

91 610 226 663 magis
257 608 341 658 illa,
369 607 602 656 cerebrum,
625 622 711 657 cor,
734 606 969 661 pulmones,
992 605 1127 661 jecur.
1157 605 1247 646 haec
1277 606 1389 646 enim
1420 616 1518 647 sunt

92 663 304 705 domicilia
340 663 448 704 vitae.
519 664 614 704 Oris
651 663 821 719 quidem
855 662 1022 703 habitus
1056 661 1108 703 ad
1141 663 1235 703 vitae
1278 662 1516 703 firmitatem

93 720 192 760 nihil
215 720 409 774 pertinet.
468 719 529 760 At
550 735 622 760 eos
645 719 920 774 vituperabas,
942 720 1013 774 qui
1034 733 1084 759 ex
1104 719 1300 774 operibus
1323 720 1515 774 magnifi-
1529 716 1600 768 36

91 776 166 824 cis,
196 785 321 831 atque
351 776 575 831 praeclaris,
597 791 695 817 cum
728 777 866 831 ipsum
896 775 1117 826 mundum,
1139 790 1233 815 cum
1266 774 1357 830 ejus
1384 790 1517 816 mem-
1534 796 1609 826 100

90 831 181 881 bra,
205 832 374 881 caelum,
405 841 550 883 terras,
572 833 716 883 maria,
746 847 928 887 cumque
961 832 1112 872 horum
1144 832 1337 887 insignia,
1369 832 1517 883 solem,

89 887 248 938 lunam,
271 888 495 944 stellasque
522 889 733 938 vidissent,
760 903 943 943 cumque
971 898 1212 943 temporum
1242 889 1518 940 maturitates,

89 945 360 995 mutationes,
389 945 778 1000 vicissitudinesque
808 945 1116 999 cognovissent,
1143 945 1341 999 suspicati
1367 955 1519 997 essent,

89 1000 273 1055 aliquam
295 1001 567 1042 excellentem
588 1015 692 1051 esse,
713 1010 1067 1056 praestantemque
1087 1010 1293 1051 naturam,
1313 1017 1407 1057 quae
1429 1001 1519 1044 haec

87 1056 267 1108 fecisset,
284 1067 482 1108 moveret,
505 1068 682 1112 regeret,
701 1058 970 1112 gubernaret.
1027 1058 1128 1113 Qui,
1149 1065 1184 1093 27
1202 1059 1327 1098 etiam
1346 1059 1379 1099 si
1400 1060 1519 1100 aber-

90 1123 181 1154 rant
216 1113 472 1169 conjectura,
508 1114 627 1155 video
664 1123 806 1154 tamen
845 1113 946 1169 quid
988 1123 1230 1169 sequantur.
1300 1116 1367 1155 Tu
1406 1116 1520 1171 quod

88 1183 197 1223 opus
230 1170 398 1210 tandem
433 1185 635 1225 magnum
671 1180 715 1211 et
748 1171 966 1225 egregium
1001 1170 1144 1220 habes,
1177 1171 1290 1225 quod
1322 1172 1519 1213 effectum

89 1224 226 1266 divina
255 1236 396 1267 mente
416 1227 617 1277 videatur,
639 1241 690 1267 ex
723 1242 823 1282 quo,
845 1241 934 1267 esse
962 1226 1079 1277 deos,
1100 1227 1310 1282 suspicere
1329 1229 1341 1267 ?
1376 1229 1521 1269 Habe·
1533 1233 1563 1263 b-

91 1281 204 1331 bam,
224 1282 377 1338 inquis,
398 1283 438 1323 in
460 1284 600 1323 animo
622 1283 789 1323 insitam
821 1283 1158 1324 informationem
1192 1284 1400 1339 quandam
1424 1285 1489 1325 dei
1509 1302 1520 1335 3

91 1346 133 1378 et
172 1339 333 1379 barbati
369 1339 536 1395 quidem
578 1340 708 1389 Jovis,
744 1339 921 1394 galeatae
960 1340 1178 1380 Minervae.
1239 1341 1353 1381 Num
1393 1342 1522 1396 igitur

91 1407 182 1434 esse
203 1395 306 1435 tales
327 1397 480 1449 putas?
514 1397 686 1451 Quanto
718 1395 867 1436 melius
899 1395 989 1436 haec
1020 1397 1169 1450 vulgus
1197 1396 1517 1451 imperitorum?
1539 1398 1605 1430 101

92 1451 164 1505 qui
200 1465 283 1491 non
316 1452 504 1492 membra
539 1451 678 1492 solum
717 1452 897 1492 hominis
934 1452 1013 1492 deo
1050 1453 1255 1501 tribuunt,
1289 1453 1364 1494 sed
1400 1469 1521 1495 usum

91 1507 217 1547 etlam
241 1508 542 1549 membrorum.
564 1508 673 1548 dant
694 1508 803 1548 enim
837 1523 996 1558 arcum,
1018 1509 1208 1564 sagittas,
1231 1509 1410 1561 hastam,
1432 1511 1522 1567 cly-

92 1577 235 1617 peum,
257 1563 477 1614 fuscinam,
503 1563 692 1604 fulmen:
725 1574 781 1613 et,
803 1564 850 1614 si,
872 1565 1057 1606 actiones
1090 1581 1183 1620 quae
1217 1567 1298 1606 sint
1331 1566 1522 1619 deorum,

91 1633 176 1659 non
196 1619 348 1669 vident,
370 1620 473 1660 nihil
493 1629 688 1675 agentem
709 1629 849 1661 tamen
872 1621 997 1661 deum
1029 1636 1111 1662 non
1141 1632 1302 1676 queunt
1320 1624 1523 1678 cogitare.

92 1674 193 1730 Ipsi,
215 1675 284 1731 qui
294 1675 539 1726 irridentur,
561 1676 772 1732 AEgyptii,
791 1677 949 1716 nullam
969 1677 1151 1728 beluam,
1171 1678 1246 1718 nisi
1265 1679 1320 1719 ob
1338 1680 1522 1734 aliquam

90 1731 332 1781 utilitatem,
373 1747 499 1787 quam
541 1747 592 1773 ex
628 1747 678 1773 ea
718 1743 928 1788 caperent,
966 1744 1326 1776 consecraverunt.
1393 1736 1525 1778 Velut

91 1788 198 1838 ibes,
218 1789 442 1829 maximam
464 1789 542 1828 vim
566 1789 825 1844 serpentium
855 1789 1097 1839 conficiunt,
1120 1805 1216 1831 cum
1239 1792 1321 1832 sint
1340 1807 1432 1832 aves
1454 1807 1523 1834 ex-

92 1845 230 1894 celsae,
250 1845 441 1886 cruribus
472 1844 631 1899 rigidis,
657 1860 827 1896 corneo,
848 1860 1109 1901 proceroque
1140 1857 1303 1888 rostro:
1334 1858 1526 1890 avertunt

93 1910 253 1955 pestem
275 1901 327 1941 ab
349 1901 557 1956 AEgypto,
578 1915 674 1941 eum
697 1901 885 1942 volucres
905 1917 1064 1957 angues
1083 1918 1132 1943 ex
1154 1904 1343 1944 vastitate
1376 1905 1524 1961 Libyae

94 1966 218 1997 vento
251 1957 396 1998 Africo
417 1958 595 1997 invectas
626 1957 894 2007 interficiunt,
915 1968 1041 2013 atque
1067 1970 1336 2001 consumunt.
1369 1976 1417 2002 ex
1439 1977 1524 2017 quo

95 2013 156 2061 fit,
192 2023 240 2054 ut
275 2012 371 2063 illae,
406 2027 480 2053 nec
516 2028 659 2053 morsu
692 2014 789 2054 vivae
827 2024 1019 2065 noceant,
1055 2030 1128 2056 nec
1161 2016 1292 2057 odore
1329 2028 1523 2059 mortuae.

97 2070 272 2110 Possum
298 2069 349 2110 de
383 2069 711 2110 ichneumonum
742 2070 937 2121 utilitate,
959 2071 1011 2111 de
1040 2073 1367 2123 crocodilorum,
1391 2075 1441 2114 de
1463 2076 1525 2115 fe-

93 2125 199 2167 lium
231 2126 395 2167 dicere:
427 2125 500 2167 sed
537 2125 635 2166 nolo
669 2140 759 2167 esse
790 2127 957 2182 longuS.
987 2128 1045 2168 ita
1077 2129 1346 2181 concludam,
1383 2140 1525 2172 tamen

93 2182 239 2223 beluas
259 2198 282 2223 a
303 2183 488 2223 barbaris
508 2192 678 2237 propter
698 2182 947 2224 beneficium
969 2194 1232 2225 consecratas
1252 2203 1260 2226 :
1292 2196 1525 2229 vestrorum

93 2236 268 2279 deorum
291 2254 374 2280 non
394 2238 524 2279 modo
546 2238 794 2279 beneficium
816 2239 978 2280 nullum
1001 2251 1176 2291 exstare,
1198 2242 1271 2282 sed
1292 2257 1343 2283 ne
1364 2244 1524 2284 factum

94 2295 266 2351 quidem
308 2296 494 2336 omnino.
560 2295 676 2335 Nihil
719 2295 860 2346 habet,
899 2296 1047 2350 inquit,
1089 2298 1262 2352 negotii.
1332 2300 1524 2342 Profecto
1541 2314 1613 2346 102

95 2351 318 2407 Epicurus,
340 2352 457 2407 quasi
488 2352 604 2406 pueri
634 2351 814 2401 delicati,
838 2351 940 2392 nihil
961 2354 1193 2394 cessatione
1212 2354 1362 2395 melius
1382 2356 1525 2397 existi-

96 2417 199 2448 mat.
258 2409 319 2449 At
337 2409 415 2464 ipsi
434 2418 572 2448 tamen
604 2408 735 2462 pueri,
755 2409 881 2448 etiam
903 2423 999 2448 cum
1029 2419 1208 2460 cessant,
1230 2412 1525 2453 exercitatione
1537 2418 1606 2473 37

98 2463 236 2518 aliqua
265 2465 424 2506 ludicra
454 2465 739 2506 delectantur:
771 2464 896 2505 deum
918 2465 976 2505 sic
999 2466 1192 2506 feriatum
1222 2467 1414 2508 volumus
1435 2483 1525 2509 ces-

98 2520 259 2560 satione
289 2531 471 2576 torpere,
503 2530 564 2571 ut,
598 2523 632 2562 si
664 2536 707 2561 se
740 2522 1029 2572 commoverit,
1051 2537 1266 2563 vereamur
1297 2538 1347 2564 ne
1378 2525 1526 2566 beatus

98 2589 190 2615 esse
211 2591 293 2617 non
313 2578 459 2633 possit.
520 2579 626 2618 Haec
658 2578 791 2618 oratio
825 2593 908 2618 non
938 2578 1067 2619 modo
1096 2578 1197 2620 deos
1219 2580 1371 2633 spoliat
1392 2590 1526 2632 motu,

99 2639 141 2672 et
163 2633 325 2672 actione
357 2634 506 2683 divina,
528 2634 599 2674 sed
631 2634 755 2674 etiam
791 2634 981 2675 homines
1013 2635 1162 2676 inertes
1193 2636 1345 2685 efficit3
1377 2638 1410 2677 si
1432 2638 1524 2692 qui-

99 2687 196 2728 dem
218 2702 345 2743 agens
364 2690 534 2745 aliquid,
556 2705 607 2731 ne
629 2691 733 2732 deus
754 2690 941 2746 quidem,
961 2706 1051 2732 esse
1069 2692 1217 2733 beatus
1238 2701 1391 2747 potest.

143 2848 180 2876 27
200 2843 286 2872 etiam
302 2843 325 2872 si
341 2843 475 2872 aberrant
491 2855 509 2872 a
524 2843 697 2884 conjectura]
715 2844 789 2874 Non
834 2844 953 2874 aberrat
967 2854 1012 2874 sc.
1030 2854 1047 2874 a
1061 2855 1145 2877 vero.
1168 2847 1273 2885 itaque
1296 2858 1325 2876 a.
1348 2845 1415 2877 sine
1431 2846 1527 2875 dubio

99 2883 258 2915 aberratur
281 2896 296 2915 a
320 2886 512 2924 conjectura,
537 2887 588 2917 sed
611 2888 791 2926 conjectura
835 2887 1007 2917 delendum
1018 2894 1071 2918 est.
