1768 3095
239 88 312 124 146
552 86 625 124 DE
653 85 811 125 FINIB.
832 86 1032 126 BONOR.
1054 88 1121 126 ET
1140 88 1339 127 MALOR

196 242 220 288 1
236 215 676 288 VOLUPTATEM
702 255 715 278 1
733 245 919 302 quidem,
948 249 1092 299 Brute,
1114 247 1148 290 si
1168 249 1259 305 ipsa
1277 263 1360 306 pro.
1384 263 1429 291 se
1457 248 1670 305 loquatur,

203 317 217 346 1
238 317 313 343 nec
346 312 432 343 tam
466 303 697 358 pertinaces
729 303 884 345 habeat
915 314 1132 360 patronos,
1149 319 1445 347 concessuram
1476 306 1672 360 arbitror,

234 358 469 401 convictam
490 361 701 415 superiore
721 359 845 411 libro,
866 359 1077 416 dignitati.
1107 361 1264 403 etenim
1294 362 1348 403 sit
1376 360 1616 417 impudens,
1637 363 1671 403 si

231 416 373 457 virtuti
405 416 562 457 diutius
595 425 815 472 repugnet,
834 426 907 457 aut
937 417 971 458 si
1000 417 1187 460 honestis
1210 417 1403 474 jucunda
1429 427 1670 474 anteponat,

230 480 305 513 aut
326 471 456 528 pluris
487 481 577 513 esse
608 472 837 514 contendat
859 482 877 504 2
895 473 1165 516 dulcedinem
1196 474 1385 531 corporis
1414 474 1671 525 titillantem,

230 544 281 569 ex
300 542 398 569 eave
419 537 560 569 natam
580 528 785 578 laetiti‘am,
808 544 935 584 quam
965 530 1214 584 gravitatem
1246 531 1390 583 animi,
1411 541 1538 587 atque
1565 545 1669 571 con-

231 585 444 626 stantiam.
467 600 594 640 quare
614 585 726 626 illam
746 585 921 639 ‘quidem
949 585 1226 637 dimittamus,
1247 597 1290 628 et
1312 596 1329 619 3
1346 588 1431 629 suis
1453 602 1497 628 se
1518 586 1668 628 finibus

231 650 373 682 tenere
399 642 642 698 jubeamus,
665 656 716 681 ne
735 641 949 682 blanditiis
974 643 1081 698 ejuS,
1102 642 1394 699 illecebrisque
1415 643 1669 699 impediatur

194 697 471 753 2disputancli
506 697 711 738 severitas.
771 697 1061 739 Quaerendum
1099 708 1164 740 est
1201 700 1328 750 enim,
1364 701 1438 741 ubi
1471 701 1525 741 sit
1564 699 1670 740 illud

230 769 447 796 summum
481 755 656 804 bonum,
678 752 794 809 quod
826 754 1005 810 reperire
1035 755 1243 806 volumus,
1266 756 1466 812 quoniam
1487 764 1531 797 et
1548 756 1670 811 volu-

230 820 323 866 ptas
342 812 395 851 ab
415 821 466 850 eo
487 818 650 851 remota
669 819 747 860 est,
768 820 810 851 et
829 810 975 852 eadem
999 811 1086 852 fere
1111 821 1260 853 contra
1279 827 1352 853 eos
1372 811 1456 854 dici
1475 820 1668 868 possunt,

229 868 301 923 qui
324 867 574 908 vacuitatem
605 866 762 908 doloris
785 867 910 908 finem
931 867 1141 909 bonorum
1163 883 1253 909 esse
1278 869 1518 910 voluerunt.
1575 868 1669 922 Nec

227 939 325 965 vero
342 924 405 971 ‚ita
424 924 560 964 ullum
593 924 797 979 probetur
824 939 1037 966 summum
1063 924 1240 975 bonum,
1258 933 1307 967 ut
1327 925 1480 967 virtute
1498 934 1639 967 careat
1657 942 1666 966 ε

227 995 311 1036 qua
332 980 435 1020 nihil
461 988 603 1036 potest
633 994 722 1021 esse
752 981 1031 1035 praestantius.
1092 982 1241 1037 Itaque
1273 996 1531 1038 quamquam
1553 980 1596 1022 in
1617 995 1669 1024 eo

228 1047 442 1087 sermone,
454 1036 525 1092 qui
547 1051 646 1078 cum
664 1037 882 1092 Torquato
904 1045 969 1078 est
988 1037 1171 1088 habitus,
1191 1053 1274 1079 non
1295 1038 1458 1080 remissi
1478 1037 1636 1079 fuimus
1656 1055 1666 1079 ε

226 1103 369 1134 tamen
406 1093 497 1134 haec
532 1093 667 1134 acrior
702 1102 766 1134 est
800 1107 898 1134 cum
934 1093 1087 1135 Stoicis
1122 1103 1267 1149 parata
1300 1095 1534 1136 contentio.
1573 1109 1669 1150 quae

227 1151 340 1191 enim
369 1150 422 1191 de
456 1149 673 1205 voluptate
694 1148 906 1201 dicuntur,
927 1163 976 1190 ea
1008 1164 1085 1191 nec
1112 1151 1370 1202 acutissime,
1391 1165 1468 1192 nec
1490 1151 1669 1192 abscon-

227 1207 313 1247 dite
336 1206 610 1248 disseruntur.
641 1220 776 1261 neque
806 1206 919 1246 enim
950 1206 1023 1261 qui
1053 1206 1286 1249 defendunt
1311 1222 1421 1257 eam,
1442 1207 1596 1249 versuti
1624 1205 1667 1248 in

226 1263 468 1304 disserendo
500 1271 613 1313 sunt,
647 1276 724 1302 nec
754 1262 826 1317 qui
856 1271 1005 1303 contra
1034 1262 1197 1314 dicunt,
1222 1272 1238 1295 4
1258 1278 1429 1305 causam
1455 1262 1666 1304 difficilem

189 1318 449 1374 3repellunt.
512 1318 607 1373 Ipse
643 1319 771 1359 etiam
804 1318 908 1360 dicit
939 1318 1162 1374 Epicurus,
1196 1322 1256 1361 ne
1282 1317 1666 1375 argumentandum

227 1375 399 1431 quidem
416 1389 505 1416 esse
528 1375 581 1416 de
603 1375 835 1430 voluptate,
856 1374 970 1431 quod
989 1375 1250 1432 sitrpositum
1269 1376 1360 1433 ejus
1384 1375 1594 1433 judicium
1624 1374 1669 1417 in

227 1432 432 1483 sensibus,
466 1440 514 1473 ut
543 1432 806 1473 commoneri
839 1446 915 1473 nos
946 1431 1046 1473 satis
1077 1432 1145 1483 sit,
1168 1432 1272 1474 nihil
1302 1432 1480 1474 attineat
1510 1431 1667 1473 doceri.

184 1503 214 1534 b.
227 1504 355 1545 quare
377 1489 591 1539 illavnobis
613 1487 791 1543 simplex
811 1488 892 1529 fuit
924 1489 965 1529 in
994 1497 1217 1544 utramque
1237 1498 1400 1545 partem
1421 1488 1666 1544 disputatio.

227 1561 304 1587 nec
336 1546 449 1587 enim
487 1546 530 1586 in
560 1544 766 1600 Torquati
797 1559 988 1585 sermone
1020 1544 1252 1601 quidquam
1283 1544 1564 1599 implicatum,
1594 1553 1669 1586 aut

224 1611 463 1644 tortuosum
486 1601 594 1652 fuit3
627 1610 871 1656 nostraque,
892 1610 941 1642 ut
970 1601 1076 1643 mihi
1106 1601 1282 1652 videtur,
1303 1601 1488 1643 dilucida
1515 1601 1666 1643 oratio.

224 1659 466 1700 Stoicorum
494 1668 638 1699 autem
660 1672 744 1698 non
765 1658 934 1713 ignoras
952 1672 1079 1713 quam
1098 1657 1152 1699 sit
1172 1657 1341 1709 subtile,
1363 1657 1426 1699 vel
1447 1657 1666 1714 spinosum

222 1715 380 1770 potius,
400 1714 629 1756 disserendi
649 1728 785 1770 genus
805 1731 814 1755 :
845 1713 974 1769 idque
994 1729 1091 1756 cum
1114 1714 1294 1766 Graecis,
1314 1724 1406 1756 tum
1428 1714 1567 1770 magis
1588 1729 1666 1755 no-

223 1772 302 1822 bis,
324 1771 478 1828 quibus
508 1771 636 1812 etiam
668 1770 793 1812 verba
825 1770 1024 1826 parienda
1055 1780 1167 1822 sunt,
1191 1770 1533 1827 imponendaque
1562 1785 1667 1811 nova

225 1828 342 1869 novis
376 1828 501 1869 rebus
538 1827 721 1869 nomina.
752 1826 867 1883 quod
898 1827 1071 1883 quidem
1098 1837 1113 1860 ⁵
1132 1842 1257 1868 nemo
1291 1826 1560 1869 mediocriter
1590 1826 1668 1870 do·—

223 1895 318 1926 ctus
346 1884 580 1934 mirabitur,
611 1883 819 1939 cogitans,
849 1883 892 1924 in
924 1884 1039 1925 omni
1070 1892 1173 1935 arte,
1202 1883 1324 1939 cujus
1355 1899 1455 1925 usus
1484 1883 1667 1939 vulgaris

223 1941 547 1996 communisque
586 1955 669 1981 non
709 1941 779 1991 sit,
817 1939 996 1981 multam
1038 1940 1266 1983 novitatem
1303 1941 1525 1982 nominum
1559 1953 1666 1991 esse,

224 2013 322 2039 cum
359 1999 670 2039 constituantur
698 2011 843 2037 earum
876 2010 1015 2038 rerum
1049 1996 1267 2046 vocabula,
1298 2011 1393 2052 quae
1423 1997 1467 2038 in
1499 2011 1666 2053 quaque

187 2062 313 2096 4arte
334 2063 562 2109 versentur.
623 2053 772 2109 Itaque
793 2062 837 2094 et
856 2052 1080 2104 dialectici,
1109 2062 1152 2094 et
1179 2052 1345 2109 physici
1375 2053 1509 2095 verbis
1535 2061 1665 2094 utun-

224 2120 292 2152 tur
322 2111 391 2161 iis,
418 2117 555 2167 quae6
574 2110 653 2166 ipsi
692 2109 870 2151 Graeciae
904 2118 1006 2151 nota
1035 2125 1119 2152 non
1148 2118 1259 2151 sunt.
1288 2118 1525 2164 geometrae
1554 2123 1666 2160 vero,

224 2168 388 2218 musici,
410 2166 691 2223 grammatici,
710 2167 838 2207 etiam
859 2181 978 2208 more
995 2166 1179 2223 quodam
1200 2165 1433 2221 loquuntur
1449 2179 1541 2207 suo.
1563 2165 1665 2207 item

222 2224 324 2280 ipsae
344 2224 562 2278 rhetorum
584 2232 707 2275 artes,
728 2238 822 2279 quae
855 2233 952 2264 sunt
984 2232 1087 2264 totae
1120 2222 1306 2264 forenses
1337 2230 1465 2277 atque
1484 2220 1663 2281 popula-

270 2357 282 2378 ι
302 2348 430 2389 quidem]
450 2349 501 2378 Sic
517 2357 628 2379 omnes
644 2348 715 2377 edd.
732 2354 804 2377 vett.
822 2356 922 2386 usque
963 2347 1031 2377 Jac.
1048 2347 1227 2376 Gronovius
1244 2352 1351 2376 tamen
1369 2346 1496 2384 recepit.

223 2393 262 2422 ad
278 2392 395 2422 Victor.
413 2401 478 2421 nen
495 2391 637 2433 equidem,
659 2397 693 2420 ut
712 2390 813 2421 Aldus
830 2397 860 2419 et
877 2399 921 2419 re·
1008 2398 1027 2421 4
1043 2400 1158 2418 causam
1184 2388 1330 2428 difficilem
1357 2387 1510 2427 repellunt]
1537 2389 1666 2419 Lambi-

222 2434 386 2464 centiores.
404 2436 479 2464 item
497 2433 705 2473 Mssplures-
965 2442 1025 2462 nus
1050 2432 1172 2472 corrigit
1196 2430 1341 2472 refellunt.
1365 2432 1451 2470 quod
1476 2441 1541 2462 non
1557 2431 1665 2471 displi-

267 2485 284 2506 ‘2
304 2476 480 2506 dulcedinem
507 2476 629 2515 corporis
652 2473 836 2512 titillantem]
860 2474 920 2504 Va·
965 2482 1027 2507 cet.
1050 2482 1191 2505 ceterum
1217 2480 1389 2513 utrumque
1415 2474 1526 2508 durius
1549 2481 1608 2512 est,
1633 2481 1665 2505 et

224 2521 306 2549 riam·
336 2520 389 2549 hic
419 2519 488 2549 libri
509 2531 516 2549 :
542 2519 610 2549 aliis
640 2519 684 2548 sic
716 2517 921 2552 habentibus,
966 2517 1097 2558 refellere
1112 2527 1239 2554 causam,
1256 2525 1286 2547 et
1307 2516 1451 2556 repellere.

223 2563 291 2592 aliis
307 2561 383 2590 dulc.
401 2563 520 2601 corporis
538 2569 564 2590 et
579 2560 749 2590 titillantem
772 2571 808 2589 ex
824 2572 856 2589 ee
871 2570 923 2589 na-
1011 2569 1027 2591 5
1045 2572 1134 2597 nemo,
1151 2560 1328 2589 mediocriter
1343 2558 1452 2598 doctus]
1471 2559 1524 2589 An
1548 2560 1665 2590 adden·

225 2601 285 2634 men
308 2604 457 2640 aetitiam,
476 2603 543 2634 aliis
559 2610 586 2633 et
607 2602 816 2632 titillationem.
837 2603 923 2642 quod
966 2605 1045 2634 dum
1062 2614 1111 2633 nec
1127 2610 1182 2633 aut
1197 2601 1276 2633 vel?

224 2648 338 2687 recepit
363 2654 392 2676 et
416 2647 588 2684 Davisius·,
617 2645 668 2675 alii
696 2646 865 2675 tit1'llamcm
888 2656 922 2675 o-
1009 2653 1026 2676 ο
1042 2646 1097 2685 ipsi
1121 2645 1251 2675 Graeciae
1274 2653 1338 2674 nota
1363 2656 1415 2675 non
1436 2644 1520 2685 sunt]
1541 2655 1596 2675 non
1618 2654 1665 2675 re·

224 2691 369 2726 mittunt,
387 2691 471 2728 quod
490 2689 570 2720 mihi
585 2689 747 2728 optimum
763 2688 896 2719 videtur.
964 2689 1048 2719 stitui
1066 2698 1105 2718 ex
1122 2689 1190 2718 edd.
1202 2698 1247 2728 pr.
1263 2689 1296 2719 it.
1314 2689 1392 2718 Mss.
1409 2687 1565 2718 deleverat
1581 2687 1666 2718 Gru·

266 2740 283 2763 ‚3
301 2734 358 2762 suis
374 2744 400 2761 se
413 2733 528 2772 finibus
549 2729 657 2771 tenere]
676 2731 728 2761 SIc
744 2731 813 2761 edd.
829 2740 875 2770 pr.
891 2738 923 2760 at
966 2740 1062 2767 tetus,
1078 2731 1260 2762 auctoribus
1280 2732 1358 2762 Mss.
1375 2730 1453 2762 Pan.
1473 2731 1600 2761 Graecia
1617 2732 1665 2760 in-

228 2778 304 2807 ἱνᾮῐι.
325 2783 416 2808 1494.
439 2777 535 2805 habet
557 2774 664 2810 cedere,
680 2781 714 2804 ut
730 2781 760 2804 et
775 2773 845 2804 libri
861 2783 921 2803 scr.
966 2775 1069 2814 tellige
1087 2775 1205 2805 Graecis
1222 2785 1287 2805 uon
1304 2774 1511 2814 philosophis.

224 2821 364 2858 quidam.
394 2818 445 2848 alii
468 2826 563 2856 petere
579 2817 669 2847 nullo
693 2827 812 2850 seusu:
836 2818 920 2856 quod
