1768 3095
227 88 278 123 40
556 77 843 116 ACADEM.
884 78 1344 117 QUAESTIONUM

226 183 374 239 ceptis,
396 192 435 218 92
446 184 536 225 nisa
556 194 599 226 et
616 201 840 243 progiessa
860 187 966 229 ratio
985 188 1066 229 hoc
1088 188 1252 238 efficiet,
1271 187 1375 229 nihil
1395 202 1521 243 posse
1540 203 1661 232 com-

226 239 452 295 prehendi.
485 241 585 297 quid
623 253 763 308 potest
801 245 984 300 reperiri,
1017 245 1131 300 quod
1162 245 1300 300 ipsum
1331 245 1411 286 sibi
1449 255 1662 302 repugnet

225 297 393 352 magis?
426 313 609 353 cumque
640 301 731 355 ipsa
760 310 907 342 natura
938 309 1196 342 mac-curatae
1228 301 1430 342 orationis
1457 301 1539 343 hoc
1560 317 1659 358 pro-

226 353 406 404 fiteatur,
437 369 480 396 se
511 356 668 412 aliquid
700 358 1019 412 patefacturam,
1046 358 1160 413 quod
1184 373 1267 398 non
1299 367 1337 391 94
1357 367 1572 414 appareat,
1602 368 1662 410 et,

225 425 311 466 quo
332 411 373 452 id
403 412 598 453 facilins
589 423 848 469 assequatur,
869 414 1154 455 adhibituram
1179 423 1223 455 et
1242 428 1413 479 sensus,
1421 423 1464 456 et
1481 429 1544 465 ea,
1564 430 1660 471 quae

224 469 444 523 perspicua
465 469 575 510 sint·
599 471 733 525 qualis
755 480 818 511 est
839 472 1014 512 istorum
1037 471 1188 521 oratio,
1208 471 1278 526 qui
1300 472 1442 512 omnia
1464 487 1548 513 non
1569 481 1658 514 tam

224 538 330 574 esse,
351 540 477 580 quam
498 526 625 568 videri
646 528 814 568 v.olunt
807 529 819 558 Ρ
849 528 1040 568 Maxime
1060 537 1201 569 autem
1220 528 1539 579 convincuntur,
1559 543 1659 570 cum

224 580 316 621 haec
335 581 421 623 duo
440 597 517 638 pro
539 584 872 639 congruentibus
892 592 1079 634 sumunt,
1100 593 1185 625 tam
1206 584 1474 626 vehementer
1500 600 1544 626 re
1577 601 1658 642 ug-

224 639 394 680 nantia:
426 639 608 694 primuni
639 655 729 681 esse
749 640 944 696 quaedam
972 641 1078 682 falsa
1096 641 1208 682 visa:
1242 641 1357 696 quod
1378 655 1476 682 curn
1496 656 1548 683 vo
1521 600 1658 694 olunt,

222 694 436 736 declarant
453 696 647 752 quaedani
679 712 767 739 esse
799 712 919 738 vera:
949 696 1114 747 deinde,
1133 699 1242 738 inter
1262 696 1366 738 falsa
1382 697 1481 748 visa,
1501 706 1545 740 et
1563 713 1659 741 vera

221 752 327 792 nihil
353 753 564 794 interesse
626 754 687 795 At
716 754 901 809 primum
931 768 1154 805 sumseraS,
1175 763 1389 818 tamquam
1422 754 1657 798 interesset.

221 808 280 850 ita
298 809 427 864 priori
445 811 667 865 posterius,
690 820 727 844 95
743 811 965 866 posteriori
987 811 1177 876 superius
1193 826 1277 852 non
1290 811 1502 867 jungitur.

154 872 206 905 45
279 866 362 906 Sed
383 867 706 922 progrediamur
734 868 918 923 longius,
938 878 981 909 et
1010 869 1067 909 ita
1096 882 1288 923 agamuS,
1319 876 1368 909 ut
1398 867 1502 909 nihil
1535 869 1656 911 nobis

177 921 208 952 b.
219 923 418 965 assentati
443 937 533 964 esse
561 924 804 966 videamur.
836 939 1015 980 quaeque
1040 925 1093 965 ab
1113 925 1177 965 his
1199 924 1410 975 dicuntur,
1431 925 1490 965 sic
1512 939 1655 991 perse-

219 994 413 1035 quamur,
435 989 480 1021 ut
512 980 646 1022 nihil
638 997 677 1021 m
710 982 930 1036 praeteritis
958 981 1255 1037 relinquamus.
1317 981 1505 1023 Primum
1514 982 1659 1045 igitur

217 1036 494 1100 perspicuitas
523 1037 608 1088 illa,
630 1052 754 1094 quam
778 1038 974 1088 diximus,
996 1039 1096 1080 satis
1118 1052 1318 1094 magnam
1340 1038 1470 1079 habet
1487 1038 1586 1089 vim,
1604 1046 1654 1080 ut

216 1093 308 1148 ipsa
336 1107 410 1149 per
440 1108 544 1145 sese,
566 1109 631 1146 ea,
652 1110 747 1150 quae
779 1096 875 1144 sint,
897 1096 1033 1146 nobis,
1054 1096 1112 1137 ita
1142 1105 1191 1135 ut
1219 1095 1317 1145 sint,
1338 1094 1509 1136 indicet.
1570 1095 1656 1137 Sed

214 1157 372 1200 tamen,
404 1160 451 1191 ut
480 1165 724 1192 maneamus
756 1152 798 1192 in
832 1152 1065 1208 perspicuis
1096 1152 1269 1200 firmina
1303 1161 1345 1191 et
1377 1152 1655 1203 constantim,

216 1206 378 1263 majore
408 1207 589 1272 quadam
621 1222 728 1263 opus
758 1217 821 1249 est
851 1208 914 1248 vel
944 1218 1048 1257 arte,
1078 1208 1143 1248 vel
1172 1208 1406 1272 diligentia,
1428 1222 1479 1248 ne
1508 1209 1600 1249 ab
1590 1209 1655 1260 iis,

216 1278 310 1319 quae
339 1263 452 1305 clara
477 1263 561 1305 sint
588 1264 678 1319 ipsa
708 1278 783 1319 per
813 1279 917 1314 sese,
938 1265 1059 1320 quasi
1078 1264 1303 1320 praestigiis
1323 1263 1592 1319 quibusdam,
1611 1274 1655 1307 et

137 1311 483 1384 15captionibus
510 1319 783 1385 depellamur.
842 1321 973 1371 Nam,
991 1321 1063 1376 qui
1089 1320 1222 1362 voluit
1249 1320 1468 1362 subvenire
1500 1322 1654 1363 errori-

215 1377 293 1417 bus
315 1376 567 1432 EpicuruS,'
558 1377 622 1428 1is‚
643 1378 715 1433 qui
746 1376 939 1419 videntur
958 1377 1213 1418 conturbare
1238 1377 1323 1418 veri
1343 1377 1650 1432 cognitionem,

212 1433 401 1489 dixitque
421 1433 636 1498 sapientis
653 1448 758 1484 esse,
780 1434 1043 1499 opinionem
1044 1448 1069 1473 a
1089 1433 1384 1489 perspicuitate
1406 1433 1654 1490 sejungere.

214 1497 253 1525 96
269 1490 373 1532 nihil
402 1490 595 1546 profecit.
626 1490 756 1545 ipsius
787 1491 899 1532 enim
931 1490 1140 1546 opinionis
1169 1504 1354 1531 errorem
1382 1490 1500 1531 nullo
1519 1491 1652 1534 modo

147 1548 201 1585 46
214 1546 397 1589 sustulit.
457 1547 752 1590 Quamobrem
784 1561 883 1588 curn
913 1547 1008 1588 duae
1039 1561 1177 1587 causae
1208 1546 1454 1602 perspicuis,
1492 1555 1535 1589 et
1565 1549 1652 1590 evi-

210 1604 408 1646 dentibus
443 1604 569 1645 rebus
607 1603 901 1644 adversentur:
943 1603 1097 1644 auxilia
1140 1603 1319 1644 totidem
1365 1612 1463 1644 sunt
1501 1613 1652 1647 contra

210 1660 505 1716 comparanda.
528 1660 769 1701 adversatur
788 1661 899 1700 enim
922 1660 1121 1715 primum,
1143 1659 1260 1716 quod
1287 1674 1434 1715 parurn
1456 1659 1651 1717 defigunt

209 1718 386 1768 animos,
407 1726 451 1758 et
481 1717 703 1758 intendunt
734 1717 775 1757 in
806 1731 868 1766 ea,
891 1732 984 1771 quae
1015 1717 1237 1772 perspicua
1267 1726 1379 1767 sunt,
1410 1724 1473 1767 ut,
1493 1727 1652 1773 quanta

208 1775 303 1816 luce
334 1789 383 1815 ea
413 1781 450 1811 97
466 1773 723 1814 circumfusa
752 1774 848 1823 sint,
880 1775 1042 1828 possint
1072 1786 1328 1828 agnoscere:
1358 1773 1538 1815 alterum
1569 1783 1649 1826 est,

209 1832 325 1887 quod
357 1830 591 1881 fallacibus,
614 1839 655 1871 et
686 1830 885 1885 captiosis
915 1829 1319 1884 interrogationibus
1341 1829 1650 1887 circumscripti

207 1897 334 1944 atque
353 1887 519 1942 decepti
539 1887 724 1942 quidam,
739 1901 836 1928 cum
854 1902 923 1927 eas
938 1886 1091 1927 dissolv
1095 1900 1162 1927 ere
1179 1901 1263 1927 non
1279 1895 1470 1941 possunt,
1489 1886 1646 1929 descis-

206 1957 307 1986 cunt
332 1960 357 1986 a
375 1944 564 1985 veritate.
596 1952 766 1998 oportet
796 1943 928 1999 igitur
957 1952 999 1984 et
1029 1957 1092 1991 ea,
1115 1958 1209 1998 quae
1240 1957 1317 1998 pro
1347 1943 1647 1998 perspicuitate

204 2001 450 2058 responderi
480 2009 672 2057 possunt,
705 2000 745 2040 in
775 2010 948 2056 promtu
978 2000 1149 2051 habere,
1171 1999 1224 2040 de
1254 2000 1438 2055 quibus
1420 2014 1514 2055 Jam
1535 2000 1646 2043 dixi-

247 2136 286 2162 92
310 2128 378 2157 visa
402 2134 428 2156 et
447 2133 596 2166 progressa
620 2127 694 2156 ratio
709 2127 770 2156 hcet·
785 2123 902 2167 efficiet]
948 2137 1002 2157 mo
1018 2127 1045 2156 ei
1066 2132 1229 2166 repugnat.
1254 2125 1287 2156 P.
1296 2125 1462 2157 Manutius
1479 2133 1560 2157 recte
1576 2137 1645 2159 cor-

205 2173 293 2203 Ouid
317 2179 361 2201 est
382 2171 449 2200 visa
473 2170 557 2200 ratio.
579 2171 681 2201 immo
695 2177 842 2210 progressa
859 2180 904 2200 rc-
946 2171 1025 2199 rexit
1041 2181 1094 2198 non
1107 2170 1259 2208 jungitur,
1275 2169 1361 2208 quod
1382 2176 1412 2199 et
1429 2170 1460 2200 in
1478 2170 1557 2201 Mss.
1574 2171 1645 2211 plu-

202 2216 297 2254 quirit
313 2215 447 2244 verbum
462 2214 548 2252 quod
565 2214 692 2244 initium
711 2215 836 2244 rationis
854 2214 900 2243 in-
945 2213 1030 2243 ribus
1048 2213 1157 2252 reperit
1173 2212 1329 2242 Davisius,
1375 2212 1504 2243 Habent
1526 2221 1557 2244 et
1571 2215 1642 2245 edd.

201 2260 294 2288 dicet.
345 2257 512 2287 Manutius
542 2257 678 2294 conjecit
708 2257 783 2293 nisa,
814 2258 899 2297 quod
944 2256 1023 2286 ven.
1044 2262 1134 2290 1471.
1154 2261 1244 2290 1474.
1263 2255 1349 2285 Med.
1370 2255 1443 2286 Ald.
1460 2256 1643 2296 conjungitur

200 2308 359 2341 repertum
383 2301 415 2330 in
438 2306 574 2339 quatuor
597 2299 675 2330 Mss.
699 2301 814 2339 recepit
835 2301 899 2330 Da-
942 2305 988 2328 est
1016 2308 1034 2328 a
1062 2298 1206 2328 Grutero.
1252 2298 1317 2327 Non
1335 2297 1478 2338 jungitur
1502 2305 1549 2330 est
1574 2309 1641 2331 non

199 2345 309 2377 visius,
334 2353 432 2382 quem
457 2353 513 2373 nos
545 2343 656 2372 imitati
687 2352 811 2373 sumus.
835 2342 898 2371 nisa
941 2341 1108 2372 consentit.

200 2387 348 2428 exprimit
372 2387 512 2422 initium,
536 2386 611 2424 quia
633 2385 748 2415 dicitur
773 2385 830 2414 niti
859 2386 896 2415 de
986 2388 1025 2418 96
1048 2382 1226 2423 nihilfecit]
1255 2384 1430 2414 Lambinus
1445 2385 1581 2415 correxit
1595 2384 1642 2414 ni-

200 2431 249 2466 iis‚
266 2431 319 2467 qui
346 2430 487 2458 incedere
512 2435 634 2458 tentant
655 2428 705 2458 vel
729 2429 897 2467 incipiunt.
942 2427 987 2455 hil
1008 2427 1077 2465 egit.
1122 2427 1268 2456 Davisius
1295 2426 1372 2455 nihil
1389 2426 1516 2466 prqfecit
1538 2437 1642 2467 reper-

197 2474 294 2503 Tusc.
313 2473 355 2508 11,
373 2479 424 2502 21.
441 2478 485 2501 cst
509 2472 583 2500 ratio
606 2482 672 2512 quae
695 2472 826 2501 connisa
845 2477 898 2510 per
941 2477 1011 2500 tum
1029 2471 1061 2499 in
1079 2469 1157 2499 Mss.
1173 2477 1202 2498 et
1218 2470 1266 2499 ed.
1285 2470 1364 2499 Ven.
1383 2475 1475 2504 1471.
1498 2470 1593 2500 habet
1608 2477 1640 2501 et

198 2527 226 2545 se
240 2525 266 2545 er
284 2524 440 2555 progressa
455 2514 626 2553 longius‚fit
637 2514 771 2555 perfecta
787 2515 896 2544 virtus.
940 2515 988 2543 ed.
1010 2513 1105 2543 altera
1128 2513 1208 2543 Ven.
1228 2520 1319 2545 1494.
1337 2512 1469 2543 Mediol.
1487 2513 1571 2543 unde
1592 2523 1640 2544 re-

216 2576 230 2592 ·
242 2566 280 2591 93
305 2565 452 2588 accurata:
475 2555 624 2595 orationis]
646 2558 829 2595 Legendum
847 2567 895 2585 ra-
939 2557 1006 2595 cepi
1023 2563 1054 2586 et
1069 2556 1143 2595 ipse.
1186 2555 1450 2596 Vulgatumsrcit
1465 2561 1511 2586 est
1526 2556 1566 2586 ab
1581 2556 1638 2586 Al-

196 2602 280 2631 tiom's
305 2602 466 2631 videatur:
491 2601 544 2629 sed
571 2606 601 2629 et
627 2600 793 2639 vulgatum
825 2601 893 2630 ferri
939 2599 1024 2636 dina,
1042 2600 1073 2629 in
1097 2608 1209 2638 quarn,
1231 2599 1353 2638 opinor,
1370 2607 1536 2638 operarum
1560 2599 1638 2630 vitio

196 2652 308 2684 potest,
334 2654 410 2674 nam
432 2651 461 2673 et
483 2650 551 2682 post
578 2650 623 2672 est
646 2644 756 2672 orario:
782 2644 840 2673 nisi
865 2650 896 2674 et
939 2642 1034 2672 venit.
1073 2642 1220 2671 Latinitas
1235 2642 1364 2681 quidem
1382 2642 1458 2671 ferre
1475 2648 1575 2680 potest
1585 2642 1638 2680 fe-

196 2689 249 2718 hic
266 2688 340 2716 ratio
356 2688 508 2726 corrigere
523 2686 609 2715 velis.
937 2685 978 2714 cit
1000 2695 1055 2725 pro
1074 2684 1209 2725 profecit.
1233 2694 1309 2714 nam
1331 2685 1415 2714 sicut
1431 2684 1546 2714 dicitur
1561 2684 1640 2713 m'ln'l

239 2738 277 2764 94
301 2729 458 2770 appareat]
478 2730 539 2760 Ms.
557 2738 618 2768 reg.
635 2729 702 2759 Par.
721 2735 752 2758 et
773 2728 824 2758 alii
841 2738 890 2768 ap.
924 2728 1012 2767 fieri,
1031 2738 1085 2768 pro
1102 2727 1303 2767 nihilprqfici,
1320 2726 1391 2766 effici
1408 2728 1467 2757 δῖε.
1483 2727 1528 2756 sic
1544 2734 1573 2757 et
1589 2727 1636 2756 ηἰ-

194 2774 360 2806 Davisium
376 2773 544 2813 apparebat.
561 2782 625 2802 non
643 2772 733 2801 bene.
935 2770 981 2800 h1l
981 2771 1089 2812 facere
1105 2771 1166 2801 hoc
1186 2780 1280 2801 sensu
1297 2771 1358 2800 dici
1374 2779 1463 2810 posse
1478 2770 1634 2802 videatur.

236 2825 274 2850 95
293 2817 446 2857 posteriori
460 2816 588 2856 superius
611 2813 804 2855 conjungitur]
826 2815 890 2846 Im·
978 2820 1015 2850 97
1041 2814 1216 2856 circumfusa
1230 2812 1309 2853 sunt]
1329 2813 1415 2845 Corr.
1431 2812 1499 2844 sint.
