1778 3095
582 142 760 180 LIBER
796 142 1036 180 PRIMUS.
1445 147 1521 190 537

99 249 258 292 afferat.
317 252 380 291 Ex
399 264 482 306 quo
506 249 634 290 etiam
661 249 952 304 Pythagoricis
974 248 1242 291 interdictum
1262 257 1447 304 putatur,
1471 267 1523 294 ne

100 306 198 347 faba
216 316 486 357 vescerentur,
508 304 622 369 quod
652 304 782 345 habet
808 305 1064 346 inflationem
1097 319 1294 360 magnam
1322 306 1356 346 is
1387 308 1522 360 cibus,

99 364 391 418 tranquillitati
425 361 590 412 mentis,
626 367 665 395 96
683 361 906 416 quaerentis
941 375 1048 410 vera,
1082 362 1346 403 contrariam.
1408 363 1519 405 Cum
1534 370 1583 407 63

99 433 202 474 ergo
223 429 287 460 est
308 434 453 460 somno
472 427 688 459 sevocatus
707 417 871 459 animus
892 432 916 458 a
936 417 1151 467 societate,
1168 428 1209 458 et
1227 434 1251 459 a
1270 419 1523 474 contagione

98 477 300 530 corporis,
321 485 411 517 tum
431 474 622 515 meminit
641 474 964 529 praeteritorum,
981 474 1201 529 praesentia
1219 475 1363 525 cernit,
1381 476 1523 516 futura

98 532 311 585 praevidet.
335 532 451 595 jacet
482 531 595 571 enim
631 545 783 585 corpus
818 530 1076 580 dormientis,
1110 538 1158 570 ut
1188 532 1369 572 mortui:
1409 531 1562 587 vigetp
1576 545 1626 571 94.

99 596 239 628 autem
272 597 314 628 et
342 588 438 628 vivit
466 587 642 628 animus.
673 587 787 642 quod
817 587 953 627 multo
985 586 1120 641 magis
1146 587 1270 627 faciet
1289 597 1385 650 post
1406 591 1549 630 mor-a

98 652 200 694 tem,
222 659 318 684 curn
340 643 511 684 omnino
533 658 709 698 corpore
728 644 960 684 excesserit.
991 643 1131 699 itaque
1159 644 1522 706 appropinquante

97 710 234 740 morte
257 699 390 740 multo
410 709 473 740 est
493 700 682 740 divinior.
740 701 850 740 Nam
878 708 921 740 et
950 699 1134 755 idipsum
1154 699 1308 749 vident,
1331 715 1404 755 qui
1426 711 1522 743 sunt

96 756 247 796 morbo
266 756 381 810 gravi
400 765 444 797 et
464 757 681 797 mortifero
710 756 861 807 affecti,
883 757 1036 797 instare
1062 765 1258 797 mortem.
1289 756 1430 812 itaque
1456 758 1520 798 his

96 821 322 853 occurrunt
340 812 616 869 plerumque'
606 814 810 868 imagines
830 822 1120 854 mortuorum:
1154 822 1328 867 tumque
1347 813 1408 853 vel
1430 828 1520 854 ma-

95 868 205 909 xime
227 868 341 909 laudi
362 869 551 911 student.
575 884 731 925 eosque
751 870 823 924 qui
844 885 976 920 secus,
999 884 1122 933 quam
1147 869 1301 920 decuit,
1319 869 1519 921 vixerunt,

94 934 366 980 peccatorum
386 941 559 967 suorum
587 934 678 967 tum
710 940 889 966 maxime
910 926 1099 980 poenitet.
1158 926 1355 966 Divinare
1377 935 1580 972 autem64

93 982 333 1031 morientes,
354 983 481 1023 etiam
508 983 582 1023 illo
606 982 798 1046 exemplo
826 982 1046 1023 confirmat
1068 981 1328 1032 Posidonius,
1349 998 1433 1046 quo
1455 983 1518 1023 af-

92 1038 187 1087 fert,
209 1038 421 1078 Rhodium
451 1038 660 1093 quendam
689 1038 938 1079 morientem
968 1053 1038 1078 sex
1068 1038 1247 1093 aequales
1267 1039 1518 1090 nominasse,

91 1103 133 1134 et
153 1094 317 1144 dixisse,
339 1094 411 1159 qui
430 1095 588 1149 primus
608 1109 770 1146 eorum,
789 1095 861 1150 qui
887 1094 1109 1144 secundus,
1131 1103 1166 1130 9⁷
1183 1095 1255 1150 qui
1275 1094 1423 1135 deinde
1444 1096 1517 1136 de-

91 1150 233 1205 inceps
253 1152 479 1192 moriturus
498 1162 621 1193 esset.
679 1152 763 1192 Sed
794 1160 831 1185 98
847 1151 978 1192 tribus
1006 1151 1143 1192 modis
1171 1160 1314 1192 censet
1341 1151 1516 1192 deorum

91 1208 272 1270 appulsu
305 1207 496 1248 homines
530 1208 767 1249 somniare:
812 1223 911 1259 uno,
946 1208 1058 1271 quod
1096 1207 1318 1262 praevideat
1352 1207 1516 1248 animus

90 1263 180 1318 ipse
200 1277 272 1318 per
293 1278 398 1314 sese,
420 1265 575 1332 quippe
594 1265 664 1320 qui
685 1265 857 1305 deorum
885 1265 1136 1319 cognatione
1161 1273 1378 1305 teneatur:
1410 1265 1515 1305 alte-

91 1334 154 1370 ro,
175 1319 289 1374 quod
308 1320 457 1375 plenus
478 1327 548 1361 ae'r
569 1322 621 1362 sit
641 1298 966 1362 immortaliumC>
972 1318 1223 1371 animorum,
1247 1329 1285 1354 99
1298 1321 1340 1360 in
1363 1321 1515 1376 quibus

91 1384 304 1430 tamquam
337 1377 548 1432 insignitae
582 1386 691 1418 notae
722 1378 902 1418 veritatis
934 1386 1191 1432 appareant:
1232 1377 1368 1427 tertiO,
1400 1378 1515 1432 quod

87 1432 167 1486 ipsi
199 1431 256 1472 dii
287 1448 385 1473 cum
418 1434 721 1474 dormientibus
752 1434 1078 1489 colloquantur:
1122 1433 1265 1488 idque,
1305 1443 1352 1474 ut
1384 1433 1513 1474 modo

87 1488 186 1539 dixi,
211 1497 272 1520 100
285 1489 445 1530 facilius
477 1490 611 1531 evenit
640 1491 1001 1546 appropinquante
1030 1499 1181 1540 morte,
1211 1501 1259 1530 ut
1288 1490 1414 1530 animi
1445 1491 1513 1530 fu-

87 1553 183 1585 tura
209 1555 479 1600 augurentur.
539 1548 601 1587 Ex
629 1561 713 1601 quo
743 1557 786 1587 et
813 1547 918 1587 illud
948 1557 1011 1588 est
1043 1547 1206 1611 Calani,
1228 1546 1279 1587 de
1300 1561 1384 1602 quo
1412 1556 1510 1587 ante
1524 1553 1596 1590 65

87 1600 187 1652 dixi,
206 1610 249 1642 et
269 1603 488 1642 Homerici
509 1603 720 1653 Hectoris,
744 1603 816 1659 qui
844 1603 1023 1645 moriens
1054 1603 1331 1659 propinquam
1351 1602 1509 1644 Achilli

86 1666 266 1699 mortem
285 1657 516 1699 denuntiat.
575 1661 725 1722 Neque
745 1660 856 1700 enim
883 1669 893 1691 1
915 1660 1017 1701 illud
1039 1661 1209 1700 terbum
1231 1669 1387 1701 temere
1407 1674 1508 1700 co-n
1522 1655 1589 1703 31

87 1713 269 1755 suetudo
290 1716 615 1770 approbavisset,
638 1730 671 1756 31
691 1730 739 1757 ea
760 1731 822 1756 res
844 1716 958 1757 nulla
977 1724 1086 1757 esset
1106 1716 1304 1757 omnino:

191 1806 413 1856 Praesagibat
431 1820 573 1851 anzmus,
579 1808 723 1854 frustra
743 1821 792 1843 me
810 1808 868 1851 ire,
887 1821 961 1844 cum
981 1821 1032 1844 ext
1035 1821 1100 1844 rem
1117 1806 1215 1844 domo.

87 1892 233 1947 Sagire
253 1891 379 1942 enim,
397 1892 550 1933 sentire
571 1900 692 1933 acute
712 1901 799 1934 est:
824 1908 875 1933 ex
894 1908 978 1948 quo
1000 1907 1111 1957 sagae
1130 1908 1246 1942 anus,
1263 1892 1361 1948 quia
1376 1892 1510 1934 multa

85 1963 191 1989 scire
207 1948 377 1989 volunt:
409 1958 451 1989 et
471 1963 642 2003 sagaces
659 1948 760 1989 dicti
778 1964 914 1990 canes.
956 1950 1026 1990 Ι3
1017 1951 1158 2005 igitur,
1180 1950 1249 2005 qui
1271 1958 1365 1989 ante
1385 1950 1508 2004 sagit,

84 2019 211 2069 quam
243 2004 385 2046 oblata
415 2019 478 2046 res
509 2015 586 2056 est,
616 2005 768 2046 dicitur
796 2006 1034 2061 praesagire,
1064 2006 1108 2047 id
1137 2015 1213 2057 est,
1242 2006 1384 2047 futura
1412 2016 1508 2046 ante

84 2061 248 2102 sentire.

142 2118 258 2158 Inest
279 2117 408 2173 igitur
426 2116 470 2158 in
490 2117 638 2158 animis
658 2119 898 2175 praesagitio
929 2118 1183 2160 extrinsecus
1207 2118 1360 2173 injecta
1379 2127 1507 2175 atque
1521 2122 1572 2160 66

126 2271 165 2298 96
189 2265 343 2307 quaerentis
370 2264 455 2303 vera]
486 2265 537 2294 Sic
563 2264 640 2294 Mss.
668 2264 772 2304 plures

82 2310 166 2348 apud
192 2310 370 2339 Davisium.
404 2315 495 2338 recte.
542 2307 645 2346 Vulgo
672 2309 773 2338 editur

83 2352 224 2392 quaerenti
245 2352 338 2382 male.
362 2361 438 2381 nam
454 2361 544 2381 mens
560 2351 671 2390 quaerit
686 2361 768 2388 vera,

83 2404 147 2424 non
162 2395 380 2434 tranquillitas.

126 2443 162 2471 97
181 2438 232 2478 qui
247 2438 345 2467 deinde
358 2435 497 2475 deinceps]
514 2436 658 2466 Davisius
674 2446 690 2465 e
707 2437 770 2467 MS.

82 2479 198 2509 Eliensi
215 2480 351 2510 malebat
367 2480 418 2521 qui
432 2480 541 2508 demum
555 2479 690 2517 deinceps.
707 2481 771 2509 fru-

80 2529 152 2551 stra.
177 2522 303 2561 deinceps
325 2530 370 2552 est
393 2523 486 2559 aasz}
506 2535 530 2559 ς,
547 2522 622 2552 alter
642 2529 710 2561 post
725 2522 769 2552 al-

80 2572 194 2594 terum.
219 2566 348 2603 quidam
367 2566 445 2596 Mss.
465 2573 500 2596 ut
521 2565 628 2596 Guelf.
651 2566 770 2595 addunt

80 2608 142 2648 qui,
160 2608 209 2648 qui
225 2607 360 2646 deinceps.

116 2658 154 2683 98
172 2651 262 2679 tribus
277 2651 364 2679 modis
379 2650 501 2678 Deorum
512 2650 633 2690 appulsu
645 2651 766 2679 somnia-

81 2691 122 2730 re]
141 2693 274 2732 appulsus
292 2694 415 2722 Deorum
431 2693 490 2721 hoe
504 2693 573 2723 loco
589 2693 766 2733 intelligen-

79 2737 138 2764 dus
158 2743 203 2765 est
223 2737 260 2766 de
281 2737 310 2765 vi
332 2746 348 2765 e
371 2735 439 2764 Diis
460 2741 525 2764 orta
539 2744 568 2765 et
584 2744 667 2768 nata.
689 2746 766 2767 nam

80 2778 212 2816 appulsus
229 2779 366 2814 Deorum,
383 2778 437 2816 qui
461 2779 579 2816 proprie
602 2780 726 2815 dicitur,
743 2781 763 2809 i.

78 2830 106 2850 e.
122 2822 203 2851 actio
218 2822 361 2851 Deorum
384 2822 416 2850 in
439 2828 591 2857 mentem,
608 2822 640 2851 in
660 2823 765 2852 omni-

78 2864 137 2893 bus
154 2865 201 2895 his
213 2865 310 2895 tribus
324 2863 455 2904 intelligi
469 2873 533 2894 non
545 2870 655 2903 potest.
671 2874 700 2894 c.
710 2871 764 2895 31.

816 2265 904 2295 initio
918 2277 925 2293 :
939 2264 1108 2304 pret-:agitio
1120 2265 1292 2294 extrinsecus
1303 2264 1408 2304 injecta
1421 2272 1448 2294 et
1463 2265 1508 2295 in-

815 2307 894 2337 clusa
912 2308 1064 2337 divinitus.

859 2358 898 2384 99
920 2351 950 2379 in
966 2351 1066 2392 quibus
1081 2357 1102 2381 t.
1119 2349 1265 2390 insignitae
1279 2356 1354 2379 nolae
1369 2350 1506 2380 veritalis

814 2393 877 2432 ap.]
899 2394 1044 2432 Intelligo
1070 2395 1135 2423 sic:
1161 2393 1192 2423 in
1217 2393 1331 2433 quibus
1355 2394 1505 2424 omnibus

814 2446 858 2466 eae
873 2437 937 2467 sint
958 2444 1041 2467 notae
1062 2437 1243 2473 divinitatis,
1260 2443 1295 2467 ut
1310 2437 1347 2466 de
1363 2446 1399 2467 ea
1414 2437 1505 2467 dubi-

813 2480 868 2509 tari
886 2490 950 2510 non
967 2480 1072 2519 possit.
1096 2480 1243 2519 insignitae
1259 2481 1277 2509 i.
1291 2489 1318 2509 e.
1341 2479 1423 2510 clare
1444 2481 1504 2510 im-

812 2532 935 2561 pressae,
966 2532 1109 2562 quocum
1139 2524 1234 2553 etiam
1261 2523 1393 2553 verbum
1425 2523 1503 2553 illud

812 2566 961 2605 conjungi
977 2565 1067 2595 solet.

857 2616 916 2639 100
927 2608 1054 2648 facilius
1079 2605 1192 2647 evenit]
1220 2607 1271 2637 Sic
1289 2608 1366 2638 Mss.
1384 2607 1500 2647 plures,

809 2652 905 2681 etiam
921 2652 1028 2682 Guelf.
1044 2652 1185 2689 itemque
1200 2651 1268 2681 edd.
1281 2657 1354 2681 vett.
1367 2651 1418 2681 alii
1436 2661 1501 2680 eve-

810 2702 880 2766 me:-
894 2737 971 2766 illud
983 2733 1119 2775 verbum]
1142 2735 1286 2767 Refertur
1307 2737 1345 2765 ad
1367 2745 1499 2774 sequen-

809 2780 862 2816 tia,
893 2788 924 2810 et
955 2779 1138 2819 intelligitur
1166 2779 1301 2808 verbum
1324 2778 1499 2818 praesagire,

808 2823 892 2862 quod
907 2824 941 2854 in
956 2832 1047 2854 versu
1064 2828 1216 2863 sequente
1231 2827 1287 2851 est.
