1778 3095
556 111 738 148 LIBER
773 111 1017 150 PRIMUS.
1420 119 1496 160 527

74 232 149 274 per
166 218 317 261 lituum
340 219 559 275 regionum
579 218 690 258 facta
707 217 956 272 descriptio
948 221 962 247 ³
995 219 1067 275 qui
1086 234 1183 260 cum
1202 226 1374 275 propter
1393 236 1497 277 pau-

73 283 277 341 pertatem
309 291 401 317 sues
429 288 532 331 puer
559 282 760 329 pasceret,
789 289 872 314 una
899 289 949 314 ex
976 275 1040 316 his
1068 276 1234 324 amissa,
1253 277 1411 317 voviss'e
1433 279 1496 319 di-

74 331 197 382 citur,
229 334 262 374 si
293 340 587 396 recuperasset,
617 345 738 370 uvam
770 343 813 370 se
844 329 923 370 deo
954 330 1166 381 daturum,
1192 347 1286 387 quae
1317 335 1499 376 maxima

72 396 183 427 esset
213 388 255 429 in
286 389 413 429 vinea.
443 387 583 441 itaque
614 400 686 426 sue
715 385 894 435 inventa,
924 386 976 426 ad
1007 388 1223 428 meridiem
1244 396 1435 444 spectans
1456 392 1498 431 in

74 443 192 485 vinea
220 445 358 485 media
384 443 537 484 dicitur
564 442 829 483 constitisse.
861 457 1043 498 cumque
1068 444 1108 483 in
1139 454 1337 498 quattuor
1359 455 1498 500 partes

75 499 236 541 vineam
277 500 492 549 divisisset,
524 507 690 554 tresque
730 508 867 553 partes
913 513 1006 539 aves
1045 499 1314 552 abdixissent,
1353 511 1500 556 quarta

72 567 206 610 parte,
244 572 336 612 quae
377 565 464 596 erat
502 554 662 610 reliqua
695 562 732 586 ⁵²3
754 555 792 595 in
833 555 1005 610 regione
1042 555 1279 620 distributa,
1318 559 1499 600 mirabili

74 613 364 668 magnitudine
394 626 531 676 uvam,
560 621 608 652 ut
638 611 838 666 scriptum
870 611 1071 661 videmus,
1101 612 1269 653 invenit.
1328 614 1427 655 Qua
1456 629 1500 656 re

74 669 295 719 celebrata,
328 677 365 700 54
379 683 474 709 cum
499 668 619 708 vicini
646 683 792 708 omnes
813 667 866 708 ad
886 683 1016 709 unum
1038 668 1090 708 de
1110 668 1232 709 rebus
1266 668 1349 709 suis
1371 671 1497 711 refer-

73 733 181 775 rent,
213 734 302 765 erat
330 725 371 765 in
405 739 563 780 magno
594 724 763 765 nomine
783 734 824 765 et
845 724 992 780 gloria.
1051 726 1114 766 Ex
1133 740 1218 780 quo
1240 725 1399 766 factum
1421 736 1497 778 est,
1510 740 1561 772 32

73 790 122 822 ut
141 796 237 821 eum
258 780 311 821 ad
333 796 376 822 se
407 796 478 821 rex
477 759 668 822 0Priscus
693 790 930 821 arcesseret.
990 790 1027 813 ⁵⁵
1048 780 1182 837 Cujus
1203 796 1300 822 cum
1322 791 1502 824 tentaret

75 837 290 877 scientiam
323 849 567 892 auguratUS,
598 837 702 877 dixit
731 837 784 884 ei,
813 837 999 892 cogitare
1030 852 1072 878 se
1103 837 1317 893 quiddam,
1337 839 1379 879 id
1402 854 1502 893 pos·-

75 901 191 933 setne
221 893 322 944 fieri,
352 894 575 934 consuluit.
636 893 726 942 Ille,
757 907 935 956 augurio
965 903 1075 943 acto,
1106 908 1242 948 posse,
1273 895 1504 951 respondit.

74 949 325 1005 Tarquinius
354 962 490 991 autem
521 949 638 997 dixit,
667 963 711 989 se
744 949 967 1003 cogitasse,
995 960 1134 990 cotem
1161 951 1361 1014 novacula
1382 966 1504 1007 posse

74 1006 260 1061 praecidi.
318 1007 428 1047 Tum
452 1004 654 1046 Attium
638 1005 814 1060 Jussisse
835 1005 1023 1061 experiri.
1052 1006 1111 1046 ita
1135 1015 1288 1057 cotem,
1309 1007 1350 1047 in
1370 1009 1504 1049 comi-

75 1063 183 1103 tium
213 1062 395 1112 allatam,
426 1062 685 1116 inspectante
711 1072 754 1102 et
783 1076 883 1116 rege
912 1071 953 1102 et
984 1062 1158 1116 populo,
1186 1063 1387 1104 novacula
1413 1079 1503 1105 esse

76 1119 305 1159 discissam.
365 1120 427 1159 Ex
448 1133 499 1158 eo
518 1118 666 1168 evenit,
689 1128 736 1158 ut
755 1127 798 1158 et
816 1119 1067 1173 Tarquinius
1089 1133 1250 1173 augure
1270 1120 1391 1160 Attio
1411 1122 1502 1161 Na-

76 1176 141 1217 vio
161 1183 362 1225 uteretur,
383 1184 424 1215 et
452 1174 632 1230 populus
654 1174 705 1215 de
727 1175 811 1215 suis
832 1175 955 1215 rebus
977 1174 1030 1215 ad
1049 1189 1146 1215 eum
1168 1176 1354 1217 referret.
1414 1176 1502 1217 Co·
1515 1185 1564 1217 33

76 1240 162 1272 tem
193 1241 333 1272 autem
366 1231 480 1271 illam
510 1240 552 1271 et
580 1231 825 1271 noxaculam
854 1231 1094 1272 defossam
1086 1246 1126 1271 1n
1148 1232 1336 1283 comitio,
1358 1247 1504 1288 supra-

75 1303 158 1344 que
188 1288 433 1342 impositum
464 1287 605 1342 puteal
635 1288 887 1343 accepimus.
946 1288 1165 1342 Negemus
1188 1288 1353 1329 omnia·
1388 1303 1507 1331 com-

76 1345 277 1385 buramus
299 1344 491 1393 annales3
525 1344 619 1384 ficta
644 1343 735 1384 haec
767 1358 856 1385 esse
884 1343 1100 1384 dicamus.
1134 1344 1295 1399 quidvis
1326 1345 1505 1400 denique

76 1401 233 1456 potius,
263 1416 388 1456 quam
423 1400 523 1440 deos
555 1415 620 1440 res
650 1400 854 1441 humanas
887 1415 1046 1450 cuiare,
1075 1401 1296 1442 fateamur.
1353 1401 1502 1458 Quid?

78 1458 196 1513 quod
219 1463 256 1488 56
271 1457 381 1512 apud
403 1467 444 1497 te
465 1471 529 1497 scr
533 1456 667 1512 iptum
687 1466 751 1497 est
772 1457 824 1497 de
840 1457 904 1497 Ti.
923 1456 1134 1507 Graccho,
1153 1472 1289 1498 nonne
1308 1467 1359 1498 et
1370 1472 1506 1512 augu-

76 1529 187 1564 rum,
207 1523 249 1554 et
269 1513 538 1568 haruspicum
561 1514 809 1568 comprobat
829 1513 1115 1568 disciplinam?
1141 1514 1227 1569 qui,
1250 1529 1348 1555 cum
1370 1515 1509 1555 taber—

79 1570 276 1610 naculum
307 1570 405 1610 vitio
435 1570 613 1624 cepisset
642 1569 901 1633 imprudens,
933 1569 1047 1625 quod
1079 1577 1115 1606 ⁵7
1136 1570 1396 1625 inauspicato
1431 1584 1509 1625 po-

78 1627 275 1667 moerium
297 1634 578 1680 transgressus
599 1634 731 1666 esset:
764 1626 935 1666 comitia
954 1626 1197 1667 consulibus
1214 1627 1413 1681 rogandis
1433 1627 1507 1667 ha-

78 1683 183 1724 buit.
243 1684 361 1724 Nota
381 1697 445 1722 res
468 1691 544 1732 est,
566 1692 608 1722 et
630 1696 653 1722 a
673 1691 714 1722 te
736 1682 827 1737 ipso
849 1681 1044 1722 mandata
1065 1683 1366 1724 monumentis.
1426 1683 1510 1724 Sed

79 1748 123 1780 et
142 1739 230 1794 ipse
247 1753 381 1793 augur
395 1739 459 1779 Ti.
483 1739 701 1780 Gracchus
721 1738 1003 1793 auspiciorum
1024 1739 1317 1780 auctoritatem
1341 1739 1507 1780 confes-
1520 1747 1552 1779 b.

79 1795 198 1836 sione
219 1795 343 1835 errati
357 1795 420 1835 sui
427 1795 740 1859 comprobavit,
753 1805 796 1835 et
814 1794 1082 1858 haruspicum
1106 1794 1336 1849 disciplinae
1355 1810 1511 1850 magna

80 1852 258 1893 accessit
278 1851 518 1901 auctoritas,
541 1866 612 1906 qul
632 1851 866 1891 recentibus
887 1851 1068 1891 comitiis
1096 1851 1138 1891 in
1163 1859 1352 1892 senatum
1376 1851 1510 1892 intro-

82 1908 213 1959 ducti,
236 1916 273 1939 ⁵8
292 1917 559 1962 negaverunt,
575 1907 739 1971 justum
759 1907 1029 1947 comitiorum
1049 1916 1292 1962 rogatorem
1312 1907 1452 1948 fuisse

140 1965 196 2004 Iis
225 1964 354 2019 igitur
385 1963 600 2013 assentior,
621 1964 693 2018 qui
719 1963 804 2003 duo
829 1977 983 2018 genera
1010 1963 1313 2004 divinationum
1335 1979 1424 2005 esse
1446 1964 1510 2005 di·
1529 1967 1593 2015 18

80 2030 260 2062 xerunt.
302 2035 448 2070 unum,
485 2020 598 2075 quod
630 2020 856 2083 particeps
871 2029 980 2060 esset
1009 2020 1134 2070 artis3
1171 2021 1365 2070 alterum,
1396 2021 1510 2076 quod
1522 2040 1575 2073 34

82 2086 170 2118 arte
203 2086 374 2118 careret
434 2078 510 2117 Est
539 2076 649 2117 enim
683 2091 748 2116 ars
777 2076 818 2116 in
847 2075 911 2125 iis,
933 2076 1004 2132 qui
1025 2091 1151 2116 novas
1181 2091 1244 2117 res
1269 2077 1513 2132 conjectura

82 2143 417 2189 persequuntur·
406 2165 430 2196 ⁵.
449 2142 606 2173 veteres
633 2132 921 2173 observatione
948 2133 1197 2173 didicerunt.
1259 2132 1416 2174 Carent
1436 2148 1511 2174 au—

82 2199 169 2231 tem
191 2199 278 2231 arte
299 2190 342 2241 ii,
361 2189 447 2245 qui,
465 2204 548 2230 non
569 2189 728 2230 ratione
749 2197 821 2230 aut
841 2188 1096 2245 conjectura,
1117 2189 1264 2229 observ
1257 2189 1346 2230 atis
1366 2203 1413 2230 ac
1436 2204 1513 2232 no-

129 2327 165 2351 53
191 2320 220 2349 in
237 2319 347 2359 regione
363 2316 531 2356 distributa]
551 2318 697 2347 Davisius
713 2318 778 2347 edi·

82 2364 128 2393 dit
142 2363 275 2402 regiones.
299 2362 392 2392 male.
417 2371 492 2391 nam
508 2368 616 2400 quarta
628 2371 696 2399 pars
712 2370 778 2389 non

84 2413 150 2436 erat
165 2407 197 2435 in
214 2407 353 2445 regiones
369 2406 545 2440 distributa,
563 2405 616 2433 sed
631 2411 695 2433 erat
710 2413 778 2442 pars

86 2449 187 2478 vineae
203 2449 235 2478 in
251 2449 389 2487 regiones
401 2448 587 2485 distributae‚
599 2448 664 2476 sive
680 2447 778 2485 regio-

87 2492 136 2521 nis
152 2491 324 2521 distributae
339 2500 375 2520 ac
390 2491 507 2520 divisae.

133 2541 171 2564 54
195 2544 258 2563 cum
284 2544 373 2562 omnes
395 2533 435 2562 ad
454 2532 554 2571 unum]
586 2534 664 2562 Mss.
692 2538 728 2561 ut
751 2538 780 2561 et

90 2575 198 2606 Guelf.
215 2576 333 2605 habent
348 2576 387 2603 ad
399 2587 473 2612 eum,
487 2577 570 2614 quod
588 2575 701 2614 recepit
715 2575 780 2604 Da-

92 2620 197 2650 visius.
241 2619 301 2647 Sed
318 2620 396 2648 bene
414 2620 539 2648 monuit
554 2619 778 2656 Wopkensius,

90 2673 176 2691 unum
190 2661 305 2691 melius
318 2662 500 2699 respondere
513 2662 555 2698 τῷ
569 2672 668 2690 omnes.
690 2661 782 2690 intel-

90 2705 257 2743 }igendum
272 2710 318 2733 est
341 2714 415 2738 eum,
431 2710 486 2732 aut
505 2704 698 2740 addendum,
716 2713 782 2733 non

91 2756 146 2787 pro
162 2758 248 2776 unum
264 2747 493 2785 reponendum.

138 2797 175 2820 55
203 2789 293 2829 Cujus
316 2800 378 2818 cum
402 2788 717 2826 tentaret-consuluit]
739 2789 783 2817 0-

94 2833 170 2862 ratio
185 2832 293 2873 paullo
308 2833 413 2862 durior
429 2838 483 2861 est.
506 2840 561 2869 pro
584 2841 645 2860 cum
669 2831 782 2862 melius

819 2318 972 2353 videatur,
989 2323 1041 2346 ut:
1065 2318 1117 2347 sed
1140 2323 1264 2346 tentaret
1282 2325 1383 2357 potest
1399 2318 1515 2348 intelli-

821 2362 864 2399 gi,
881 2367 997 2390 tentare
1012 2360 1124 2390 vellet:
1154 2360 1304 2390 Consuluit
1326 2361 1438 2391 malim
1462 2362 1516 2391 de-

822 2404 889 2439 leri,
907 2404 980 2442 quia
1001 2405 1159 2433 duriorem
1182 2404 1256 2434 facit
1276 2406 1464 2441 orationem,
1486 2411 1517 2435 et

822 2447 959 2485 glossam
981 2447 1069 2485 sapit.
1095 2447 1157 2475 Ms.
1182 2446 1288 2476 Guelf.
1312 2457 1368 2486 pro
1387 2457 1518 2486 augura-

823 2495 880 2525 tus,
897 2489 991 2518 habet
1003 2489 1176 2518 accuratius.

868 2536 906 2562 56
929 2532 1009 2570 apud
1022 2536 1064 2572 τε]
1084 2532 1133 2561 De
1148 2531 1222 2561 Nat.
1240 2531 1282 2561 D.
1300 2531 1342 2568 ΙΙ,
1361 2538 1391 2562 4.
1412 2530 1467 2562 ubi
1485 2541 1518 2563 v.

825 2575 1012 2604 Buherium.
1338 2573 1340 2575 ’

869 2624 904 2652 57
932 2617 1043 2656 inausp.
1067 2623 1101 2656 p.
1128 2623 1318 2656 transgressus
1347 2615 1432 2654 esset]
1465 2615 1517 2645 Sc.

825 2669 901 2690 cum
917 2661 1016 2689 exiret
1031 2661 1069 2689 ad
1085 2660 1263 2698 auspicium
1279 2659 1483 2698 capiendum.

870 2710 907 2734 58
932 2701 1128 2742 negaverunt]
1156 2703 1217 2732 An
1232 2701 1442 2741 uergant-rant?
1467 2701 1518 2730 Sc.

825 2753 909 2782 ante,
934 2755 1033 2785 quam
1058 2745 1222 2777 Gracchus
1241 2747 1299 2776 ista
1321 2744 1519 2779 nunciasset,

826 2796 862 2819 ut
878 2796 960 2828 patet
974 2798 992 2818 e
1008 2788 1077 2818 ioco
1093 2789 1145 2818 cit.

1444 2840 1521 2864 .*>
