1768 3095
500 102 679 139 LIBER
718 101 1056 138 SECUNDUS.
1434 109 1505 141 141

72 218 135 252 ter
156 211 219 253 vel
247 226 345 253 cum
375 209 545 259 labore3
577 216 626 250 ut
653 208 695 248 in
727 207 963 263 gignendo,
985 208 1028 248 in
1057 207 1279 248 educando
1310 210 1508 263 perfacile

71 277 285 323 appareat,
318 266 431 318 aliud
464 265 669 321 quiddam
704 264 754 305 iis
788 265 1073 319 propositum,
1095 278 1181 305 non
1210 264 1504 319 voluptatem?

73 324 226 379 partim
268 338 406 373 cursu,
445 331 488 362 et
526 321 863 378 peregrinatione
901 321 1098 361 laetantur
1117 338 1126 361 :
1173 322 1505 376 congregatione

73 380 165 421 aliae
182 388 340 421 coetum
362 378 548 434 quodam
569 377 700 418 modo
731 377 907 418 civitatis
938 377 1170 418 imitantur.
1230 377 1439 419 Videmus
1462 379 1503 419 in
1523 395 1536 424 1
1548 395 1595 427 10

74 436 258 491 quodam
291 435 525 476 volucrium
556 448 713 490 genere
744 434 945 474 nonnulla
970 433 1124 474 indicia
1150 433 1331 489 pietatis,
1353 435 1503 490 cogni-

72 493 247 542 tionem,
267 492 542 533 memoriam:
573 492 616 532 in
638 490 783 532 multis
804 491 932 531 etiam
956 498 993 522 8³3
1012 490 1276 546 disciplinam
1298 490 1502 532 videmus.

71 550 186 604 Ergo
209 549 249 588 in
268 548 412 589 bestiis
433 558 556 589 erunt
582 556 742 588 secreta
772 562 796 587 a
824 547 1039 602 voluptate
1070 547 1352 587 humanarum
1385 562 1502 603 quae-
1514 562 1545 591 p.
1565 560 1615 587 ss.

71 604 165 645 dam
189 604 411 645 simulacra
429 604 658 645 virtutum:
690 604 732 644 in
762 603 861 658 ipsis
885 603 1128 644 hominibus
1158 603 1300 654 virtus,
1323 603 1401 644 nisi
1430 620 1502 646 vo·
1516 605 1544 626 a.

22 683 23 686 =
69 660 241 716 luptatis
262 675 401 712 causa,
424 661 539 702 nulla
557 661 663 702 erit?
697 670 740 701 et
759 660 935 710 homini,
959 660 1031 715 qui
1052 660 1200 701 ceteris
1222 660 1505 703 animantibus

68 717 298 771 plurimum
321 727 506 773 praestat,
530 717 731 772 praecipui
753 731 777 757 a
799 724 946 757 natura
976 716 1079 757 nihil
1108 716 1255 757 datum
1278 731 1368 758 esse
1390 716 1506 759 dice·

68 787 161 814 mus
184 775 197 812 ?
231 775 323 814 Nos
356 788 468 825 vero,
500 773 532 814 si
564 773 733 829 quidem
754 773 797 813 in
819 772 1034 827 voluptate
1056 782 1153 814 sunt
1182 773 1337 824 omnia,
1358 774 1502 830 longe,
1516 776 1589 827 34

69 830 336 886 multumque
357 845 603 885 superamur
624 845 647 870 a
668 829 812 871 bestiis
832 846 841 870 :
872 830 1025 885 quibus
1052 830 1142 885 ipsa
1161 838 1271 871 terra
1293 830 1433 872 fundit
1453 845 1503 871 ex
1521 855 1589 885 111

67 900 155 927 sese
174 895 318 941 pastus
340 888 487 938 varios,
510 895 548 918 84
563 887 754 941 varieque
774 886 1034 926 abundantes
1057 886 1160 927 nihil
1185 886 1502 929 laborantibus:

70 942 189 983 nobis
211 953 352 984 autem
374 952 448 984 aut
468 943 547 993 vix,
570 952 643 984 aut
662 957 714 983 ne
734 943 799 983 vix
820 942 1005 997 quidem,
1027 952 1259 998 suppetunt
1287 943 1425 984 multo
1446 944 1507 985 la-

71 999 173 1040 bore
207 1000 504 1055 quaerentibus.
536 1014 611 1041 nec
642 1008 783 1040 tamen
810 999 896 1039 ullo
928 1000 1058 1040 modo
1089 1014 1304 1040 summum
1332 1000 1506 1055 pecudis

69 1056 244 1107 bonum,
266 1065 310 1097 et
327 1056 524 1107 bominis,
542 1055 655 1097 idem
678 1055 781 1096 mihi
803 1056 930 1096 videri
950 1064 1102 1111 potest.
1131 1056 1233 1112 quid
1256 1056 1367 1097 enim
1388 1065 1506 1098 tanto

71 1126 177 1167 opus
209 1123 272 1153 est
306 1113 587 1154 instrumento
618 1113 659 1153 in
690 1112 860 1167 optimis
891 1113 1049 1153 artibus
1076 1113 1383 1168 comparandis,
1407 1114 1508 1169 quid

70 1176 189 1209 tanto
220 1183 428 1210 concursu
456 1169 851 1210 honestissimorum
882 1169 1136 1219 studiorum„
1158 1179 1276 1210 tanto
1306 1169 1506 1211 virtutum

70 1226 290 1275 comitatu,
328 1227 361 1266 si
397 1240 445 1266 ea
477 1226 633 1266 nullam
667 1225 718 1266 ad
755 1225 878 1265 aliam
915 1240 1018 1275 rem,
1051 1226 1128 1266 nisi
1162 1226 1215 1267 ad
1246 1226 1507 1282 voluptatem

70 1282 404 1337 conquiruntur?
442 1283 516 1332 Ut,
539 1283 571 1322 si
594 1284 769 1331 Xerxes,
791 1296 889 1322 cum
912 1283 1038 1323 tantis
1057 1283 1274 1333 classibus,
1294 1284 1506 1340 tantisque
1523 1299 1594 1331 112

69 1339 348 1392 equestribus,
397 1349 440 1380 et
488 1338 755 1394 pedestribus
807 1338 957 1393 copiis,
1010 1339 1294 1394 Hellesponto
1336 1339 1506 1394 junct0‚

70 1394 244 1435 Athone
273 1395 478 1450 perfosso,
501 1395 632 1436 maria
662 1394 970 1446 ambulavisset,
992 1404 1232 1451 terramque
1257 1397 1507 1452 navigasset,

70 1450 119 1501 si,
141 1465 236 1491 cum
261 1462 379 1492 tanto
401 1453 564 1507 impetu
593 1452 634 1491 in
667 1452 877 1492 Graeciam
899 1452 1089 1502 venisset,
1111 1467 1281 1493 causam
1302 1453 1392 1509 ejus
1414 1454 1508 1509 quis

70 1521 120 1546 ex
155 1521 206 1547 eo
239 1518 459 1562 quaereret,
492 1516 702 1549 tantarum
734 1508 967 1562 copiarum,
991 1509 1181 1564 tantique
1214 1508 1328 1559 belli,
1350 1510 1434 1551 mel
1464 1526 1507 1551 se

70 1563 235 1604 auferre
256 1578 307 1604 ex
328 1564 541 1619 Hymetto
562 1564 742 1605 voluisse
769 1564 939 1615 diceret,
961 1575 1073 1605 certe
1094 1566 1181 1606 sine
1201 1579 1326 1606 causa
1347 1567 1507 1608 videre-

71 1628 141 1660 tur
173 1628 288 1661 tanta
320 1630 524 1662 conatus:
557 1621 614 1662 sic
645 1636 721 1661 nos
753 1620 1002 1675 sapientem,
1023 1621 1227 1676 plurimiS‚
1249 1632 1293 1662 et
1313 1623 1509 1678 gravissi-

71 1676 151 1716 mis
172 1677 346 1727 artibus,
369 1687 496 1733 atque
517 1677 740 1718 virtutibus
771 1677 1024 1718 instructum
1046 1687 1086 1718 et
1108 1687 1319 1730 ornatum,
1340 1694 1439 1732 non,
1460 1690 1509 1722 ut

70 1732 204 1783 illum,
240 1734 372 1774 maria
408 1734 586 1789 pedibus
628 1743 937 1789 peragrantem,
975 1735 1177 1776 classibus
1218 1744 1398 1787 montes,
1435 1736 1508 1778 sed

70 1803 196 1830 omne
230 1790 398 1841 caelum,
430 1800 650 1846 totamque
682 1805 780 1832 cum
818 1791 1010 1832 universo
1043 1792 1148 1832 mari
1182 1800 1336 1833 terram
1366 1804 1509 1834 mente

70 1845 355 1901 complexum,
376 1848 635 1903 voluptatem
655 1856 794 1902 petere
815 1847 848 1887 si
869 1847 1073 1899 dicemus,
1093 1849 1228 1890 mellis
1248 1864 1374 1890 causa
1395 1850 1507 1892 dice-

70 1916 165 1942 mus
200 1911 318 1943 tanta
352 1904 564 1944 molitum.
622 1903 693 1944 Ad
728 1905 877 1945 altiora
912 1904 1121 1959 quaedam,
1157 1916 1200 1947 et
1235 1907 1597 1961 magnificem-113

69 1958 193 2008 tiora,
214 1959 319 2000 mihi
339 1959 477 2010 crede,
497 1961 726 2015 Torquate,
747 1961 834 2001 nati
854 1976 998 2002 sumus
1017 1979 1026 2002 ε
1059 1977 1135 2003 nec
1156 1963 1197 2004 id
1220 1976 1270 2003 ex
1288 1964 1417 2004 animi
1438 1978 1508 2004 so-

68 2014 160 2056 lum
187 2016 391 2070 partibus,
423 2016 464 2057 in
498 2016 651 2072 quibus
681 2017 789 2058 inest
820 2019 1024 2059 memoria
1053 2034 1194 2060 rerum
1221 2019 1508 2061 innumerabi-

67 2071 187 2122 lium,
223 2079 259 2104 85
278 2072 371 2113 vitae
409 2073 579 2127 quidem
617 2073 792 2124 infinita,
826 2073 934 2115 inest
968 2077 1212 2131 conjectura
1247 2089 1508 2133 consequen-

71 2128 194 2178 tium,
227 2143 311 2169 non
342 2129 525 2171 multum
558 2144 582 2169 a
614 2129 865 2171 divinatione
898 2131 1106 2183 differens,
1127 2133 1235 2173 inest
1268 2132 1511 2174 moderator

73 2185 314 2239 cupiditatis
334 2185 487 2241 pudor,
511 2186 619 2227 inest
637 2186 690 2227 ad
710 2186 939 2227 humanam
967 2188 1211 2229 societatem
1226 2188 1405 2244 justitiae
1427 2190 1510 2230 fida

70 2241 291 2283 custodia:
323 2242 432 2283 inest
461 2243 502 2283 in
536 2243 814 2298 perpetiendis
843 2243 1057 2284 laboribus
1088 2245 1373 2300 adeundisque
1399 2246 1509 2300 peri-

73 2297 179 2338 culis
200 2298 319 2339 firma
339 2308 381 2339 et
400 2299 560 2340 stabilis
581 2300 738 2340 doloris
760 2300 991 2355 mortisque
1017 2301 1263 2341 contemtio.
1294 2315 1398 2357 ergo
1418 2302 1510 2343 haec

74 2352 114 2393 in
135 2354 312 2396 animis:
342 2365 391 2396 tu
422 2364 563 2396 autem
592 2356 719 2397 etiam
751 2357 942 2397 membra
961 2357 1051 2412 ipsa
1070 2371 1298 2413 sensusque
1317 2358 1511 2399 conside-

72 2424 142 2450 ra:
174 2412 245 2466 qui
267 2412 344 2452 tibi
364 2421 413 2453 ut
436 2412 606 2469 reliquae
627 2413 815 2469 corporis
836 2422 989 2469 parteS,
1014 2420 1051 2445 86
1069 2428 1154 2454 non
1174 2414 1351 2455 comites
1372 2414 1510 2456 solum

0 2068 57 2078 ιο...

70 2535 212 2568 appareat
238 2532 297 2561 διο.
323 2532 408 2570 quod
438 2541 504 2561 non
530 2532 684 2571 displicet.
711 2533 768 2563 Ed.
812 2534 893 2563 dum
910 2533 1016 2564 habet.

71 2581 117 2610 pr.
133 2582 188 2611 pro
211 2574 308 2604 altero
323 2574 439 2614 partim
463 2575 559 2605 habet
579 2576 687 2605 cicures
700 2583 727 2605 et
743 2588 770 2607 c.
857 2583 896 2606 84
923 2577 1065 2618 varieque
1090 2576 1278 2616 abundantes]
1306 2579 1382 2609 Non
1409 2578 1512 2618 placet

73 2621 101 2642 et
106 2621 141 2653 p.
157 2615 178 2645 l.
812 2620 866 2648 hic
888 2619 1039 2661 varieque.
1084 2620 1232 2651 Davisius
1257 2622 1290 2650 in
1318 2622 1381 2651 Ms.
1402 2622 1513 2661 reperit

117 2664 154 2688 83
171 2657 353 2697 disciplinam
367 2658 528 2700 videmus]
554 2660 606 2690 Sic
628 2670 683 2700 pro
699 2661 770 2691 vul·
813 2668 912 2702 atque,
931 2670 965 2692 ut
981 2669 1011 2692 et
1027 2663 1074 2693 ed.
1085 2663 1157 2693 Aldi
1172 2674 1244 2702 nep.
1261 2665 1367 2694 habet.

75 2706 146 2737 gato
169 2701 262 2731 hodie
285 2702 438 2740 desideria,
452 2704 538 2742 quod
557 2705 770 2734 commodum
859 2712 897 2735 85
917 2705 994 2734 vitae
1019 2706 1135 2747 quidem
1158 2706 1289 2746 irfinita]
1315 2707 1413 2737 Deest
1436 2707 1513 2737 sub-

75 2751 205 2773 sensum
230 2754 294 2775 non
319 2746 426 2782 habet,
451 2747 570 2777 habent
584 2754 695 2786 praeter
709 2756 770 2777 scr.
813 2749 1008 2778 stantivum:
1034 2758 1110 2778 nam
1135 2749 1271 2779 memoria
1293 2760 1358 2780 non
1381 2757 1452 2789 apta
1468 2757 1515 2780 est

75 2786 229 2822 quosdam
249 2788 298 2818 ed.
312 2798 357 2828 pr.
375 2789 454 2818 Ven.
475 2796 566 2822 1494.
589 2789 662 2820 Ald.
685 2791 771 2829 quod
814 2791 902 2822 huic.
918 2801 960 2821 an
976 2791 1119 2830 cupiditas
1135 2793 1274 2822 excidit?

75 2834 201 2859 secutus
221 2839 306 2861 sum.
350 2831 494 2863 Sensum
514 2834 602 2863 enim
625 2842 771 2863 commo-
860 2838 898 2864 86
915 2845 968 2863 non
980 2834 1093 2863 comites
1109 2833 1196 2864 solum
1211 2835 1371 2872 virtutum,
1387 2834 1439 2864 sed
1457 2834 1513 2864 mi-
