1778 3095
241 122 319 159 616
803 120 888 157 DE
928 121 1102 159 FATO

237 228 379 270 Licuit
411 227 475 269 vel
505 227 643 293 altum,
674 227 850 269 Utinam
890 244 943 270 ne
979 229 1021 270 in
1059 229 1172 271 Pelio
1207 237 1304 271 nata
1343 229 1431 272 ulla
1459 243 1660 286 umquam

237 294 347 326 esset
367 285 514 326 arbor!
547 285 674 325 etiam
694 299 832 341 supra,
854 285 1028 327 Utinam
1051 301 1102 326 ne
1127 297 1236 328 esset
1256 295 1433 328 391nons
1452 287 1563 328 ullus
1585 288 1662 327 Pe-

236 340 338 382 lius!
362 341 633 398 similiterque
654 342 867 397 superiora
887 353 1144 398 repetentem
1170 344 1334 400 regredi
1353 344 1511 386 infinite
1531 343 1643 385 licet.

191 442 224 475 b,
343 434 442 470 Neve
459 432 533 469 inde:
551 433 652 470 navis
671 432 865 471 inchoandae
884 433 1054 470 exordium

344 487 517 536 Coepz'sset.

234 560 452 602 Quorsum
475 560 564 601 haec
585 560 821 616 praeterita?
848 560 946 616 quia
965 560 1153 616 sequitur
1171 560 1291 612 illud,

340 641 433 676 Nam
452 654 632 690 numquam
652 639 730 676 hera
749 652 865 676 errans
884 653 969 681 mea,
989 639 1080 675 domo
1097 639 1226 688 qffer'ret
1236 639 1367 690 pedem,

338 693 479 738 Medea,
499 694 607 729 animo
625 707 729 742 aegro,
750 706 859 729 amore
877 707 970 729 saevo
989 694 1119 736 saucia,

153 775 220 829 16
234 792 331 827 non,
362 786 409 817 ut
441 791 499 816 eae
531 790 594 816 res
624 791 793 817 causam
824 777 1019 818 afferrent
1053 777 1220 817 amoris.
1280 778 1487 819 Interesse
1518 788 1660 822 autem

167 835 361 888 35aiunt,
383 843 524 874 utrum
555 833 765 888 ejusmodi
796 833 897 889 quid
929 833 997 883 sit,
1021 833 1107 874 sine
1138 848 1223 889 quo
1254 833 1411 898 aliquid
1441 835 1547 876 effici
1575 852 1659 878 non

229 890 376 945 possit,
399 905 450 930 an
472 889 694 945 ejusmodi,
718 905 835 946 quo
824 890 980 945 aliquid
1003 890 1108 931 effici
1131 905 1298 931 necesse
1319 892 1385 931 sit.
1425 892 1586 932 Nulla'
1577 894 1659 948 igi-

228 954 297 986 tur
327 961 470 987 earum
501 956 564 987 est
593 961 732 996 causa,
754 947 953 1002 quoniam
984 946 1098 987 nulla
1126 961 1217 986 eam
1250 962 1335 987 rem
1365 962 1439 988 sua
1460 948 1497 988 vi
1518 948 1658 1000 efficit,

229 1003 348 1058 cujus
371 1003 523 1044 dicitur
543 1018 695 1053 causa3
720 1018 794 1044 nec
816 1003 872 1052 id,
894 1018 981 1043 sme
1003 1018 1088 1059 quo
1111 1003 1326 1066 quippiam
1349 1019 1430 1044 non
1454 1004 1512 1054 fit,
1534 1020 1661 1046 causa

227 1068 313 1099 est:
346 1060 416 1100 sed
438 1060 496 1109 id,
514 1060 630 1114 quod
649 1075 744 1100 cum
768 1059 955 1109 accessit,
978 1060 1034 1109 id,
1056 1075 1177 1115 quus
1198 1073 1321 1100 causa
1341 1070 1417 1109 est,
1439 1060 1565 1102 efficit
1586 1077 1661 1102 ne-

227 1116 422 1157 cessario.
456 1116 642 1156 noudum
672 1116 783 1157 euim
812 1117 999 1157 ulcerato
1025 1117 1228 1171 serpentis
1250 1131 1394 1158 morsu
1415 1117 1661 1169 Philocteta,

227 1187 322 1226 quae
343 1187 468 1213 causa
488 1173 530 1213 in
552 1187 689 1213 rerum
716 1182 863 1213 natura
883 1173 1190 1221 continebatur,
1212 1173 1316 1222 fore,
1338 1183 1385 1213 ut
1408 1173 1441 1214 is
1463 1173 1504 1213 in
1524 1173 1661 1215 insula

223 1229 390 1269 Lemno
416 1229 702 1284 linqueretur?
737 1239 832 1282 post
863 1240 1003 1270 autem
1034 1244 1159 1270 causa
1184 1230 1265 1270 fuit
1293 1230 1478 1285 propior,
1497 1240 1539 1270 et
1561 1246 1660 1272 cum

162 1296 213 1337 37
228 1285 343 1325 exitu
367 1286 569 1340 junctior.
630 1286 752 1326 Ratio
783 1286 911 1341 igitur
941 1296 1111 1328 eventus
1142 1286 1275 1339 aperit
1302 1300 1485 1327 causam.
1517 1287 1589 1327 sed
1609 1302 1661 1329 ex-

226 1342 457 1383 aeternitate
493 1356 586 1382 vera
620 1342 699 1383 fuit
730 1342 821 1383 haec
852 1343 1111 1384 enuntiatio:
1150 1343 1423 1398 Relinquetur
1454 1343 1495 1383 in
1525 1343 1661 1385 insula

226 1398 481 1439 Philoctetes
503 1415 511 1439 :
544 1414 621 1439 nec
642 1399 725 1440 hoc
745 1413 796 1439 ex
816 1414 911 1440 vero
932 1400 974 1440 in
996 1400 1147 1440 salsum
1171 1409 1335 1453 poterat
1356 1399 1554 1440 converti.
1585 1415 1660 1441 ne-

224 1469 340 1496 cesse
371 1465 435 1496 est
466 1455 576 1496 enim
608 1457 650 1496 in
681 1456 803 1497 rebus
834 1457 1051 1497 contrariis
1083 1456 1246 1497 duabus
1273 1456 1496 1509 (contraria
1516 1466 1659 1498 autem

224 1511 306 1552 hoc
339 1512 436 1553 loco
468 1527 517 1553 ea
545 1511 656 1563 dico,
678 1528 859 1568 quorum
890 1512 1069 1553 alterum
1089 1515 1148 1553 ait
1169 1512 1284 1568 quid,
1307 1512 1484 1553 alterum
1509 1514 1654 1568 negat)

223 1583 274 1610 ex
295 1568 358 1609 his
380 1569 509 1624 igitur
531 1584 698 1611 necesse
719 1578 796 1619 est,
816 1570 943 1610 invito
970 1570 1168 1625 EpicurO,
1189 1570 1366 1610 alterum
1390 1584 1531 1610 verum
1554 1584 1658 1621 esse,

221 1625 399 1666 alterum
434 1625 616 1667 falsum:
657 1635 717 1675 ut,
750 1626 1014 1667 Sauciabitur
1052 1626 1299 1676 Philocteta,
1332 1626 1528 1666 omnibus
1560 1635 1658 1667 ante

220 1681 385 1722 saeculis
407 1696 545 1722 verum
569 1683 673 1723 fuit:
705 1684 807 1723 Non
828 1682 1096 1730 sauciabitur,
1119 1681 1287 1722 falsum.
1337 1681 1433 1722 Nisi
1455 1682 1563 1722 forte
1583 1696 1657 1722 vo-

218 1737 360 1778 lumus
388 1737 692 1792 Epicureorum
713 1738 954 1799 opinionem
977 1738 1107 1794 sequi,
1130 1738 1201 1792 qui
1223 1738 1326 1778 tales
1347 1737 1656 1780 enuntiationes

218 1809 296 1835 nec
316 1808 446 1843 veras,
466 1809 542 1835 nec
562 1795 686 1835 falsas
706 1809 795 1835 esse
818 1795 988 1834 dicunt:
1012 1804 1097 1843 aut,
1119 1808 1215 1834 cum
1237 1793 1279 1834 id
1303 1793 1448 1848 pudet,
1464 1793 1570 1835 illud
1591 1802 1655 1835 ta-

217 1864 315 1890 men
340 1850 501 1900 dicunt,
529 1851 644 1907 quod
674 1860 738 1892 est
768 1850 1069 1905 impudentius,
1096 1864 1210 1890 veras
1241 1865 1331 1891 esse
1357 1864 1406 1890 ex
1434 1850 1656 1892 contrariis

217 1906 549 1962 disjunctiones:
583 1907 656 1948 sed
684 1922 776 1961 quae
808 1907 850 1947 in
883 1906 945 1947 his
971 1907 1185 1947 enuntiata
1206 1915 1355 1957 essent,
1377 1920 1522 1947 eorum
1547 1922 1654 1949 neu-

154 1973 206 2006 38
219 1970 331 2004 trum
352 1977 442 2003 esse
464 1977 622 2004 verum.
683 1965 720 2005 O
742 1962 1030 2004 admirabilem
1057 1963 1284 2012 licentiam,
1306 1974 1348 2004 et
1368 1963 1651 2005 miserabilem

218 2019 480 2060 inscientiam
507 2019 756 2061 disserendi!
790 2020 833 2060 Si
865 2020 976 2060 enim
1007 2019 1165 2076 aliquid
1193 2029 1233 2052 40
1250 2020 1292 2060 in
1318 2019 1557 2075 eloquendo
1578 2035 1654 2062 nec

217 2090 377 2126 verum,
401 2090 475 2116 nec
497 2076 649 2117 falsum
669 2086 746 2127 est,
767 2085 880 2117 certe
909 2076 953 2117 id
983 2092 1126 2117 verum
1155 2091 1240 2117 non
1268 2086 1344 2118 est.
1375 2076 1489 2132 quod
1511 2086 1654 2124 autem

217 2146 360 2173 verum
384 2147 466 2173 non
489 2142 567 2183 est,
590 2135 659 2189 qui
682 2143 822 2189 potest
844 2149 927 2174 non
950 2133 1101 2174 falsum
1123 2134 1243 2174 esse?
1268 2144 1342 2174 aut
1363 2133 1476 2188 quod
1497 2133 1652 2175 falsum

89 2203 120 2234 p
136 2200 207 2226 148
219 2203 304 2230 non
326 2198 403 2240 est,
425 2204 495 2245 qui
527 2200 666 2245 potest
696 2205 780 2231 non
811 2204 956 2231 verum
987 2191 1106 2231 esse?
1138 2190 1369 2231 Tenebitur
1397 2189 1455 2239 id,
1482 2189 1598 2246 quod
1626 2204 1654 2231 a

177 2248 206 2269 a.
221 2244 463 2301 Chrysippo
493 2246 759 2312 defenditur3
803 2247 987 2288 Omnem
1020 2247 1354 2288 enuntiationem
1388 2254 1462 2287 aut
1496 2261 1650 2297 veram,

215 2312 289 2343 aut
308 2302 454 2343 falsam
477 2317 594 2344 esse:
627 2304 733 2345 ratio
764 2304 853 2358 ipsa
885 2312 1026 2359 coget,
1049 2312 1090 2344 et
1119 2318 1170 2344 ex
1196 2304 1428 2344 aeternitate
1449 2302 1644 2366 quaedam

215 2373 311 2399 vera
331 2374 435 2409 esse,
450 2368 493 2400 et
513 2374 561 2400 ea
578 2375 662 2401 non
683 2375 772 2402 esse
793 2375 898 2401 nexa
916 2361 1051 2401 causis
1071 2360 1250 2410 aeternis,
1267 2370 1310 2401 et
1328 2375 1353 2400 a
1372 2359 1447 2400 fati
1464 2358 1645 2400 necessi-

218 2423 306 2456 tate
326 2430 416 2456 esse
437 2416 579 2457 libera.

140 2464 205 2517 17
275 2471 342 2512 Ac
362 2472 466 2513 mihi
483 2472 655 2528 quidem
672 2472 849 2523 videtur,
866 2487 965 2514 cum
986 2473 1079 2514 duae
1103 2472 1316 2514 sententiae
1339 2470 1512 2511 fuissent
1532 2479 1646 2512 vete-

151 2537 312 2579 39rum
348 2528 715 2592 philosophorum,
748 2544 832 2570 una
865 2544 1028 2579 eorum,
1064 2529 1136 2584 qui
1167 2536 1383 2569 censerent
1418 2527 1560 2568 omnia
1589 2528 1647 2569 ita

216 2583 305 2625 fato
327 2584 426 2635 fieri,
443 2593 491 2625 ut
512 2586 555 2626 id
577 2587 709 2627 fatum
731 2586 813 2626 vim
837 2585 1094 2627 necessitatis
1116 2584 1295 2634 afferret,
1312 2584 1353 2624 in
1375 2598 1458 2639 qua
1479 2593 1646 2625 senten-

214 2640 274 2682 tia
306 2641 594 2692 Democritus,
631 2642 889 2692 Heraclitus,
922 2640 1217 2697 Empedocles,
1254 2639 1506 2682 Aristoteles
1536 2641 1644 2692 fuit3

257 2761 298 2787 39
314 2738 389 2784 mon}
402 2754 476 2784 ullus
490 2753 541 2795 .]
556 2755 702 2786 Davisius
718 2754 810 2786 tacite
825 2754 907 2785 omi
951 2754 1062 2785 Lamb.
1076 2761 1106 2785 et
1121 2754 1200 2785 Mss.
1215 2760 1250 2785 ut
1265 2753 1373 2784 Guelf.
1389 2753 1466 2784 item
1482 2754 1550 2783 edd.
1567 2759 1643 2784 vett.

211 2798 251 2829 sit
266 2797 350 2827 ullus.
376 2797 489 2838 placet.
950 2797 1020 2829 aliae
1049 2798 1129 2829 Ven.
1162 2805 1253 2832 1494.
1285 2799 1344 2829 .
1381 2796 1478 2837 vulgo
1509 2795 1642 2839 quuendo

256 2848 299 2872 40
334 2841 365 2870 in
393 2839 555 2882 eloquendo]
592 2840 644 2872 Sic
673 2840 707 2872 P.
736 2841 906 2879 VictoriuS,
949 2847 1007 2873 est
