1778 3095
169 87 249 120 314
528 81 790 122 TUSCUL.
821 84 1264 124 QUAESTIONUM

171 189 253 231 rias
274 191 623 246 contemplandas
643 209 652 233 ε
684 207 708 233 a
727 193 880 248 quibus
910 208 1008 235 cum
1029 193 1181 235 cecinit
1208 193 1411 250 receptui,
1432 193 1612 250 impellit

172 261 356 298 rursum,
378 257 421 288 et
453 249 600 290 incitat
632 248 685 290 ad
715 250 1048 306 conspiciendas,
1069 260 1243 308 totaque
1272 259 1414 292 mente
1442 259 1611 292 contre-

175 303 349 344 ctandas
380 304 510 346 varias
540 307 793 361 voluptates,
814 314 852 338 63
867 307 1021 363 quibus
1042 307 1111 349 ille
1131 317 1174 349 et
1195 308 1498 363 praeteritarum
1519 321 1611 348 me-

175 360 325 411 moria,
347 370 391 402 et
409 376 484 417 spe
505 364 871 418 consequentium,
894 364 1091 419 sapientis
1111 364 1236 405 vitan]
1259 365 1456 405 refertam
1476 372 1611 420 putat.

177 417 286 458 Haec
323 427 468 459 nostro
500 433 617 460 more
651 434 726 459 nos
759 419 969 461 diximus:
1001 421 1199 476 Epicurei
1228 421 1375 462 dicunt
1405 435 1498 462 suo.
1523 419 1613 472 sed,

178 489 272 529 quae
295 474 452 524 dicant,
471 475 700 525 videamus,
722 490 806 530 quo
828 476 959 517 modo
980 476 1262 532 negligamus.

102 526 167 580 16
238 530 446 585 Principio
475 531 585 571 male
614 532 927 585 reprehendunt
954 534 1358 587 praemeditationem
1386 548 1525 574 rerum
1547 533 1615 574 fu-

116 606 167 638 34
180 596 383 628 turarum.
454 587 575 628 Nihil
607 596 670 627 est
698 588 825 638 euim,
857 589 973 643 quod
1006 598 1094 630 tam
1129 590 1337 631 obtundat
1373 596 1412 622 64
1426 590 1616 645 levetque

49 643 490 698 p.193.aegritudinem,
523 658 649 698 quam
680 653 884 699 perpetua
914 644 956 684 in
991 645 1108 686 omni
1144 646 1228 686 vita
1260 647 1478 702 cogitatio,
1512 645 1619 687 nihil

136 706 165 726 a.
179 714 284 749 esse,
307 699 421 755 quod
449 699 639 740 accidere
670 715 753 741 non
785 701 942 755 possit:
974 716 1099 757 quam
1124 702 1343 744 meditatio
1364 703 1618 744 conditionis

178 756 376 797 humanae
395 773 404 796 z
427 771 553 811 quam
575 757 668 796 vitae
689 756 770 808 lex,
790 758 1177 814 commentatioque
1196 760 1393 814 parendi:
1417 775 1511 816 quae
1533 774 1619 800 non

178 813 260 853 hoc
281 813 414 863 affert,
435 822 483 853 ut
516 827 682 869 semper
716 828 982 864 maereamus,
1013 815 1087 856 sed
1121 823 1169 856 ut
1202 830 1450 871 numquam.
1481 830 1619 871 neque

178 870 291 910 enim
312 869 384 924 qui
405 884 546 910 rerum
568 880 776 921 naturam,
799 872 872 927 qui
900 872 993 912 vitae
1025 872 1282 921 varietatem,
1303 872 1375 927 qui
1396 873 1620 913 imbecilli-

178 935 309 966 tatem
341 926 505 981 generis
532 927 705 968 humani
737 929 915 983 cogitat,
934 938 1082 969 maeret
1109 943 1206 969 cum
1235 929 1327 969 haec
1353 928 1528 984 cogitat,
1549 928 1623 970 sed

180 992 273 1023 tum
294 983 356 1023 vel
375 983 558 1024 maxime
579 984 793 1039 sapientiae
815 985 1008 1040 fungitur
1028 999 1215 1026 munere.
1245 997 1475 1041 utrumque
1507 984 1619 1026 enim

180 1039 467 1095 consequitur,
502 1048 549 1081 ut
583 1048 626 1081 et
658 1041 970 1083 considerandis
1005 1042 1130 1083 rebus
1165 1042 1359 1082 humanis
1394 1048 1432 1073 6⁵
1451 1041 1623 1098 proprio

180 1096 464 1152 philosophiae
493 1098 694 1152 fungatur
720 1098 875 1149 officio,
895 1107 937 1138 et
957 1097 1136 1139 adversis
1158 1098 1325 1139 casibus
1347 1098 1500 1154 triplici
1521 1113 1626 1139 con-

182 1152 390 1194 solatione
412 1163 580 1194 sanetur
599 1171 608 1195 :
630 1154 830 1209 primum,
848 1169 933 1210 quo
954 1169 1077 1209 posse
1098 1155 1286 1196 accidere
1310 1161 1349 1185 66
1365 1155 1438 1196 diu
1458 1155 1624 1210 cogita-

182 1209 266 1260 vit3
298 1225 391 1265 quae
422 1210 626 1265 cogitatio
652 1226 737 1251 una
756 1211 936 1252 maxime
956 1211 1173 1252 molestias
1194 1226 1341 1253 omnes
1363 1220 1560 1252 extenuat
1582 1219 1627 1253 et

185 1265 309 1307 diluit
330 1283 339 1307 :
372 1266 536 1315 deinde,
559 1273 595 1302 67
615 1267 730 1322 quod
751 1267 938 1308 humana
959 1267 1129 1309 ferenda
1150 1268 1370 1324 intelligitz
1393 1278 1626 1324 postremo,

184 1323 302 1378 quod
321 1322 431 1363 videt
449 1324 609 1364 malum
639 1323 803 1364 nullum
835 1339 940 1375 esse,
961 1324 1039 1365 nisi
1059 1324 1228 1380 culpam
1248 1340 1258 1374 3
1290 1325 1458 1380 culpam
1482 1334 1627 1365 autem

185 1380 344 1420 nullam
367 1393 472 1430 esse,
494 1394 591 1421 cum
613 1380 669 1431 id,
693 1381 807 1435 quod
828 1381 880 1421 ab
901 1381 1074 1422 homine
1106 1396 1190 1422 non
1218 1382 1404 1437 potuerit
1424 1380 1627 1437 praestari,

122 1452 171 1484 35
186 1437 383 1477 evenerit.
443 1438 557 1477 Nam
580 1443 618 1469 68
638 1437 848 1479 revocatio
868 1437 954 1488 illa,
975 1453 1100 1494 quam
1133 1438 1268 1488 affers,
1288 1453 1386 1478 cum
1423 1452 1447 1478 a
1475 1449 1628 1479 contu-

185 1493 304 1534 endis
326 1508 402 1534 nos
425 1493 545 1534 malis
566 1508 730 1544 avocas,
750 1494 865 1535 nulla
890 1502 967 1536 est.
999 1510 1084 1535 non
1103 1505 1168 1535 est
1188 1495 1299 1535 enim
1321 1494 1362 1535 in
1385 1503 1527 1535 nostra
1548 1508 1627 1549 po-

185 1558 352 1600 testate,
388 1549 674 1592 fodicantibus
707 1551 757 1591 iis
792 1551 932 1602 rebUS,
968 1566 1071 1606 quas
1105 1552 1238 1593 malas
1273 1566 1363 1591 esse
1392 1552 1628 1606 opinemur,

186 1606 482 1658 dissimulatio,
514 1607 578 1648 vel
612 1607 784 1648 oblivio.
822 1607 1024 1659 lacerant,
1057 1618 1218 1658 vexant,
1253 1608 1446 1648 stimulos
1477 1607 1627 1648 admo-

186 1673 297 1714 vent,
318 1663 439 1719 ignes
469 1662 687 1714 adhibent,
720 1664 921 1719 respirare
952 1679 1037 1705 non
1068 1665 1223 1706 sinunt.
1284 1666 1339 1705 Et
1367 1674 1415 1705 tu
1439 1664 1630 1705 oblivisci

182 1720 326 1776 jubes,
350 1719 465 1775 quod
484 1729 632 1761 contra
652 1729 842 1762 naturam
865 1725 957 1763 est?
991 1727 1031 1755 69
1048 1721 1164 1776 quod
1184 1736 1208 1761 a
1229 1729 1378 1761 natura
1396 1720 1543 1761 datum
1566 1728 1632 1761 est

189 1776 392 1817 auxilium
427 1785 676 1832 extorqueas
714 1778 928 1818 inveterati
957 1777 1144 1818 doloris?
1178 1787 1242 1818 est
1271 1777 1383 1817 enim
1414 1776 1532 1817 tarda
1559 1776 1633 1818 illa

190 1832 364 1889 quidem
386 1832 608 1884 medicina,
631 1834 704 1874 sed
733 1843 876 1874 tamen
903 1848 1074 1889 magna,
1096 1849 1225 1889 quam
1247 1834 1365 1874 affert
1386 1833 1632 1889 longinqui-

189 1899 255 1930 tas
276 1900 320 1930 et
339 1889 442 1931 dies.
466 1889 595 1945 jubes
622 1904 692 1931 me
717 1890 831 1932 bona
857 1891 1062 1945 cogitare,
1094 1890 1282 1931 oblivisci
1312 1890 1536 1931 malorum.
1568 1889 1634 1931 di-

190 1961 305 1988 ceres
337 1946 513 2003 aliquid,
547 1956 591 1988 et
620 1961 779 2002 magno
810 1947 982 2004 quidem
1012 1947 1271 2004 philosopho
1302 1946 1495 2003 dignum,
1522 1946 1557 1988 si
1584 1961 1635 1988 ea

189 2087 331 2129 plandas]
348 2090 472 2120 Vitium
489 2091 617 2120 estsine
634 2091 731 2121 dubio
755 2091 786 2121 in
812 2091 891 2121 hebe-

193 2140 261 2169 tem,
278 2134 363 2172 quod
380 2133 510 2163 nullum
526 2144 657 2164 sensum
678 2137 891 2165 commodum

193 2177 247 2205 hic
270 2176 385 2206 habere
408 2183 518 2215 potest.
560 2177 719 2207 Bentleius
741 2184 773 2207 et
794 2178 892 2207 Davi-

191 2220 258 2249 sius
272 2229 289 2248 e
302 2219 366 2249 Ms.
383 2229 546 2259 reposuere
562 2219 675 2249 hebetat
688 2232 697 2249 .·
716 2231 780 2251 non
797 2221 894 2251 male.

194 2262 352 2292 Buherius
376 2262 491 2292 melius
514 2272 530 2291 e
551 2264 687 2301 vestigiis
704 2264 767 2294 ΜΒ.
784 2264 894 2293 haerm-

196 2312 251 2335 rem
265 2316 274 2333 :
299 2314 499 2344 quamquam
522 2305 598 2336 alias
622 2307 731 2336 Cicero
750 2308 812 2337 hoc
827 2316 894 2337 ver-

194 2348 288 2384 bum,
305 2350 424 2387 tropice
444 2358 522 2379 cum
545 2349 633 2387 dicit,
647 2349 755 2388 jungit
775 2360 895 2390 praepo-

192 2391 299 2421 sitloni
316 2390 346 2420 in
362 2401 439 2421 curn
456 2391 518 2422 abl.

240 2438 278 2463 63
303 2433 405 2474 quibus
422 2433 471 2462 ille
491 2441 519 2463 et
534 2440 623 2473 praet.
641 2445 679 2465 m.
697 2441 724 2464 et
739 2442 785 2474 spe
804 2432 890 2472 cons]

197 2477 222 2506 Ι.
238 2482 362 2515 propter
377 2478 568 2507 memoriam
585 2484 615 2506 et
634 2487 736 2517 spem.
774 2478 834 2508 Sed
851 2478 896 2507 fa-

195 2518 283 2548 cilior
299 2526 345 2548 est
361 2519 454 2549 lectio
470 2520 589 2550 Davisii
607 2531 743 2561 quarum,
756 2521 780 2550 si
800 2521 894 2550 modo

195 2572 213 2591 a
229 2561 315 2591 libris
335 2569 424 2591 esset.

240 2610 280 2635 64
304 2602 466 2645 elevetque]
487 2604 566 2634 Mss.
583 2605 648 2634 duo
663 2614 714 2644 ap.
729 2605 838 2635 Davis.
855 2604 895 2634 le-

197 2653 316 2688 vetque.
338 2647 430 2676 bene.
477 2647 541 2677 Ms.
558 2647 665 2677 Guelf.
683 2647 896 2677 tamnobtundat

197 2689 301 2719 elevet.
325 2690 403 2720 forte
419 2690 479 2720 fuit
493 2689 550 2719 obt.
566 2696 594 2719 e!
610 2689 698 2721 levet.

240 2738 279 2764 65
298 2739 349 2772 pr.
371 2732 556 2772 philosophice
568 2733 698 2773 fruatur
716 2731 817 2773 qfficio]
838 2734 895 2763 Pro

185 2775 316 2815 fruatur
340 2776 409 2806 dedi
429 2775 583 2816 fungatur
604 2777 690 2815 quod
716 2778 748 2806 in
776 2776 897 2816 aliquot

198 2818 282 2849 libris
297 2819 419 2858 scriptis
440 2828 459 2848 a
481 2819 610 2849 Davisio
628 2826 787 2858 repertum
804 2827 861 2856 est,
877 2830 897 2850 a

936 2100 988 2122 me
1005 2092 1037 2121 in
1055 2090 1163 2121 Guelf.
1181 2097 1211 2121 et
1225 2097 1271 2121 δί
1287 2097 1359 2120 ante
1375 2089 1526 2130 sapienliae
1537 2090 1636 2131 fungi

935 2144 1061 2165 munere.
1105 2136 1231 2165 Frustra
1261 2133 1444 2173 obloquitur
1470 2134 1635 2173 Wopken-

935 2187 1012 2207 stus.

982 2225 1022 2250 66
1045 2219 1095 2248 diu
1110 2216 1269 2258 cogitavit]
1297 2218 1383 2249 Male
1406 2219 1503 2257 vulgo
1526 2218 1637 2258 cogita-

937 2263 1017 2293 verit
1029 2273 1039 2290 .·
1063 2263 1108 2292 sic
1131 2269 1162 2292 et
1177 2263 1210 2292 in
1226 2261 1323 2292 altero
1338 2268 1384 2292 est
1399 2261 1540 2301 intelligit
1555 2268 1586 2292 et
1601 2262 1636 2292 in

937 2305 1055 2336 ultimo
1070 2304 1161 2335 vidit.

982 2353 1020 2383 67
1040 2347 1116 2389 quod
1127 2347 1249 2377 humane
1253 2346 1382 2388 serenda
1399 2345 1551 2386 intelligit]
1571 2347 1638 2377 Da-

937 2391 1033 2422 visius
1061 2391 1145 2421 addit
1170 2391 1295 2419 humana
1318 2399 1394 2420 sane
1421 2390 1512 2419 bene.
1535 2391 1581 2420 sic
1607 2396 1639 2420 et

939 2435 1002 2464 Ms.
1018 2434 1119 2464 Vatic.
1137 2434 1243 2472 itaque
1258 2440 1289 2463 et
1304 2434 1369 2472 ipse
1384 2433 1499 2462 addidi.

980 2482 1020 2507 68
1050 2477 1194 2505 revocatio
1223 2475 1277 2504 illa
1301 2487 1388 2517 quam
1415 2475 1516 2515 affirs]
1549 2476 1638 2517 ψη

939 2520 1020 2550 edidi
1043 2529 1098 2559 pro
1116 2520 1217 2559 affert,
1234 2528 1329 2549 sensu
1352 2526 1383 2548 et
1405 2525 1559 2554 contextu
1582 2529 1638 2559 po-

938 2562 1086 2592 stulante.
1112 2572 1188 2592 nam
1203 2569 1233 2591 et
1249 2570 1317 2601 post
1329 2569 1393 2592 est:
1411 2568 1442 2591 et
1457 2568 1488 2590 tu
1504 2561 1640 2592 oblivisci

929 2605 1016 2645 jubes
1043 2607 1102 2635 &e.
1133 2605 1278 2635 similiter
1307 2605 1375 2634 dedi
1406 2615 1523 2635 avocas.
1573 2606 1637 2636 Ms.

941 2648 1048 2679 Guels.
1063 2655 1172 2678 autem
1190 2649 1285 2677 habet
1300 2648 1435 2688 afflrtur.

983 2697 1023 2724 69
1046 2690 1123 2732 quod
1142 2703 1160 2720 a
1183 2698 1291 2719 natura
1313 2691 1413 2720 datum
1427 2689 1480 2728 est]
1501 2691 1553 2721 Sic
1568 2691 1639 2721 edd.

938 2735 1028 2764 Junt.
1044 2734 1118 2764 Ald.
1134 2734 1216 2764 Vict.
1234 2734 1345 2764 Lamb.
1369 2733 1432 2763 Ms.
1458 2733 1565 2764 Guelf.
1586 2734 1640 2764 ad-

939 2778 984 2807 dit
998 2784 1106 2807 autem.
1129 2777 1200 2807 aliae
1222 2776 1293 2818 quia
1313 2782 1420 2806 natura
1435 2776 1465 2807 d.
1481 2788 1507 2807 ε.
1521 2786 1532 2806 .“
1554 2777 1640 2817 quod

940 2821 1025 2852 male
1040 2820 1198 2852 revocavit
1213 2818 1386 2852 Gruterus:
