1768 3095
293 108 365 147 DE
383 108 487 146 FIN.
509 107 632 145 BON.
657 106 723 144 ET
742 107 874 143 MAL.
895 106 991 142 LIB.
1011 103 1256 142 TERTIUS.
1421 108 1493 141 145

106 212 208 254 aliud
232 211 278 250 ab
305 214 385 256 alio,
402 220 531 262 praeter
556 210 692 247 honesta
708 219 739 246 et
757 211 883 259 turpia.
901 222 931 245 c.
952 208 990 246 6.
1012 215 1049 254 7.
1107 209 1164 245 Ex
1182 208 1233 245 bis
1252 218 1363 246 autem
1381 224 1490 249 conse-

106 275 258 318 quuntur
275 266 353 311 duo,
367 266 528 315 primum,
546 271 586 300 ut
604 277 678 300 cum
696 272 877 299 extremum
896 263 954 304 sit,
969 272 1107 298 naturae
1125 272 1342 311 congruenter
1359 265 1491 308 vivere,

109 321 255 370 sapiens
282 331 424 368 semper
451 317 604 354 feliciter
632 318 757 358 vivat3
787 316 944 358 alterum,
963 325 1014 359 ut,
1036 316 1133 364 quod
1156 318 1348 352 honestum
1370 318 1431 360 sit,
1454 319 1490 355 id

108 374 229 410 solum
257 374 393 409 bonum
411 371 617 418 judicemus,
637 371 735 420 quod
755 378 872 420 turpe,
892 369 1011 406 solum
1043 369 1199 405 malum.
1218 382 1248 406 c.
1269 375 1305 415 7.
1328 375 1363 406 8.
1421 371 1490 407 Bo-

109 439 201 463 num
219 435 268 462 est
291 425 340 469 id,
360 425 450 475 quod
464 432 512 461 est
528 434 656 461 natura
675 423 863 460 absolutum
881 438 890 464 ;
920 423 1011 459 utile
1036 432 1151 459 autem
1173 422 1363 473 (ὠφέλημα)
1387 433 1492 460 motus

107 489 169 516 aut
197 487 308 515 status
334 491 351 514 e
377 488 504 514 natura
531 477 700 514 absoluta.
755 480 870 527 Atque
898 474 937 512 id
961 475 1077 512 bonum
1095 489 1159 512 non
1183 477 1373 520 accessione,
1391 489 1494 528 neque

103 531 270 569 crescendo
287 541 350 568 aut
367 545 441 568 cum
459 532 570 568 ceteris
587 530 820 582 comparando,
838 529 897 566 sed
907 530 1044 580 propria
1062 530 1103 565 vi
1121 542 1185 566 sua
1202 530 1360 567 sentimus
1379 539 1411 566 et
1429 541 1492 581 ap-

99 585 266 636 pellamus
287 584 417 626 bonum,
437 585 568 635 ejusque
584 586 763 621 aestimatio
780 583 899 633 (ἀξία)
917 595 1038 633 genere
1050 583 1147 619 valet
1165 597 1227 619 non
1246 583 1490 633 magnitudine.

107 638 179 675 Nec
196 651 277 674 <vero
299 638 566 688 perturbationes
591 638 721 686 (vn-28⁷2)
743 638 782 674 vi
810 638 928 687 aliqna
948 637 1100 673 naturali
1121 644 1308 679 moventur,
1329 636 1388 673 sed
1413 644 1497 674 sunt

103 692 264 741 opiniones
291 692 457 734 levitatis,
476 699 577 741 atque
604 692 639 727 in
668 692 845 741 sapientem
872 704 935 727 non
963 689 1099 727 cadunt.
1118 704 1148 727 c.
1174 697 1233 728 10.
1292 691 1406 728 Solum
1426 705 1490 727 au-

105 754 171 781 tem
189 744 357 782 honestum
374 757 442 781 esse
460 743 594 788 bonum,
613 758 687 781 curn
706 758 729 780 a
750 745 863 780 multis
891 744 967 780 aliis
990 753 1118 794 praeter
1139 743 1277 786 Stoicos,
1297 754 1369 780 tum
1389 745 1492 781 etiam

93 797 207 847 facile
223 797 412 846 defenditur
429 814 438 840 ;
468 797 556 848 quod
571 812 679 835 omnes
698 798 831 834 malunt
847 797 916 834 sine
933 797 1059 839 scelere,
1078 812 1155 848 quae
1176 798 1310 842 volunt,
1329 798 1493 849 consequi,

103 859 138 888 et
157 850 208 887 ad
220 865 270 888 res
289 851 412 902 dignas
430 852 611 902 cognitione
638 850 878 902 cognoscendas
905 850 1004 888 etiam
1028 851 1098 888 sine
1124 850 1300 902 voluptate
1317 861 1380 888 aut
1397 852 1491 889 utili-

104 913 175 941 tate
191 905 309 955 aliqua
324 905 502 952 finimur,
519 904 674 954 gaudent
687 914 854 955 praeterea
874 905 1170 942 commemoratione
1190 905 1355 955 praeclare
1368 905 1490 954 facto-

103 971 193 1000 rum,
213 972 271 995 nec
287 959 348 995 vel
363 959 433 995 sine
452 966 531 996 teste
548 958 653 995 scelus
667 957 843 995 admittere
862 959 1035 994 sustinent.
1053 971 1081 994 c.
1106 965 1120 994 1
1133 965 1165 994 1.
1223 960 1304 995 Jam
1322 960 1357 995 in
1375 958 1440 996 hac
1457 972 1493 996 re

105 1010 291 1062 discrepare
309 1025 344 1048 re
362 1026 425 1048 non
452 1011 565 1048 verbis
586 1013 822 1062 Peripateticos
849 1020 881 1048 et
902 1011 1037 1053 Stoicos,
1057 1025 1098 1049 ex
1116 1025 1149 1048 eo
1168 1012 1381 1062 intelligitur,
1404 1012 1495 1063 quod

106 1065 159 1101 illi
173 1066 296 1108 omnia,
315 1079 393 1116 quae
411 1066 473 1115 ipsi
499 1064 583 1102 bona
610 1065 735 1109 dicunt,
748 1066 912 1115 pertinere
933 1074 1058 1115 putant
1086 1064 1135 1102 ad
1162 1064 1257 1102 beate
1275 1065 1464 1103 vivendum
1479 1083 1490 1112 5

107 1117 142 1155 hi
167 1132 261 1162 vero,
289 1118 379 1169 quod
404 1119 624 1157 aestimatione
651 1119 778 1155 omnino
806 1118 924 1170 aliqua
952 1117 1092 1168 dignum
1119 1118 1177 1163 sit,
1197 1119 1363 1170 complecti
1380 1121 1492 1156 vitam

109 1171 241 1209 beatam
264 1181 415 1222 putant:
443 1171 534 1223 quod
553 1172 604 1209 illi
623 1172 762 1209 dolorem
790 1173 824 1208 in
853 1172 949 1208 malis
974 1180 1115 1222 ponunt,
1135 1181 1167 1209 et
1186 1186 1259 1209 cum
1281 1173 1494 1210 multitudine

109 1224 263 1262 bonorum
282 1227 401 1275 augeri
418 1225 611 1262 beatitatem
624 1232 764 1276 putant,
785 1225 953 1276 aliamque
971 1226 1128 1274 actionem
1149 1227 1258 1276 magis
1279 1226 1494 1277 expetendam

108 1278 198 1322 alia,
217 1288 256 1315 ut
275 1293 352 1329 quae
370 1280 414 1315 sit
433 1279 502 1315 sine
519 1279 638 1323 dolore,
659 1279 769 1328 magis
787 1291 840 1321 ea,
860 1293 938 1329 quae
963 1279 1008 1315 sit
1033 1293 1106 1315 cum
1126 1279 1255 1326 dolore3
1286 1295 1364 1331 quae
1382 1281 1493 1318 omnia

108 1344 199 1369 secus
225 1341 303 1368 sunt
329 1331 424 1382 apud
451 1332 587 1369 Stoicos.
615 1345 643 1368 c.
670 1338 729 1369 13.
755 1338 813 1370 14.
870 1333 1094 1382 Qamquam
1122 1342 1233 1369 autem
1263 1346 1320 1370 nec
1346 1335 1498 1371 virtutes

111 1397 170 1422 nec
191 1385 284 1422 vitia
313 1394 473 1428 crescunt,
491 1384 698 1434 funduntur
717 1394 829 1422 tamen
853 1384 1090 1435 quodammodo
1109 1395 1140 1422 et
1158 1387 1254 1437 quasi
1271 1386 1465 1425 dilatantur
1479 1402 1492 1423 .·

109 1438 195 1475 Alia
212 1439 297 1475 enim
316 1439 431 1475 virtus
449 1441 598 1488 integras
620 1439 817 1489 provincias
842 1438 1076 1488 complectitur,
1097 1439 1170 1475 alia
1182 1442 1396 1491 paupertatis
1415 1439 1494 1478 tan-

107 1505 210 1542 quam
236 1491 372 1528 termino
398 1487 695 1537 circumscribitur,
714 1501 752 1528 ut
770 1503 803 1527 se
820 1491 928 1528 eodem
956 1491 1047 1528 modo
1073 1491 1262 1540 diffundere
1290 1503 1352 1530 non
1376 1496 1493 1544 possit.

112 1545 281 1595 Voluptas
299 1554 330 1581 et
348 1545 511 1582 valetudo
536 1558 600 1581 non
628 1554 677 1582 est
705 1544 792 1581 inter
816 1544 900 1581 bona
924 1546 1146 1588 numeranda,
1166 1547 1256 1596 quod
1272 1548 1322 1584 ad
1335 1561 1408 1584 eam
1428 1548 1493 1585 du-

108 1607 202 1641 cunt,
232 1611 371 1649 eamque
399 1599 564 1635 continent
590 1598 727 1634 divitiae
741 1614 753 1634 .·
786 1599 880 1634 Nam
906 1598 1098 1646 efficeretur,
1126 1609 1164 1635 zct
1189 1601 1273 1650 ipsa>
1298 1600 1434 1638 divitia>
1458 1603 1494 1639 in

110 1650 201 1689 bonis
218 1661 335 1688 essent.
355 1665 384 1688 c.
409 1657 471 1689 15.
527 1651 598 1689 Sed
623 1664 663 1687 ne
687 1651 789 1688 omnis
818 1652 896 1688 vita
926 1652 1165 1700 corzficndatur,
1187 1654 1252 1690 alio
1277 1655 1377 1691 etiam
1403 1655 1493 1692 modo

108 1717 159 1742 res
176 1703 427 1755 distinguenda>
443 1714 534 1742 sunt.
596 1706 684 1754 Quae
708 1705 823 1756 itaque
847 1705 899 1741 nil
926 1705 1045 1742 valent
1074 1706 1131 1747 ad>
1147 1706 1241 1744 beate
1261 1708 1420 1745 misereve
1436 1710 1493 1746 vi-

107 1757 270 1803 vendam,
297 1767 329 1796 et
357 1759 478 1795 media
506 1758 676 1802 dicuntur,
697 1758 769 1795 alia
795 1768 874 1795 sunt
902 1760 1151 1802 aestimabilia,
1172 1762 1244 1798 alia
1270 1771 1401 1807 contra,
1423 1763 1494 1800 alia

108 1820 274 1849 neutrum.
329 1811 371 1849 In
388 1811 639 1848 aestimabilium
657 1812 859 1862 quibusdam
877 1814 962 1849 satis
979 1822 1027 1849 est
1046 1827 1173 1858 causae,
1188 1829 1291 1865 qnare
1302 1816 1378 1852 aliis
1397 1825 1495 1853 ante-

104 1875 287 1915 ponantur,
317 1865 352 1902 in
380 1864 580 1915 quibusdam
610 1879 673 1901 non
701 1865 792 1909 item,
811 1875 843 1902 et
868 1867 915 1902 sic
942 1866 1044 1902 etiam
1070 1868 1105 1903 in
1132 1882 1195 1904 non
1221 1869 1493 1908 aestimabilibus.

114 1918 205 1955 Hinc
228 1927 303 1955 orta
334 1927 412 1954 sunt
447 1919 587 1954 Zenonis
618 1924 799 1968 προηγμένα
832 1920 1023 1968 producta,
1051 1917 1263 1970 praeposita,
1291 1924 1493 1974 praecipua,

110 1981 294 2021 promota,
321 1980 351 2007 et
382 1974 633 2023 ἀποπξοηγμένα
663 1971 804 2020 rejecta,
830 1981 981 2014 remota,
1003 1987 1140 2024 quorum
1169 1975 1242 2012 alia
1269 1986 1349 2013 sunt
1372 1987 1434 2028 per
1459 1991 1496 2015 se

105 2026 302 2076 praeposita‚
321 2023 408 2068 alia,
427 2024 517 2075 quod
532 2025 665 2075 aliquid
685 2025 844 2072 efficiunt,
865 2027 937 2063 alia
960 2026 1050 2077 quod
1072 2037 1261 2079 utrumque.
1320 2031 1389 2068 Sed
1414 2045 1494 2082 quo-

109 2079 201 2116 niam
227 2076 428 2116 aestimabile
452 2091 510 2115 nec
539 2078 657 2115 bonum
686 2091 742 2115 nee
771 2080 896 2116 malum
914 2090 975 2122 est,
993 2080 1063 2117 ideo
1087 2083 1266 2132 ἀδιάφορον,
1286 2083 1494 2122 indifferens

109 2131 246 2170 dicitur.
267 2145 296 2168 c.
318 2137 378 2168 15.
401 2131 459 2168 16.
484 2137 545 2178 17.
603 2132 701 2169 Bona
715 2143 812 2182 porro
831 2144 909 2170 sunt
933 2134 993 2170 vel
1020 2136 1146 2178 τελικὰ,
1166 2138 1401 2185 pertinentia,
1421 2139 1494 2175 alia

112 2185 280 2228 ποιητικὰ,
299 2184 506 2222 efficientia.
561 2184 623 2222 Ad
647 2185 736 2222 illud
756 2198 863 2235 genus
891 2188 1033 2224 actiones
1059 2187 1204 2226 honestae
1226 2191 1429 2236 referuntur,
1448 2192 1498 2229 ad

111 2238 169 2276 hoc
194 2239 247 2276 m'l
265 2246 393 2289 praetcr
410 2239 568 2283 amicum,
587 2239 753 2289 sapientia
776 2238 826 2275 ad
849 2249 1036 2290 utrumque.
1055 2254 1085 2286 c.
1111 2248 1172 2288 17.
1229 2243 1363 2280 Officia
1386 2246 1495 2281 necin

111 2291 201 2329 bonis
218 2305 276 2329 nec
294 2292 329 2328 in
348 2291 444 2328 malis
461 2302 542 2329 sunt
555 2309 567 2329 :
595 2301 645 2328 est
662 2299 772 2329 tamen
790 2293 828 2329 iis
835 2293 1069 2342 fungendum,
1082 2294 1221 2344 quod'in
1239 2296 1280 2332 iis
1297 2305 1345 2333 e‘st
1365 2297 1498 2349 aliquid

106 2345 293 2396 probabile,
310 2346 405 2392 cujus
430 2347 518 2382 ratio
545 2345 640 2382 reddi
662 2354 780 2396 potest.
837 2347 879 2382 In
897 2348 938 2383 iis
956 2355 1118 2384 versatur
1132 2348 1273 2399 sapiens,
1292 2342 1494 2396 judicando,

112 2398 198 2449 quid
220 2398 319 2447 officii
336 2399 379 2435 sit
397 2411 455 2436 nec
474 2412 524 2436 ne.
545 2413 575 2436 c.
600 2404 659 2437 18.
715 2400 868 2437 Pertinet
893 2410 1004 2437 autem
1031 2400 1080 2437 ad
1104 2414 1185 2444 rem,
1205 2409 1254 2439 nt*
1271 2404 1497 2454 intelligatur,

112 2461 239 2489 natura
257 2452 373 2490 liberos
390 2465 414 2488 a
427 2451 626 2502 parentibus
643 2453 768 2498 amari,
787 2459 821 2490 et
837 2466 1036 2491 communem
1061 2467 1130 2491 esse
1150 2455 1316 2493 hominnm
1334 2458 1428 2499 inter-²
1439 2458 1496 2495 ho-

112 2505 212 2542 mines
235 2512 269 2542 et
299 2505 492 2558 naturalem
517 2505 836 2549 commendationem,
863 2521 933 2558 qua
961 2506 1053 2544 ducti
1079 2509 1273 2546 societatem*
1287 2517 1498 2561 appetamus,

111 2559 269 2608 cujusque
283 2558 359 2596 haec
373 2559 431 2596 vis
449 2560 507 2604 sit,
525 2560 743 2596 utrcommum‘
771 2561 1148 2605 utilitati·²studeamus‚
1166 2563 1405 2614 rempublicam
1418 2566 1496 2602 iad?-
1523 2566 1525 2568 ’

111 2613 346 2657 ministremus,
372 2611 489 2650 liberos
514 2626 728 2663 quaeramus,
742 2612 900 2651 decorum>
914 2622 1109 2664 sequamur,
1131 2612 1314 2656 amicitiam
1333 2618 1496 2656 adhibes·

113 2678 186 2702 mus
213 2672 245 2702 et
263 2665 455 2713 justitiam,
472 2679 575 2717 neque
601 2667 761 2704 utilitatis
783 2680 906 2709 causa,
922 2666 984 2711 sed
999 2679 1060 2718 per
1075 2681 1133 2706 se.-
1152 2670 1238 2707 »Ad
1261 2670 1497 2710 has-virtutes

114 2719 215 2755 etiam
235 2719 438 2756 Dialecticae
452 2728 485 2757 et
504 2719 660 2768 Physica
676 2721 824 2770 cognitio*
834 2720 1036 2769 adjicienda,
1054 2735 1132 2772 quae
1145 2724 1230 2773 ipsae
1241 2726 1391 2761 virtutes
1403 2730 1494 2763 sunt,

114 2783 143 2808 c.
168 2778 299 2817 19-22.
356 2773 414 2809 Ex
439 2772 559 2823 quibus
585 2774 799 2824 intelligitur,
821 2786 900 2825 quoe
923 2782 946 2811 a
968 2774 1098 2812 Stoici&
1116 2777 1257 2826 sapienti
1265 2778 1494 2821 ss‘tribnantur',

113 2836 154 2860 ea
173 2836 251 2860 vere
270 2824 386 2862 tribui.
776 2854 780 2858 -
1030 2826 1033 2828 ’
1133 2839 1137 2841 “
1162 2838 1165 2840 ·
1186 2833 1194 2840 “·
1311 2833 1316 2837 ’
1415 2849 1419 2853 .
1485 2832 1494 2845 ⁴>

176 2887 291 2919 VOL.
316 2889 384 2917 IV.
410 2889 449 2917 P·
473 2889 504 2918 Ι.
793 2890 817 2917 L
