1778 3095
570 78 757 115 LIBER
785 76 1088 115 QUARTUS
1223 106 1225 110 Α
1473 78 1548 118 337

118 194 274 240 metus,
294 201 504 229 recessum
526 186 738 241 quendam
758 183 886 225 animi
906 191 948 224 et
968 183 1115 238 fugam
1126 199 1139 234 3
1169 183 1314 223 laetitia
1334 186 1548 237 profusam
1563 187 1594 217 b·

118 242 399 295 hilaritatem3
430 241 561 284 libido
578 242 819 282 effrenatam
840 240 1138 295 appetentiam.
1169 239 1452 293 opinationem
1474 257 1550 282 au-

118 308 220 352 tem,
243 316 367 357 quam
400 300 442 339 in
470 313 616 339 omnes
647 298 908 338 definitiones
939 296 1175 351 superiores
1196 295 1457 347 inclusimus,
1478 313 1549 338 vo-

119 355 213 398 lunt
233 371 322 397 esse
342 355 597 396 imbecillam
619 354 914 395 assensionem.

176 413 259 454 Sed
301 411 475 466 singulis
524 411 908 460 perturbationibus
958 418 1095 464 partes
1145 407 1335 463 ejusdem
1385 410 1614 463 generisi&

117 468 258 524 plures
288 461 594 523 subjiciuntur:
625 476 672 508 ut
703 465 958 522 aegritudini,
991 465 1216 506 invidentia
1240 464 1456 517 (utendum
1490 474 1553 506 est

123 525 250 574 enim,
279 523 458 564 docendi
488 538 628 573 causa,
650 524 776 564 verbo
796 522 935 563 minus
964 521 1120 563 usitato
1136 537 1148 572 3
1181 522 1379 577 quoniam
1402 520 1555 561 invidia

119 595 203 621 non
230 581 271 621 in
297 595 362 630 e0,
382 580 455 635 qui
483 579 651 629 invidet,
681 579 818 620 solum
852 579 1018 629 dicitur,
1051 578 1123 620 sed
1155 578 1283 618 etiam
1315 578 1356 618 in
1388 591 1454 627 eo,
1485 578 1555 619 cui

113 636 338 688 invidetur)
365 637 594 685 aemulatio,
620 635 888 683 obtrectatio,
908 634 1208 685 misericordia,
1228 649 1375 690 angor,
1397 634 1554 685 luctus,

118 707 285 743 maeror,
332 707 532 743 aerumna,
573 693 709 740 dolor,
747 692 1009 741 lamentatio,
1049 691 1306 741 sollicitudo,
1345 690 1554 741 molestia,

117 747 348 799 afflictatio,
369 749 620 804 desperatio,
641 759 683 790 et
714 749 748 789 si
779 763 873 804 quae
905 758 1001 789 sunt
1022 748 1074 789 de
1095 762 1249 803 genere
1277 747 1443 788 eodem.
1477 748 1553 788 sub

118 813 281 845 metum
314 814 452 846 autem
491 805 681 861 subjecta
711 814 809 845 sunt
840 805 1025 860 pigritia,
1056 805 1208 860 pudor,
1237 813 1385 854 terror,
1411 804 1555 854 timor,

119 875 261 915 pavor,
281 862 548 912 exanimatio,
567 861 851 909 conturbatio,
872 862 1070 902 formido.
1128 861 1352 915 Voluptati
1379 860 1555 902 malivo-

117 917 248 959 lentia
269 928 308 950 24
329 918 493 972 [laetans
524 919 636 958 malo
667 917 839 971 alieno],
861 917 1099 969 delectatio,
1113 918 1306 973 jactatio,
1326 925 1368 957 et
1389 917 1555 958 similia.

118 974 306 1016 Libidini
325 975 398 1024 ira,
419 974 776 1023 excandescentia,
798 973 958 1025 odium,
989 974 1220 1024 inimicitia,
1243 974 1468 1021 discordia,
1490 974 1556 1014 in-

119 1029 322 1086 digentia,
338 1031 606 1081 desiderium,
620 1040 661 1072 et
682 1041 821 1072 cetera
837 1031 1060 1086 ejusmodi.
1082 1031 1172 1071 haec
1189 1040 1333 1071 autem
1353 1030 1559 1072 definiunt

117 1086 201 1128 hoc
221 1088 365 1129 modo.
426 1088 700 1129 Invidentiam
722 1102 811 1128 esse
830 1087 974 1128 dicunt
1001 1087 1296 1142 aegritudinem
1318 1096 1555 1142 susceptam
1572 1081 1603 1129 8

116 1153 291 1199 propter
324 1144 496 1185 alterius
528 1160 592 1185 res
626 1144 845 1194 secundas,
873 1159 967 1199 quae
999 1145 1102 1184 nihil
1132 1153 1312 1185 noceant
1342 1143 1555 1184 invidenti.
1574 1156 1619 1194 17

120 1213 219 1240 nam
239 1201 273 1241 si
292 1201 386 1256 quis
407 1201 550 1241 doleat
581 1201 671 1255 ejus
703 1202 827 1241 rebus
858 1201 1067 1251 secundis,
1086 1215 1110 1241 a
1140 1215 1225 1255 quo
1253 1201 1342 1256 ipse
1364 1199 1557 1251 laedatur,

121 1270 206 1296 non
225 1265 339 1298 recte
368 1257 521 1297 dicitur
550 1257 756 1306 invidere3
789 1267 836 1297 ut
858 1258 891 1297 si
912 1258 1090 1298 Hectori
1110 1258 1396 1311 Agamemno.
1429 1266 1466 1289 *2³
1485 1258 1558 1311 qui

120 1321 280 1363 autem,
303 1312 371 1354 cui
391 1314 561 1354 alterius
593 1314 817 1354 commoda
849 1313 953 1354 nihil
984 1323 1174 1363 noceant,
1197 1324 1337 1354 tamen
1358 1327 1455 1354 eum
1477 1313 1557 1354 do-

119 1367 203 1409 leat
225 1369 289 1410 his
309 1370 404 1419 frui,
427 1370 459 1409 is
490 1370 646 1410 invidet
666 1371 873 1425 profecto.
933 1370 1169 1411 AEmulatio
1205 1380 1346 1411 autem
1379 1370 1559 1425 duplici-

120 1433 184 1465 ter
204 1425 276 1466 illa
295 1425 464 1481 quidem
486 1426 653 1477 dicitur,
674 1435 722 1467 ut
751 1435 793 1466 et
822 1427 862 1466 in
893 1426 1033 1474 laude,
1053 1437 1096 1467 et
1115 1426 1157 1466 in
1177 1427 1275 1467 vitio
1299 1441 1453 1467 nomen
1474 1426 1556 1467 hoc

119 1481 186 1522 sit.
217 1496 315 1522 nam
344 1492 387 1522 et
422 1482 601 1522 imitatio
632 1482 810 1531 virtutis,
833 1483 1047 1523 aemulatio
1077 1483 1255 1523 dicitur:
1288 1483 1363 1524 sed
1384 1498 1433 1523 ea
1453 1483 1558 1524 nihil

119 1535 202 1578 hoc
236 1538 333 1578 loco
365 1539 555 1588 utimur3
585 1547 650 1579 est
679 1539 792 1578 enim
822 1537 985 1579 laudis:
1018 1548 1060 1579 et
1090 1548 1153 1579 est
1182 1540 1409 1589 aemulatio,
1431 1540 1556 1594 aegri-

118 1593 239 1644 tudo,
277 1594 309 1634 si
344 1609 410 1645 eo,
445 1595 562 1649 quod
594 1595 868 1649 concupierit,
906 1594 1011 1635 alius
1047 1596 1248 1650 potiatur,
1280 1596 1368 1650 ipse
1403 1605 1556 1637 careat.

120 1649 387 1692 Obtrectatio
422 1660 565 1692 autem
599 1661 662 1692 est
693 1666 756 1701 ea,
789 1666 915 1706 quam
948 1651 1127 1706 intelligi
1157 1652 1413 1707 zelotypiam
1444 1653 1621 1703 volo,18

119 1707 329 1762 aegritudo
361 1722 412 1748 ex
441 1722 507 1757 eo,
538 1708 655 1763 quod
686 1708 791 1749 alter
822 1722 993 1763 quoque
1020 1709 1206 1763 potiatur
1233 1723 1297 1759 eo,
1322 1709 1436 1765 quod
1467 1710 1556 1764 ipse

119 1763 421 1818 concupiverit.
472 1765 789 1815 ‘Misericordia,
821 1775 885 1806 est
916 1765 1125 1820 aegritudo
1158 1780 1209 1806 ex
1246 1766 1414 1806 miseria
1451 1767 1556 1807 alte-

118 1819 219 1870 rius,
241 1819 393 1876 injuria
411 1820 653 1862 laborantis.
685 1836 809 1862 nemo
840 1821 951 1862 enim
980 1822 1213 1876 parricidae,
1233 1835 1305 1863 aut
1327 1823 1555 1877 proditoris

120 1875 327 1930 supplicio
358 1877 644 1918 misericordia
673 1889 978 1919 commovetur.
1036 1880 1204 1934 Angor,
1225 1879 1433 1934 aegritudo
1459 1895 1554 1935 pre·
1566 1898 1596 1929 p.
1613 1896 1683 1920 213.

119 1945 254 1972 mens.
286 1934 462 1983 Luctus,
496 1933 703 1988 aegritudo
732 1949 782 1974 ex
813 1935 917 1990 ejus,
950 1935 1021 1991 qui
1055 1950 1176 1976 carus
1214 1936 1354 1986 fuerit,
1384 1936 1594 1978 interima-

120 1989 287 2030 acerbo.
348 1991 524 2039 Maeror,
546 1991 755 2045 aegritudo
788 1991 950 2032 flebilis.
1010 1993 1232 2043 AEArumna,
1255 1993 1467 2048 aegritudo
1492 1993 1554 2034 la-

120 2045 303 2086 boriosa.
363 2046 516 2097 Dolor,
538 2047 748 2102 aegritudo
779 2048 982 2089 crucians.
1042 2050 1322 2100 Lamentatio,
1344 2050 1555 2104 aegritudo

119 2115 218 2142 cum
237 2101 412 2158 ejulatu.
474 2103 738 2153 Sollicitudo,
761 2104 968 2159 aegritudo
988 2120 1084 2145 cum
1116 2107 1390 2161 cogitatione.
1452 2108 1553 2148 Mo-

119 2157 255 2209 lestia,
278 2159 488 2213 aegritudo
517 2174 780 2214 permanens.
838 2161 1086 2213 Afflictatio,
1107 2162 1317 2217 aegritudo
1353 2178 1451 2204 cum
1483 2178 1552 2203 ve-

118 2215 286 2256 xatione
307 2217 509 2271 corporis.
568 2217 836 2272 Desperatio,
854 2218 1065 2273 ,aegritudo
1089 2219 1176 2258 sine
1206 2219 1290 2259 ulla
1313 2234 1451 2260 rerum
1483 2234 1554 2261 ex-

118 2272 378 2326 spectatione
397 2272 637 2314 meliorum.
699 2275 807 2316 Quae
829 2284 971 2315 autem
993 2274 1181 2330 subjecta
1202 2284 1299 2316 sunt
1319 2276 1398 2316 sub
1419 2285 1553 2326 metu,

120 2341 170 2367 ea
208 2328 266 2369 sic
303 2328 532 2370 definiunt:
581 2330 811 2384 Pigritiam,
850 2341 1009 2372 metum
1050 2332 1344 2387 consequentis
1382 2332 1553 2373 laboris.

121 2389 162 2415 26
179 2385 386 2425 Pudorem
409 2394 452 2426 et
471 2395 686 2437 terrorem,
708 2397 868 2428 metum
899 2388 1227 2439 concutientem,
1249 2403 1299 2429 ex
1319 2403 1404 2444 quo
1425 2389 1485 2439 fit,
1506 2398 1554 2431 ut
1570 2395 1616 2435 19

119 2439 324 2495 pudorem
356 2442 498 2492 rubor,
520 2452 722 2484 terrorem
754 2444 903 2499 pallor,
924 2453 966 2485 et
986 2441 1157 2495 tremo'r,
1180 2454 1223 2485 et
1251 2445 1441 2486 dentium
1462 2460 1553 2486 cre-

119 2496 232 2552 pitus
254 2508 558 2555 consequatur:
589 2500 821 2551 Timorem,
843 2511 1004 2542 metum
1026 2502 1126 2542 mali
1147 2502 1522 2558 appropinquantis
1542 2519 1552 2543 :

164 2651 204 2673 24
220 2643 324 2673 Iaetans
339 2655 377 2674 m.
391 2642 435 2683 a.]
451 2645 523 2675 Hoc
539 2653 585 2675 est
599 2654 618 2674 a
634 2644 812 2685 glossatore.
860 2657 934 2675 cum.

120 2687 252 2725 pertinet
266 2688 353 2717 enim
370 2688 408 2717 ad
423 2688 656 2725 definitionem,
677 2699 749 2728 quae
766 2690 814 2719 in·
900 2694 940 2719 26
962 2689 1102 2719 Pudorem
1125 2695 1152 2718 et
1179 2690 1326 2728 terrorem]
1359 2688 1496 2727 Pidorem
1521 2692 1553 2720 in

120 2730 166 2758 fra
182 2736 237 2759 est.
856 2732 926 2762 edd.
943 2733 1004 2762 fere
1020 2733 1145 2762 excidit.
1161 2733 1213 2763 sed
1231 2734 1337 2763 abesse
1354 2744 1421 2763 non
1443 2740 1553 2772 potest.

163 2778 202 2801 25
221 2771 271 2811 qui
285 2778 394 2808 autem,
409 2772 576 2801 cui—nihil
591 2773 724 2814 noceant]
743 2774 813 2804 Du-
856 2784 933 2804 nam
949 2783 980 2805 et
993 2785 1087 2814 supra
1101 2775 1284 2814 adjungitur
1298 2778 1415 2814 terrori,
1433 2783 1462 2806 et
1477 2785 1554 2806 con-

120 2815 183 2845 rius
207 2813 289 2843 mihi
314 2815 437 2845 videtur
465 2816 541 2847 hoe.
567 2815 679 2851 malim
707 2817 758 2858 qui
783 2829 814 2847 a.
855 2827 992 2856 sequens
1006 2817 1154 2858 postulat.

178 2867 296 2897 voL.
320 2865 388 2898 IV.
412 2869 452 2898 Ρ.
474 2869 507 2898 1·
851 2870 876 2899 2
