1778 3095
244 131 325 176 494
629 129 708 168 DE
735 129 1004 171 NATURA
1031 132 1305 173 DEORUM

246 234 332 275 mal
349 236 526 278 mortale
542 246 618 289 est,
635 238 873 282 immortale
895 241 1057 282 nullum
1073 242 1171 296 est].
1202 243 1319 297 Ergo
1336 241 1480 282 itidem
1500 241 1534 282 si
1550 254 1676 284 omne

247 291 402 333 animal
423 294 551 334 secari
573 309 622 336 ac
642 295 768 337 dividi
790 306 944 352 potest,
965 299 1127 340 nullum
1153 308 1216 339 est
1236 313 1381 339 eorum
1401 298 1676 350 individuum,

205 348 411 390 b.nullum
433 359 648 392 aeternum.
707 353 843 409 Atqui
863 369 988 396 omne
1019 356 1170 396 animal
1202 355 1253 395 ad
1283 354 1569 409 accipiendam
1594 356 1677 396 vim

246 414 459 447 externam
480 416 522 447 et
541 408 753 450 ferendam
773 419 965 465 paratum
991 420 1066 452 est.
1097 411 1276 453 mortale
1296 412 1424 466 igitur
1443 426 1568 452 omne
1589 412 1678 453 ani-

184 463 345 512 30mal,
366 471 409 503 et
429 462 685 516 dissolubile,
707 474 749 506 et
769 467 985 508 dividuum
1008 468 1062 509 sit
1082 482 1248 509 necesse
1279 477 1356 508 est.
1417 468 1479 508 Ut
1497 468 1623 518 enim,
1644 468 1679 510 si

245 519 383 559 omnis
419 534 514 561 cera
545 523 859 564 commutabilis
899 533 1022 573 esset,
1058 524 1162 564 nihil
1195 534 1305 565 esset
1341 538 1525 574 cereum,
1561 524 1679 579 quod

243 577 499 617 commutari
530 592 614 618 non
647 588 789 632 posset
808 596 817 619 :
853 580 955 619 item
990 587 1028 611 83
1044 580 1148 620 nihil
1182 589 1445 635 argenteum,
1482 580 1586 621 nihil
1621 595 1679 621 36-

245 646 388 683 neum,
409 633 442 673 si
463 634 778 675 commutabilis
798 643 907 675 esset
926 645 1075 676 natura
1101 637 1266 691 argenti
1286 646 1329 677 et
1350 637 1454 678 aeris.
1487 636 1679 678 similiter

243 687 388 743 igitur,
409 689 443 730 si
465 690 620 739 omnia,
641 705 734 745 quae
766 701 877 741 sunt,
900 706 923 732 6
951 692 1105 747 quibus
1135 702 1287 733 cuncta
1305 702 1514 744 constant,
1534 702 1676 735 muta-

243 744 346 785 bilia
373 755 497 787 sunt:
529 746 692 787 nullum
724 761 877 802 corpus
902 762 993 788 esse
1020 757 1161 803 potest
1182 763 1266 789 non
1286 750 1503 791 mutabile.
1536 760 1678 791 muta-

242 800 343 842 bilia
363 811 504 843 autem
527 811 625 843 sunt
644 803 728 853 illa,
750 818 799 844 ex
821 803 973 859 quibus
1004 804 1147 845 onmia
1176 812 1384 854 constant,
1404 815 1453 847 ut
1479 806 1597 847 vobis
1617 806 1677 848 vi-

243 857 379 898 detur.
402 873 528 898 omne
549 858 680 913 igitur
699 874 867 915 corpus,
889 861 1094 902 mutabile
1124 870 1200 902 est.
1259 861 1320 902 At
1341 862 1374 902 si
1394 871 1501 902 esset.
1521 877 1676 919 corpus

242 913 415 969 aliquod
435 914 686 966 immortale,
706 932 789 957 non
812 926 920 958 esset
940 932 1067 959 omne
1091 917 1309 958 mutabile.
1339 917 1398 958 ita
1417 918 1609 969 efficitur,
1628 928 1677 960 ut

242 984 369 1011 omne
401 985 569 1026 corpus,
605 973 783 1014 mortale
820 974 886 1015 sit.
918 975 1070 1015 etenim
1106 989 1230 1014 omne
1263 989 1415 1030 corpus
1449 983 1523 1016 aut
1553 990 1676 1031 aqua,

243 1036 318 1068 aut
337 1033 422 1079 aer,
444 1037 517 1069 aut
538 1029 662 1083 igniS,
684 1039 756 1071 aut
786 1039 895 1071 terra
922 1039 1000 1082 est,
1018 1039 1091 1071 aut
1115 1030 1173 1081 id,
1193 1030 1306 1086 quod
1338 1039 1402 1071 est
1430 1041 1677 1072 concretum

244 1096 296 1124 ex
324 1083 404 1136 his,
426 1093 498 1126 aut
529 1100 580 1126 ex
608 1085 748 1142 aliqua
780 1095 896 1142 parte
926 1102 1087 1129 eorum.
1118 1087 1272 1128 horum
1303 1096 1447 1128 autem
1475 1087 1578 1128 nihil
1599 1097 1678 1139 est,

181 1152 229 1185 31
246 1140 347 1195 quin
367 1141 558 1183 intereat.
616 1143 730 1184 Nam
761 1153 805 1184 et
833 1151 1045 1185 terrenum
1077 1159 1203 1185 omne
1233 1143 1444 1195 dividitur,
1464 1153 1507 1185 et
1525 1144 1680 1186 humor

243 1196 305 1237 ita
333 1198 474 1239 mollis
505 1208 583 1248 est,
605 1207 644 1231 ³4
660 1208 706 1240 ut
731 1200 853 1241 facile
884 1201 1108 1255 comprimi
1134 1200 1362 1256 collidique
1389 1201 1535 1255 possit.
1567 1201 1679 1257 ignis

241 1268 355 1304 vero,
377 1264 419 1296 et
451 1260 523 1296 aer
552 1256 668 1296 omni
698 1256 885 1312 impulsu
911 1257 1111 1298 facillime
1141 1257 1326 1312 pellitur,
1354 1267 1587 1313 naturaque
1607 1272 1679 1298 ce-

243 1309 346 1350 dens
377 1319 441 1352 est
470 1312 667 1363 maxime,
700 1321 742 1354 et
775 1313 1040 1369 dissipabilis.
1072 1322 1273 1370 praeterea
1306 1313 1448 1354 omnia
1468 1314 1558 1355 haec
1585 1322 1679 1355 tum

241 1365 464 1419 intereunt,
501 1383 597 1410 cum
636 1370 678 1410 in
714 1378 905 1412 naturam
944 1371 1069 1411 aliam
1103 1378 1402 1411 convertuntur
1421 1387 1430 1411 z
1468 1370 1582 1426 quod
1617 1370 1679 1422 fit,

241 1437 340 1464 cum
362 1432 471 1466 terra
491 1425 533 1466 in
551 1440 705 1482 aquam
732 1441 776 1467 se
798 1427 932 1478 vertit,
959 1437 1002 1469 et
1031 1442 1129 1468 cum
1157 1442 1207 1468 ex
1241 1442 1350 1483 aqua
1376 1427 1509 1468 oritur
1529 1432 1614 1478 aer,
1635 1437 1679 1470 et

240 1494 339 1520 cum
360 1495 411 1521 ex
430 1487 525 1523 ae're
547 1483 693 1534 aether,
714 1498 897 1540 cumque
917 1483 1065 1525 eadem
1086 1484 1264 1525 vicissim
1286 1492 1397 1525 retro
1419 1493 1679 1526 commeant.

241 1537 373 1593 Quod
395 1538 428 1578 si
449 1553 499 1579 ea
518 1539 736 1591 intereant,
757 1555 807 1582 ex
826 1541 981 1597 quibus
1001 1549 1167 1582 constet
1186 1555 1311 1581 omne
1326 1540 1494 1592 animal,
1515 1540 1680 1582 nullum

164 1606 230 1655 13
243 1603 308 1634 est
325 1594 480 1636 animal
500 1597 817 1652 sempiternum.
876 1599 946 1648 Et,
967 1607 1015 1639 ut
1033 1597 1125 1638 haec
1147 1598 1407 1646 omittamus,
1429 1606 1569 1638 tamen
1589 1597 1680 1637 ani-

178 1681 228 1711 30
244 1650 330 1690 mal
349 1652 510 1692 nullum
533 1653 705 1694 inveniri
725 1663 880 1709 potest,
901 1654 1019 1710 quod
1039 1668 1175 1710 neque
1206 1662 1352 1694 natum
1379 1668 1582 1708 umquam
1606 1654 1679 1704 sit,

207 1701 286 1747 ..et
305 1721 469 1763 semper
488 1709 541 1750 sit
562 1710 767 1751 futurum.
798 1726 924 1751 omne
946 1711 1058 1751 enirn
1080 1710 1234 1751 animal
1255 1725 1398 1750 sensus
1420 1709 1562 1750 habet.
1583 1725 1678 1750 sen-

133 1781 165 1812 p.
181 1763 295 1804 satit
315 1763 447 1819 igitur
465 1774 507 1806 et
525 1766 675 1817 calida,
707 1776 750 1808 et
778 1767 945 1823 frigida,
967 1776 1009 1808 et
1026 1767 1179 1814 dulcia,
1201 1776 1243 1807 et
1263 1781 1417 1816 amara,
1439 1781 1515 1806 nec
1536 1775 1678 1821 potest

200 1823 230 1846 a·
242 1819 331 1861 ullo
352 1835 476 1863 sensu
485 1822 677 1878 jucunda
696 1823 900 1879 accipere,
921 1832 963 1864 et
983 1838 1068 1864 non
1087 1823 1275 1878 accipere
1297 1823 1518 1864 contraria.
1540 1822 1574 1864 si
1595 1823 1678 1878 igi-

240 1884 309 1917 tur
330 1877 556 1934 voluptatis
577 1894 746 1920 sensum
768 1880 894 1935 capit,
911 1880 1070 1921 doloris
1088 1880 1217 1921 etiam
1238 1879 1364 1934 capit.
1397 1879 1511 1935 quod
1532 1889 1676 1921 autem

240 1933 431 1975 dolorem
471 1936 638 1991 accipit,
674 1936 718 1978 id
752 1937 930 1992 accipiat
968 1938 1095 1978 etiam
1134 1936 1350 1977 interitum
1390 1950 1560 1977 necesse
1599 1945 1677 1978 est.

175 1991 226 2026 33
241 2004 367 2032 omne
386 1991 519 2047 igitur
539 1994 708 2044 animal,
730 1994 1018 2035 confitendum
1040 2002 1117 2044 est,
1139 2007 1229 2034 esse
1249 1992 1441 2034 mortale.
1502 1994 1677 2034 Praeter-

239 2061 302 2098 ea,
334 2048 369 2088 si
399 2049 502 2104 quid
531 2059 608 2100 est,
631 2050 747 2106 quod
779 2065 855 2093 nec
886 2051 1146 2106 voluptatem
1176 2049 1342 2100 sentiat,
1362 2064 1440 2090 nec
1469 2049 1677 2101 dolorem,

235 2102 281 2145 id
302 2105 457 2146 animal
477 2120 567 2147 esse
589 2122 674 2148 non
695 2116 850 2163 potest.
882 2108 946 2148 sin
966 2116 1108 2149 autem
1130 2106 1246 2163 quod
1267 2106 1423 2147 animal
1443 2115 1520 2157 est,
1542 2105 1586 2147 id
1604 2107 1676 2147 illa

236 2175 406 2202 necesse
426 2171 490 2204 est
511 2164 686 2205 sentiat:
719 2173 768 2205 et.
783 2164 898 2220 quod
915 2179 963 2205 ea
984 2164 1151 2214 sentiat,
1170 2178 1255 2205 non
1276 2171 1417 2218 potest
1441 2177 1531 2204 esse
1553 2171 1676 2203 aeter-

235 2231 364 2259 num:
396 2226 435 2251 3⁵
450 2228 493 2261 et
527 2235 654 2261 omne
685 2220 841 2262 animal
874 2221 1030 2262 sentit:
1063 2221 1228 2261 nullum
1260 2220 1392 2275 igitur
1421 2219 1576 2260 animal
1612 2227 1676 2260 est

236 2282 455 2316 aeternum.
517 2277 722 2318 Praeterea
744 2277 906 2319 nullum
938 2286 1081 2333 potest
1110 2292 1200 2319 esse
1230 2277 1399 2327 animal,
1418 2275 1461 2316 in
1483 2290 1568 2331 quo
1589 2290 1674 2316 non

234 2340 278 2372 et
310 2332 516 2387 appetitio
551 2334 617 2385 sit,
652 2342 694 2375 et
724 2334 950 2376 declinatio
984 2334 1197 2375 naturalis.
1228 2341 1484 2389 appetuntur
1516 2340 1674 2382 autem,

234 2402 329 2442 quae
352 2389 584 2431 secundum
606 2400 798 2432 naturam
822 2400 934 2442 sunt,
951 2391 1213 2432 declinantur
1233 2389 1462 2431 contraria:
1484 2397 1526 2428 et
1546 2403 1674 2429 omne

234 2444 388 2486 animal
417 2447 579 2501 appetit
609 2447 819 2503 quaedam,
842 2456 884 2488 et
914 2447 1027 2503 fugit
1059 2462 1083 2487 a
1111 2446 1378 2502 quibusdam.
1436 2444 1567 2500 Quod
1597 2459 1673 2486 au-

233 2507 320 2540 tem
345 2502 516 2557 refugit,
534 2503 577 2544 id
596 2513 743 2544 contra
763 2512 955 2545 naturam
977 2512 1065 2544 est:
1095 2512 1138 2543 et
1164 2502 1280 2558 quod
1301 2512 1365 2543 est
1385 2512 1532 2542 contra
1551 2509 1674 2542 natu-

233 2570 340 2607 ram,
372 2557 417 2599 id
448 2559 578 2601 habet
609 2560 693 2601 vim
725 2560 1006 2602 interimendi.
1037 2573 1163 2600 omne
1189 2573 1292 2614 ergo
1322 2557 1478 2599 animal
1496 2557 1675 2599 intereat

276 2665 315 2690 33
331 2659 408 2689 nihil
427 2668 607 2700 argenteum,
626 2660 703 2690 nihil
723 2661 845 2701 aeneum]
872 2662 932 2692 Re·
1020 2668 1059 2692 35
1077 2667 1104 2690 et
1119 2672 1196 2690 omne
1212 2660 1325 2690 animal
1338 2658 1440 2700 sentit]
1457 2659 1561 2690 Videri
1578 2659 1675 2699 possit

232 2709 303 2742 pete
319 2703 524 2743 intelligendo
546 2715 563 2734 e
585 2705 748 2744 superiori,
767 2705 842 2747 quod
859 2716 932 2734 com·
976 2704 1148 2745 legendum
1165 2714 1230 2734 esse
1246 2703 1296 2733 sed
1308 2703 1357 2734 vel
1374 2710 1416 2733 at.
1438 2703 1492 2733 sed
1508 2710 1538 2732 et
1553 2703 1675 2751 sicmi-

233 2746 344 2775 mutari
359 2757 411 2776 non
422 2754 526 2786 posset.
974 2759 1033 2778 nor
1048 2749 1217 2787 propositio
1240 2748 1440 2777 connectitur
1455 2754 1532 2775 curn
1548 2754 1675 2783 majori.

277 2794 318 2819 34
334 2789 469 2829 utfacile
490 2788 653 2831 comprimi]
671 2790 722 2821 Sic
739 2790 817 2822 Mss.
834 2792 931 2821 etiam
975 2792 1026 2822 Sic
1042 2792 1073 2820 in
1091 2792 1155 2821 fine
1171 2791 1300 2833 eapitis:
1323 2801 1375 2828 aye
1395 2788 1487 2820 ullum
1505 2787 1618 2819 animal
1631 2795 1673 2819 est

234 2831 388 2906 {fancy-det
403 2834 473 2865 edd.
487 2840 563 2866 vett.
580 2834 733 2865 Gruterus
749 2834 833 2865 male
847 2834 932 2876 faci·
975 2834 1034 2866 sine
1048 2845 1138 2866 tensu-

247 2884 302 2905 tse
327 2886 333 2905 Ι
359 2882 392 2906 it.
