1778 3095
219 151 302 190 416
611 150 683 188 DE
713 148 983 188 NATURA
1009 149 1278 189 DEORUM

155 256 450 304 &osententias
488 256 698 298 incidisse.
756 257 851 300 Nec
889 272 973 315 ego
1011 273 1123 300 nunc
1160 259 1250 315 ipse
1288 256 1448 314 aliquid
1487 259 1657 303 afferam

220 313 388 357 melius.
406 322 455 356 ut
472 315 583 355 enim
604 313 736 355 modo
756 314 856 366 dixi,
876 315 1073 358 omnibus
1086 317 1173 357 fere
1192 316 1235 357 in
1255 315 1395 365 rebus,
1414 324 1457 357 et
1475 318 1656 359 maxime

220 371 263 413 in
294 371 497 428 physicis,
528 370 632 426 quid
666 386 750 412 non
782 371 850 423 sit,
881 373 1019 422 citius,
1052 388 1181 429 quam
1214 371 1317 428 quid
1357 371 1425 422 sit,
1465 372 1657 416 dixerim.

136 422 206 472 22
221 428 364 484 Roges
383 442 467 478 me,
490 427 608 483 quid,
627 436 701 469 aut
720 428 843 484 quale
866 429 919 470 sit
940 429 1042 470 deus
1060 446 1071 480 ;
1104 438 1275 471 auctore
1297 437 1391 469 utar
1412 428 1655 472 Simonide:

216 485 272 526 de
305 499 390 540 quo
426 497 524 525 cum
557 485 814 540 quaesivisset
846 486 929 527 hoc
957 485 1071 527 idem
1107 495 1309 543 tyrannus
1346 486 1495 536 Hiero,
1528 493 1565 522 87
1581 485 1657 527 de-

213 539 422 584 liberandi
441 540 523 582 sibi
543 556 675 582 unum
696 542 807 583 diem
830 542 1071 597 postulavit.
1099 557 1198 583 cum
1226 542 1339 583 idem
1359 556 1410 582 ex
1430 556 1482 582 eo
1502 542 1658 597 postri-

215 598 284 638 die
298 606 518 653 quaereret,
530 597 711 640 biduum
726 599 884 653 petivit.
899 613 998 639 cum
1013 599 1166 654 saepius
1183 599 1418 655 duplicaret
1433 613 1657 640 numerum

215 654 397 705 dierum,
416 653 712 710 admiransque
728 655 862 696 Hiero
879 655 1123 710 requireret,
1140 670 1215 696 cur
1235 656 1293 697 ita
1315 656 1472 697 faceret
1490 671 1499 696 ε
1529 656 1657 711 Quia,

214 720 392 766 quanto,
423 711 576 768 inquit,
603 711 763 753 diutius
792 711 1028 761 considero,
1061 719 1100 743 88
1114 721 1232 753 tanto
1263 712 1368 753 mihi
1398 727 1462 752 res
1492 712 1658 753 videtur

215 768 450 810 obscurior.
510 768 595 809 Sed
615 767 876 808 Simonidem
903 768 1082 809 arbitror
1113 769 1213 822 (non
1241 769 1352 809 enim
1370 773 1498 823 poeta
1517 768 1656 810 solum

216 826 370 876 suavis,
393 833 432 858 89
446 838 586 866 verum
610 824 737 865 etiam
758 833 897 866 cetera
918 839 1046 880 quam
1075 823 1226 865 doctus
1258 825 1505 881 sapiensque
1525 825 1657 866 tradi-

216 884 302 933 tur)
337 880 436 937 quia
465 880 601 922 multa
630 881 817 922 venirent
848 881 892 922 in
927 888 1115 922 mentem
1146 889 1283 931 acuta,
1315 889 1441 936 atque
1471 881 1655 933 subtilia,

218 938 501 988 dubitantem,
532 937 635 993 quid
664 953 811 979 eorum
844 947 955 979 esset
981 937 1259 988 verissimum,
1293 936 1535 992 desperasse
1563 953 1657 979 om-

154 1001 203 1041 61
219 1009 315 1035 nem
351 995 581 1039 veritatem.
640 995 848 1050 Epicurus
883 1009 980 1035 vero
1012 1003 1111 1035 tuus
1147 997 1262 1046 (nam
1296 1008 1395 1035 cum
1429 992 1504 1034 illo
1540 995 1655 1036 malo

216 1051 435 1102 disserere,
455 1066 583 1107 quam
603 1054 763 1104 tecum)
785 1051 886 1107 quid
907 1051 1023 1101 dicit,
1055 1050 1170 1106 quod
1201 1065 1285 1091 non
1317 1050 1447 1092 modo
1464 1050 1656 1106 philoso-

215 1107 318 1165 phia
338 1117 377 1142 90
391 1108 569 1163 dignum
589 1109 657 1160 sit,
678 1108 749 1150 sed
768 1107 971 1149 mediocri
991 1107 1214 1163 prudentia
1232 1108 1246 1147 ?

272 1165 489 1222 Quaeritur
523 1165 707 1220 primum
743 1165 785 1205 in
820 1179 869 1206 ea
908 1165 1154 1220 quaestione,
1188 1178 1282 1219 quae
1318 1172 1383 1205 est
1417 1163 1470 1205 de
1506 1171 1658 1205 natura

213 1221 408 1273 deorum,
426 1222 564 1263 sintne
590 1222 663 1273 dii,
694 1236 825 1262 necne
855 1221 953 1263 sint.
1011 1220 1195 1261 Difficile
1222 1227 1287 1260 est
1315 1234 1484 1275 negare.
1513 1220 1656 1271 credo,

214 1277 250 1319 si
270 1279 312 1319 in
329 1278 535 1321 concione
561 1286 799 1334 quaeratur3
832 1278 906 1319 sed
924 1286 960 1311 91
979 1277 1022 1317 in
1051 1275 1298 1333 hujusmodi
1325 1290 1531 1326 sermone,
1551 1286 1593 1319 et
1611 1277 1654 1318 in

214 1349 430 1386 consessu,
452 1334 716 1376 facillimum.
778 1336 929 1390 Itaque
956 1348 1040 1389 ego
1070 1334 1160 1389 ipse
1190 1332 1394 1388 pontifeX‚
1425 1333 1497 1390 qui
1527 1348 1656 1375 caere-

213 1392 382 1434 monias
403 1391 713 1447 religionesque
743 1391 934 1447 publicas
965 1390 1227 1432 sanctissime
1254 1390 1432 1431 tuendas
1460 1390 1655 1442 arbitror,

213 1447 250 1490 is
280 1447 379 1499 hoc,
411 1448 527 1504 quod
560 1450 745 1505 primum
782 1458 860 1499 est,
890 1462 982 1489 esse
1015 1447 1132 1498 deos,
1162 1446 1402 1503 persuaderi
1433 1446 1539 1488 mihi
1568 1461 1655 1488 non

214 1504 416 1560 opinione
434 1505 589 1557 solum,
615 1504 689 1546 sed
717 1505 846 1546 etiam
876 1505 930 1546 ad
958 1504 1173 1546 veritatem
1203 1503 1326 1559 plane
1354 1503 1493 1544 velim.
1519 1504 1656 1545 multa

213 1562 327 1603 enim
366 1572 609 1613 occurrunt,
647 1577 742 1618 quae
781 1562 1049 1611 conturbent,
1090 1569 1139 1603 ut
1174 1559 1386 1601 interdum
1425 1560 1529 1601 nulli
1564 1574 1655 1602 esse

150 1624 202 1662 62
215 1618 446 1661 videantur.
505 1619 588 1660 Sed
625 1618 731 1670 vide,
769 1633 897 1675 quam
935 1628 1079 1659 tecum
1118 1632 1243 1672 agam
1282 1616 1522 1658 liberaliter.
1557 1631 1653 1672 quae

213 1676 460 1717 communia
479 1685 578 1717 sunt
596 1676 713 1717 vobis
732 1690 831 1717 cum
853 1675 1002 1717 ceteris
1023 1672 1300 1729 philosophis,
1322 1688 1407 1714 non
1427 1673 1654 1728 attingam,

212 1740 261 1774 ut
290 1732 374 1774 hoc
408 1732 576 1788 ipsum:
608 1732 748 1787 placet
778 1731 891 1773 enim
920 1731 1118 1772 omnibus
1153 1731 1254 1781 fere,
1282 1730 1473 1786 mihique
1501 1729 1582 1786 ipsi
1610 1730 1653 1771 in

105 1788 376 1844 §.14.pri1nis,
397 1789 501 1830 deos
520 1803 625 1830 esse.
653 1789 795 1845 itaque
828 1803 912 1830 non
944 1802 1103 1843 pugno.
1135 1787 1340 1828 rationem
1372 1796 1515 1827 tamen
1543 1800 1653 1838 eam,

172 1853 201 1873 a.
215 1860 310 1900 quae
331 1861 356 1887 a
376 1854 417 1887 te
437 1846 622 1896 affertur,
652 1860 737 1887 non
766 1846 865 1887 satis
897 1845 1061 1886 firmam
1090 1852 1209 1900 put0.
1269 1843 1400 1885 Quod
1429 1843 1542 1884 enim
1558 1857 1651 1884 om-

129 1892 201 1940 23
215 1902 332 1944 nium
348 1902 541 1959 gentium
570 1916 862 1958 generumque
889 1901 1134 1943 hominibus
1159 1900 1218 1941 ita
1247 1900 1469 1951 videretur,
1489 1899 1532 1940 id
1553 1900 1652 1941 satis

212 1973 420 2015 magnum
440 1973 531 2001 esse
559 1968 860 2015 argumentum
890 1958 1046 2009 dixisti,
1075 1972 1149 1998 cur
1179 1972 1270 1998 esse
1298 1956 1400 1998 deos
1428 1957 1651 1998 confitere-

211 2030 321 2057 mur.
343 2016 460 2072 quod
480 2031 579 2057 cum
601 2016 691 2057 leve
722 2030 797 2072 per
824 2030 883 2067 se,
917 2024 1011 2056 tum
1039 2013 1167 2055 etiam
1195 2014 1349 2055 falsum
1368 2020 1446 2054 est.
1466 2013 1650 2069 primum

210 2073 324 2114 enim
362 2073 475 2114 unde
514 2081 627 2113 notae
667 2073 746 2114 tibi
784 2081 882 2114 sunt
915 2071 1135 2127 opiniones
1168 2070 1422 2112 nationum?
1453 2069 1650 2126 equidem

211 2130 407 2180 arbitror,
427 2129 583 2170 multas
603 2144 693 2170 esse
713 2138 862 2185 gentes
880 2129 940 2170 sic
965 2127 1227 2169 immanitate
1246 2128 1452 2178 efferatas,
1471 2136 1519 2168 ut
1537 2126 1651 2182 apud

148 2190 198 2229 63
213 2200 283 2227 eas
321 2186 438 2228 nulla
474 2186 659 2242 suspicio
697 2187 874 2227 deorum
913 2186 980 2226 sit.
1039 2184 1190 2227 Quid?
1234 2184 1462 2239 Diagoras,
1499 2183 1650 2224 atheos

210 2242 286 2299 qui
305 2243 443 2285 dictus
466 2251 544 2294 est,
573 2251 803 2299 posteaque
831 2242 1098 2292 Theodorus,
1129 2255 1269 2282 nonne
1299 2250 1444 2296 aperte
1471 2239 1649 2281 deorum

255 2372 294 2402 87
319 2366 498 2397 deliberandi
521 2377 607 2397 causa
636 2368 693 2398 sibi
717 2379 805 2398 unum
832 2368 908 2398 diem
949 2368 1023 2399 Ald.
1052 2369 1106 2398 sed
1128 2377 1187 2398 nec
1213 2367 1275 2396 hoc
1298 2366 1400 2406 placet
1423 2365 1483 2395 nisi
1506 2364 1649 2395 deleatur

205 2409 299 2450 pom]
319 2422 405 2440 causa
420 2410 521 2441 delevi
544 2420 623 2441 cum
646 2412 788 2448 Davisio‚
804 2412 858 2452 qui
875 2412 909 2442 in
951 2411 1050 2441 etiam.
1083 2411 1145 2440 Ms.
1177 2409 1285 2441 Guelf.
1315 2415 1409 2438 cetera
1439 2419 1498 2449 qua
1512 2419 1522 2437 .-
1560 2409 1646 2448 quod

210 2453 356 2492 pluribus
380 2455 459 2484 Mss.
483 2463 548 2484 non
572 2456 705 2493 reperit:
729 2455 816 2485 abest
838 2461 869 2484 et
891 2464 910 2484 a
951 2460 1031 2484 esset
1044 2464 1098 2493 pro
1109 2453 1171 2482 alia
1183 2464 1250 2494 qua.
1275 2451 1472 2482 Camerarius
1482 2461 1522 2481 ex
1533 2451 1647 2483 venet..

211 2496 320 2528 Guelf.
343 2503 373 2526 et
397 2498 430 2526 in
455 2497 517 2527 hac
542 2497 644 2527 forma
667 2497 741 2528 alibi
766 2507 830 2528 non
855 2498 909 2528 ad·
951 2497 1185 2536 exemplaribus
1202 2496 1291 2525 affert
1311 2501 1405 2523 cetera
1427 2504 1513 2535 quam
1536 2493 1645 2531 doctus,

210 2540 304 2569 ditur.
950 2540 1044 2578 idque
1080 2539 1210 2579 probat:
1234 2538 1328 2577 idque
1365 2538 1483 2567 interea
1517 2543 1646 2568 secutus

256 2589 295 2612 88
320 2588 399 2611 tanto
429 2581 500 2611 mihi
530 2594 574 2612 res
602 2582 721 2612 videtur
750 2581 902 2619 obscurior]
949 2592 1034 2612 sum.

208 2625 292 2655 Dedi
309 2635 351 2653 res
367 2634 383 2654 e
401 2625 479 2654 Mss.
497 2632 567 2655 tum
584 2627 690 2656 Davis.
709 2632 779 2655 tum
797 2625 905 2655 Guelf.
993 2633 1032 2657 90
1064 2623 1182 2663 dignum
1211 2622 1263 2661 sit]
1295 2623 1401 2662 Vulgo
1430 2629 1499 2652 esset
1513 2634 1523 2651 .-
1559 2623 1646 2662 quod

210 2677 266 2707 pro
289 2666 419 2705 vulgato
445 2673 516 2705 spes.
542 2669 585 2697 ita
609 2675 639 2698 et
664 2669 733 2698 edd.
763 2675 838 2698 vett.
868 2675 906 2698 ut
948 2668 1085 2698 latinitas
1102 2676 1165 2696 non
1182 2668 1309 2705 patitur,
1331 2674 1367 2696 ut
1390 2673 1420 2695 et
1443 2666 1494 2695 alii
1509 2675 1644 2696 sensere.

208 2710 283 2741 Ald.
299 2711 412 2740 Lamb.
429 2712 488 2740 ἃς.
949 2711 987 2740 sit
1002 2710 1062 2740 fuit
1077 2711 1109 2739 in
1127 2709 1174 2739 M.
1194 2710 1313 2740 Ursini.
1334 2720 1388 2739 mm
1409 2709 1487 2739 modo
1508 2715 1554 2739 est
1576 2718 1645 2748 pro,

253 2760 294 2785 89
316 2763 419 2782 verum
443 2753 530 2782 etiam
556 2753 696 2794 ceteroqui
719 2750 830 2792 doctus]
861 2764 906 2782 ce·
949 2764 1002 2783 non
1016 2753 1121 2782 dicam.

209 2796 321 2838 tet-oqui
348 2806 414 2826 non
443 2797 592 2826 convenit
623 2796 699 2826 huic
728 2797 840 2827 formae
869 2805 906 2826 ac
993 2803 1029 2829 91
1056 2795 1086 2824 in
1113 2794 1272 2835 hujusmodi
1300 2792 1439 2836 sermone]
1473 2794 1526 2826 Sic
1561 2794 1645 2833 Mss-

208 2839 385 2869 sententiae.
430 2840 578 2869 Davisius
598 2840 695 2869 edidit
717 2846 809 2869 cetera
837 2850 908 2881 quo-
947 2839 1045 2879 vulgo
1061 2838 1204 2878 (jusmodi.

210 2893 268 2923 que
292 2892 310 2912 e
334 2882 414 2913 Mss.
437 2884 516 2921 suis,
546 2889 584 2913 ut
610 2883 706 2914 habet
734 2883 831 2913 etiam
858 2883 906 2914 ed.
