1778 3095
246 137 322 168 252
589 131 847 168 TUSCUL.
889 132 1345 171 QUAESTIONUM

245 236 359 292 quod
380 238 551 279 tandem
579 240 865 295 spectaculum
896 241 985 281 fore
1009 249 1220 296 putamus,
1240 256 1337 282 cum
1359 246 1492 281 totam
1523 250 1683 285 terram

245 295 436 335 contueri
470 295 628 346 licebit,
662 297 836 353 ejusque
871 312 966 338 cum
1004 298 1147 349 situm,
1182 299 1377 347 formam,
1413 297 1675 340 circumscri-

245 351 450 405 ptionem,
471 359 563 392 tum
586 362 628 393 et
648 352 896 394 habitabiles
928 355 1136 410 regiones,
1157 363 1199 395 et
1217 369 1381 395 rursum
1412 354 1527 394 omni
1557 355 1675 396 cultu

181 416 416 462 46propter
453 408 534 448 vim
575 409 742 464 frigoris
777 420 851 450 aut
885 411 1049 461 caloris,
1087 412 1310 451 vacantes?
1348 408 1440 451 Nos
1475 411 1587 451 enim
1623 425 1677 452 ne

246 478 356 504 nunc
379 464 548 519 quidem
579 466 711 506 oculis
742 467 951 507 cernimus
970 481 1032 516 ea,
1052 483 1145 523 quae
1166 467 1379 508 videmus:
1409 481 1543 522 neque
1563 467 1674 508 enim

245 528 308 561 est
328 520 438 561 ullus
460 535 602 562 sensus
636 522 677 562 in
708 537 909 576 corpore:
943 523 1030 572 sed,
1053 533 1100 563 ut
1130 538 1214 563 non
1245 523 1382 564 solum
1410 523 1574 578 physici
1595 523 1675 564 do-

244 585 355 626 cent,
377 591 517 617 verum
541 578 664 618 etiam
700 578 867 628 medici,
890 579 961 633 qui
992 579 1071 620 ista
1101 588 1242 634 aperta
1263 588 1305 619 et
1324 580 1535 636 patefacta
1563 579 1678 621 vide-

245 641 355 683 runt,
377 633 450 673 viae
473 634 591 689 quasi
621 634 813 688 quaedam
835 644 932 674 sunt
953 634 1005 674 ad
1027 636 1188 684 oculos,
1211 636 1262 674 ad
1284 650 1418 685 aures,
1440 635 1493 676 ad
1514 650 1630 676 nares
1652 650 1676 676 a

245 689 344 730 sede
375 690 502 729 animi
534 690 769 745 perforatae.
799 690 939 745 itaque
971 705 1082 746 saepe
1111 700 1184 731 aut
1212 692 1486 746 cogitatione,
1506 702 1579 734 aut
1600 692 1677 733 ali-

244 760 327 801 qua
346 746 383 786 vi
405 747 540 786 morbi
572 746 775 800 impediti,
794 747 947 801 apertis
969 758 1094 802 atque
1116 747 1290 801 integris
1310 757 1353 788 et
1372 749 1519 799 oculis,
1540 758 1581 790 et
1602 763 1676 790 au-

243 803 375 852 ribus,
407 817 482 842 nec
512 802 714 852 videmus,
737 817 812 843 nec
845 803 1068 844 audimus:
1100 813 1146 844 ut
1177 803 1298 844 facile
1329 804 1509 860 intelligi
1529 805 1676 860 possit,

244 859 431 899 animum
453 868 495 898 et
515 858 668 908 videre,
689 867 731 898 et
752 859 909 909 audire,
930 875 1013 900 non
1034 875 1101 900 eas
1121 870 1273 915 partes,
1296 875 1390 915 quae
1421 863 1539 916 quasi
1560 861 1678 902 fene-

246 924 340 955 strae
363 924 458 955 sunt
479 915 630 955 animi:
663 915 815 970 quibus
841 926 979 956 tamen
1003 917 1153 957 sentire
1176 916 1279 956 nihil
1301 926 1426 972 queat
1449 931 1581 967 mens,
1600 918 1679 959 nisi

244 971 286 1012 id
313 981 426 1026 agat,
450 980 492 1011 et
521 971 644 1012 adsit.
704 972 834 1027 Quid,
858 973 971 1027 quod
1000 973 1147 1014 eadem
1180 983 1321 1014 mente
1352 988 1416 1014 res
1450 973 1680 1014 dissimilli-

244 1042 333 1068 mas
364 1028 776 1082 comprehendimus,
808 1038 855 1069 ut
887 1029 1088 1079 colorem,
1120 1044 1327 1085 saporem,
1348 1030 1548 1081 calorem,
1569 1029 1675 1072 odo-

243 1098 347 1134 rem,
371 1086 549 1124 sonum?
583 1100 675 1140 quae
700 1100 928 1141 numquam
952 1087 1136 1141 quinque
1159 1087 1313 1127 nuntiis
1333 1086 1496 1127 animus
1514 1101 1677 1142 cogno-

244 1149 390 1191 sceret,
425 1141 501 1181 nisi
532 1141 585 1181 ad
620 1156 717 1181 eum
751 1142 892 1182 omnia
922 1143 1188 1193 referrentur,
1212 1153 1254 1183 et
1276 1143 1309 1184 is
1329 1144 1518 1184 omnium
1544 1143 1677 1199 judex

244 1197 358 1238 solus
381 1206 502 1237 esset.
562 1198 706 1252 Atque
736 1213 785 1238 ea
814 1199 1005 1253 profecto
1027 1206 1117 1239 tum
1140 1199 1277 1239 multo
1297 1201 1481 1254 puriora,
1502 1210 1545 1240 et
1565 1199 1675 1240 dilu-

243 1253 402 1294 cidiora
422 1262 658 1301 cernentur,
680 1268 792 1304 cum,
815 1269 900 1309 quo
921 1264 1069 1295 natura
1099 1255 1193 1304 fert,
1214 1255 1318 1295 liber
1348 1255 1510 1295 animus
1533 1269 1677 1310 perve-

179 1309 230 1350 47
245 1310 364 1350 nerit.
425 1311 538 1350 Nam
572 1324 682 1350 nunc
717 1310 902 1365 quidem,
937 1325 1192 1366 quamquam
1229 1312 1436 1352 foramina
1466 1311 1551 1361 illa,
1584 1327 1679 1367 quae

242 1374 387 1420 patent
406 1365 460 1405 ad
481 1365 668 1406 animum
691 1380 715 1406 a
735 1381 927 1422 corpore,
948 1368 1218 1409 callidissimo
1248 1368 1423 1409 artificio
1449 1377 1597 1409 natura
1616 1368 1680 1409 fa-

242 1423 402 1463 bricata
420 1432 497 1474 est,
518 1430 659 1462 tamen
679 1425 866 1473 terrenis,
887 1425 1178 1480 concretisque
1208 1424 1456 1479 corporibus
1487 1434 1586 1465 sunt
1615 1425 1678 1466 in-

243 1487 428 1533 tersepta
461 1478 794 1533 quodammodo.
833 1496 931 1521 cum
969 1492 1112 1522 autem
1149 1481 1254 1522 nihil
1288 1482 1366 1522 erit
1404 1489 1554 1536 praeter
1587 1481 1677 1522 ani-

243 1550 385 1576 mum:
417 1535 533 1576 nulla
560 1549 623 1576 res
660 1537 828 1592 objecta
865 1537 1078 1592 impediet,
1113 1546 1149 1569 81
1169 1553 1255 1593 quo
1288 1538 1427 1578 minus
1459 1537 1678 1593 percipiat,

160 1593 225 1639 21
244 1592 366 1647 quale
405 1591 590 1647 quidque
621 1592 686 1634 sit.
749 1601 786 1624 82
801 1594 1003 1649 Quamvis
1039 1593 1210 1649 copiose
1241 1594 1332 1634 haec
1363 1593 1612 1643 diceremus,
1643 1595 1678 1636 si

201 1661 308 1691 b.res
338 1648 586 1703 postularet,
608 1664 734 1704 quam
766 1649 915 1701 multa,
945 1665 1070 1706 quam
1105 1651 1227 1701 varia,
1258 1657 1414 1706 quanta
1439 1651 1681 1705 spectacula

179 1708 230 1742 48
244 1705 407 1745 animus
440 1705 482 1745 in
513 1704 617 1746 locis
653 1706 890 1747 caelestibus
924 1716 1033 1748 esset
1065 1707 1300 1748 habiturus.
1361 1707 1472 1748 Quae
1506 1707 1677 1763 quidem

242 1761 450 1817 cogitans,
472 1761 588 1802 soleo
609 1777 720 1818 saepe
740 1762 881 1804 mirari
902 1772 939 1795 83
955 1764 1253 1805 nonnullorum
1286 1763 1554 1804 insolentiam
1583 1763 1678 1819 phi-

242 1817 535 1872 losophorum,
571 1819 642 1874 qui
676 1829 835 1860 naturae
873 1821 1162 1876 cognitionem
1199 1819 1471 1871 admirantur,
1503 1820 1680 1876 ejusque

242 1874 459 1923 inventori,
481 1884 523 1915 et
554 1875 732 1931 principi
762 1876 917 1931 gratias
950 1876 1205 1918 exsultantes
1236 1884 1385 1931 agunt,
1405 1889 1588 1932 eumque
1608 1891 1679 1918 ve-

242 1939 451 1981 nerantur,
469 1940 517 1971 ut
537 1931 688 1973 deum:
722 1932 919 1974 liberatos
949 1933 1060 1974 enim
1082 1948 1125 1974 se
1144 1947 1218 1988 per
1237 1947 1332 1973 eum
1355 1932 1500 1974 dicunt
1520 1933 1680 1989 gravis-

242 1987 356 2029 simis
393 1986 590 2038 dominis,
626 1998 780 2029 terrore
812 1990 1084 2045 sempiterno,
1114 1998 1156 2030 et
1188 1989 1355 2038 diurno,
1384 2004 1433 2030 ac
1468 1998 1678 2031 nocturno

242 2053 374 2085 metu.
405 2059 490 2099 quo
523 2046 713 2086 terrore?
747 2060 832 2101 quo
863 2047 1009 2087 metu?
1048 2062 1142 2102 quae
1177 2055 1242 2087 est
1276 2061 1379 2088 anus
1410 2054 1498 2087 tam
1533 2046 1677 2097 delira,

242 2116 337 2156 quae
366 2100 513 2141 timeat
540 2102 634 2152 ista,
656 2117 749 2157 quae
772 2117 843 2143 vos
863 2103 1071 2154 videlicet,
1092 2103 1126 2143 si
1146 2102 1323 2159 physica
1347 2117 1432 2143 non
1460 2102 1676 2144 didicisse-

243 2157 310 2207 tis,
333 2157 534 2198 timeretis
555 2162 567 2200 ?

350 2243 391 2266 84
404 2235 591 2273 Acherusia
609 2237 742 2288 templa,
763 2238 836 2274 alta
861 2238 955 2282 Orci,
973 2237 1106 2288 pallida

349 2291 440 2335 Leti,
461 2289 634 2335 obnubilat,
656 2291 763 2328 obsita
782 2290 921 2328 tenebris
940 2292 1024 2329 loca.

242 2375 344 2415 Non
376 2374 507 2429 pudet
542 2375 843 2432 philosophum
877 2378 918 2418 in
949 2392 1000 2418 eo
1033 2377 1223 2433 gloriari,
1242 2377 1357 2433 quod
1388 2377 1479 2418 haec
1508 2392 1594 2419 non
1622 2377 1677 2419 ti-

242 2440 369 2481 meat,
390 2441 432 2471 et
452 2432 566 2486 quod
589 2433 693 2473 falsa
713 2448 802 2474 esse
822 2435 1096 2489 cognoverit?
1131 2449 1180 2475 ex
1201 2449 1286 2490 quo
1311 2433 1491 2490 intelligi
1520 2442 1678 2489 potest,

243 2502 370 2542 quam
400 2488 513 2529 acuti
546 2497 693 2530 natura
724 2490 819 2540 sint,
842 2490 914 2546 qui
934 2490 1025 2531 haec
1046 2491 1134 2531 sine
1154 2491 1346 2532 doctrina
1365 2490 1564 2531 credituri
1585 2491 1676 2532 fue-

289 2605 323 2629 sl
343 2611 395 2640 quo
412 2599 502 2628 minus
518 2600 676 2640 percipiat]
697 2601 856 2631 Bentleius
873 2610 939 2631 cor
1028 2609 1067 2632 84
1083 2602 1263 2631 Acheruntia
1280 2601 1401 2642 templa]
1419 2603 1501 2632 Sunt
1515 2613 1623 2634 versus
1638 2613 1679 2634 ex

243 2642 503 2681 rexitperspiciat.
521 2643 632 2682 placet.
985 2645 1077 2674 Ennii
1095 2646 1329 2674 Andromache.
1356 2646 1413 2676 hos
1433 2655 1541 2676 versus
1557 2652 1588 2676 et
1604 2646 1681 2676 Var-

289 2692 327 2715 82
343 2685 487 2714 Quamvis
502 2686 606 2725 copiose
618 2687 677 2715 kaec
692 2685 858 2721 diceremus,
874 2698 896 2717 s.
914 2698 939 2716 r.
984 2697 1017 2717 ro
1034 2688 1129 2717 habet
1156 2689 1190 2717 L.
1217 2689 1250 2717 L.
1277 2689 1310 2718 L.
1335 2689 1390 2718 VI.
1416 2689 1470 2718 sed
1501 2688 1553 2718 ille
1584 2689 1681 2720 habet

236 2728 286 2768 p.]
306 2728 448 2758 Pearcius
466 2728 659 2768 interpungit
674 2736 743 2769 post
759 2729 831 2766 haec,
846 2737 875 2759 et
892 2731 939 2759 in
983 2730 1142 2759 Acherusia
1160 2737 1181 2761 t.
1197 2737 1234 2760 ut
1249 2737 1280 2760 et
1295 2732 1457 2761 Lucretius
1473 2732 1575 2761 dicere
1590 2732 1681 2762 solet.

242 2771 355 2810 telligit
377 2771 547 2808 dixerimus,
575 2772 729 2802 diceremus
752 2780 860 2802 tamen
885 2783 937 2802 co-
980 2774 1056 2812 quia
1068 2775 1165 2803 etiarn
1183 2774 1261 2804 Mss.
1278 2774 1409 2813 quidam
1423 2775 1476 2804 hic
1489 2775 1534 2804 sic
1547 2774 1679 2811 habent,

243 2815 360 2854 piosius
376 2815 481 2844 adhuc
499 2817 558 2845 .
980 2817 1079 2856 recepi
1096 2828 1102 2846 :
1127 2824 1157 2846 et
1184 2823 1286 2847 cetera
1311 2827 1438 2857 quoque
1462 2817 1571 2857 paullo
1591 2817 1679 2848 aliter

288 2864 324 2888 853
343 2869 422 2887 norm.
437 2857 680 2900 philosophorum]
697 2858 937 2898 Epicureorum.
981 2858 1044 2889 ille.
