1768 3095
216 114 266 146 28
563 105 837 144 ACADEM.
870 105 1318 144 QUAESTIONUM

213 216 376 258 haerent
405 215 548 272 aliquo
582 214 692 264 loco,
712 213 963 265 exclamant,
986 212 1104 278 quasi
1125 222 1267 255 mente
1298 211 1474 265 incitati,
1493 215 1651 272 Empe-

213 272 359 315 docles
381 272 568 329 quidem,
591 280 637 312 ut
669 271 880 312 interdum
911 271 1016 312 mihi
1048 271 1186 312 furere
1213 270 1430 312 videatur:
1461 269 1655 314 abstrusa

126 353 155 382 p.
173 344 304 372 5.esse
334 329 492 380 omnia,
523 328 627 370 nihil
661 342 739 369 nos
772 327 940 379 sentire,
966 325 1071 369 nihil
1101 324 1300 369 cernere:
1332 325 1436 368 nihil
1464 327 1654 380 omnino,

172 394 201 414 ³·
242 387 336 428 uale
359 387 426 437 sit,
447 399 571 442 posse
590 385 788 441 reperire.
847 384 1061 441 Majorem
1082 391 1222 425 autem
1244 393 1408 439 partem
1434 383 1540 425 mihi
1559 384 1653 440 qui-

212 402 311 485 dem
349 457 496 484 omnes
533 441 601 483 isti
640 440 833 483 videntur
868 441 991 482 nimis
1025 440 1154 482 etiam
1193 439 1388 496 quaedam
1430 440 1652 493 affirmare,

150 517 194 548 15
210 500 391 557 plusque
413 499 598 555 profiteri
621 513 664 539 se
685 499 804 549 scire,
831 512 959 554 quam
990 498 1138 539 sciant.
1197 496 1328 539 Quod
1352 497 1386 539 si
1407 496 1468 539 illi
1488 506 1580 539 tum
1609 498 1651 540 in

210 558 326 599 novis
348 557 488 607 rebus,
510 555 628 612 quasi
651 555 782 596 modo
804 562 1039 606 nascentes,
1062 553 1375 605 haesitaverunt,
1397 552 1557 596 nihilne
1587 562 1654 596 tot

167 639 170 642 >
208 613 389 664 saeculis,
410 613 586 654 summis
615 612 810 667 ingeniis,
832 610 1026 652 maximis
1057 609 1221 660 studiis,
1242 610 1497 665 explicatum
1527 619 1653 668 puta·

207 685 301 712 mus
319 671 332 711 ?
366 683 519 720 nonne,
541 683 640 710 cum
654 670 745 724 jam
766 667 1121 724 philosophorum
1139 666 1373 723 disciplinae
1392 666 1651 724 gravissimae

205 727 508 776 constitissent,
533 733 570 762 27
589 736 678 767 tum
714 733 762 766 ut
791 733 962 765 exortus
992 731 1069 775 est,
1092 723 1134 764 in
1154 723 1320 779 optima
1338 722 1559 780 republica
1583 724 1650 766 Ti.

206 784 442 833 Gracchi-m,
465 783 536 838 qui
568 783 701 823 otium
733 781 1013 837 perturbaret,
1043 781 1103 822 sic
1136 779 1364 830 Arcesilas,
1388 779 1460 836 qui
1492 780 1650 822 consti-

203 849 340 882 tutam
360 839 674 896 philosophiam
697 846 915 888 everteret,
948 847 991 879 et
1020 837 1063 879 in
1096 850 1244 878 eorum
1270 834 1523 879 auctoritate
1545 835 1651 878 deli-

203 905 396 948 tesceret,
428 896 501 953 qui
530 904 757 951 negassent
786 894 1019 950 quidquam
1052 893 1165 943 sciri,
1199 902 1272 934 aut
1303 892 1463 950 percipi
1493 894 1647 950 posse?

203 969 385 1009 quorum
408 968 430 994 e
452 967 628 994 numero
651 952 865 993 tollendus
886 960 950 992 est
969 959 1012 992 et
1035 951 1169 1000 Plato,
1197 958 1239 991 et
1269 950 1465 991 Socrates
1484 966 1494 991 ε
1525 949 1649 1001 alter,

202 1010 302 1065 quia
333 1010 502 1066 reliquit
541 1009 892 1066 perfectissimam
929 1006 1212 1064 disciplinam,
1253 1005 1571 1062 Peripateticos,
1605 1016 1650 1048 et

200 1066 500 1117 Academicos,
528 1066 771 1107 nominibus
805 1065 1059 1115 differentes,
1086 1078 1131 1106 re
1158 1072 1469 1119 congruentes:
1502 1078 1527 1104 a
1551 1063 1647 1120 qui-

200 1123 281 1164 bus
315 1123 448 1165 Stoici
482 1123 562 1178 ipsi
590 1122 724 1163 verbis
757 1121 911 1178 magis,
932 1135 1061 1177 quarn
1091 1120 1310 1162 sententiis
1343 1118 1647 1162 dissenserunt.

201 1180 398 1221 Socrates
430 1188 572 1221 autem
606 1179 660 1220 de
690 1192 734 1219 se
766 1179 856 1234 ipse
884 1178 1111 1219 detrahens
1141 1177 1183 1219 in
1216 1176 1518 1232 disputatione,
1551 1175 1648 1232 plus

202 1237 416 1278 tribuebat
433 1237 495 1287 iis,
514 1250 620 1293 quos
638 1235 809 1276 volebat
827 1233 1031 1275 refellere.
1093 1234 1159 1275 Ita
1175 1248 1274 1275 cum
1295 1232 1336 1265 28*
1353 1233 1469 1274 aliud
1488 1232 1649 1274 diceret

202 1302 330 1350 atque
367 1293 554 1344 sentiret,
591 1291 773 1332 libenter
809 1290 873 1332 uti
912 1290 1062 1331 solitus
1101 1299 1166 1331 est
1205 1304 1256 1331 ea
1293 1287 1647 1341 dissimulatione,

201 1364 330 1404 quam
363 1349 504 1390 Graeci
536 1347 710 1404 εἰρωνείαν
743 1355 920 1388 vocant:
952 1350 1078 1402 quam
1115 1346 1173 1387 ait
1202 1346 1330 1387 etiam
1361 1346 1405 1387 in
1438 1345 1647 1388 Africano

199 1406 327 1447 fuisse
349 1414 389 1440 29
404 1405 615 1447 Fannius:
646 1404 774 1460 idque
794 1412 1020 1459 propterea
1044 1403 1242 1444 vitiosum
1274 1403 1318 1443 in
1345 1401 1421 1443 illo
1449 1415 1536 1443 non
1565 1416 1648 1467 pua-

149 1457 392 1514 6tandum,
430 1462 546 1518 quod
581 1461 693 1502 idem
724 1461 851 1501 fuerit
884 1460 925 1500 in
959 1459 1150 1501 Socrate.
1212 1466 1254 1491 ³0
1268 1458 1354 1500 Sed
1386 1458 1544 1500 fuerint
1572 1457 1646 1500 illa

135 1528 352 1570 16vetera,
374 1520 408 1560 si
426 1518 564 1568 vultis,
583 1517 815 1573 incognita.
875 1515 1052 1557 Nihilne
1069 1525 1133 1557 est
1149 1515 1282 1571 igitur
1294 1522 1453 1566 actum,
1475 1522 1512 1547 8¹
1527 1513 1645 1571 quod

194 1575 445 1631 investigata
478 1583 592 1624 sunt,
625 1582 901 1630 posteaquam
934 1572 1148 1614 Arcesilas
1180 1572 1360 1622 Zenoni,
1379 1579 1428 1613 ut
1455 1579 1645 1627 putatur,

194 1632 452 1683 obtrectans,
485 1631 590 1673 nihil
619 1630 713 1672 novi
746 1629 987 1686 reperienti,
1011 1629 1087 1670 sed
1117 1628 1360 1670 emendanti
1388 1627 1643 1684 superiores,

193 1688 490 1730 immutatione
519 1688 760 1736 verborum,
795 1686 897 1727 dum
928 1686 1056 1742 hujus
1087 1685 1352 1727 definitiones
1382 1684 1642 1726 labefactare

192 1745 294 1796 vult,
315 1754 493 1786 conatus
516 1751 579 1785 est
600 1743 842 1785 clarissimis
863 1743 988 1783 rebus
1010 1743 1204 1783 tenebras
1226 1741 1466 1783 obducere?
1501 1739 1639 1798 Cujus

191 1802 328 1856 primo
351 1816 436 1843 non
457 1801 689 1842 admodum
724 1799 904 1856 probata
935 1799 1060 1850 ratio,
1077 1813 1336 1855 quamquam
1366 1797 1509 1840 floruit
1539 1811 1640 1840 cum

191 1859 387 1899 acumine
422 1857 597 1913 ingenii,
633 1866 725 1898 tuni
764 1855 1003 1897 admirabili
1044 1855 1230 1912 quodam
1270 1855 1416 1911 lepore
1451 1853 1640 1906 dicendi,

191 1915 382 1969 proxime
404 1929 427 1956 a
449 1914 620 1971 Lacyde
641 1914 733 1954 solo
754 1921 916 1954 retenta
934 1921 999 1953 est
1019 1929 1027 1954 :
1060 1920 1100 1944 32
1114 1921 1211 1968 post
1232 1920 1374 1953 autem
1394 1910 1595 1952 confecta
1614 1925 1641 1952 a

146 1974 176 2003 b·
193 1971 426 2021 Carneade,
457 1971 529 2027 qui
563 1979 626 2012 est
659 1981 832 2025 quartus
853 1969 907 2010 ab
928 1969 1131 2010 Arcesila.
1163 1968 1322 2010 audivit
1351 1968 1464 2009 enirn
1485 1967 1637 2024 Egesi-

191 2043 307 2079 num,
330 2030 401 2084 qui
423 2028 661 2069 Evandrum
692 2027 896 2075 audierat,
918 2025 1103 2083 Lacydis
1134 2025 1408 2081 discipulum,
1426 2038 1526 2065 cum
1551 2024 1638 2066 Ar-

187 2085 327 2126 cesilae
351 2085 541 2141 Lacydes
565 2085 725 2125 fuisset.
787 2082 870 2124 Sed
894 2083 983 2138 ipse
1006 2082 1248 2125 Carne-ades
1267 2081 1342 2123 diu
1361 2078 1514 2123 tenuit.
1536 2094 1635 2123 nam

230 2248 267 2277 27
288 2249 348 2271 tum
371 2249 404 2271 a!
427 2250 538 2272 exortus
562 2248 603 2271 est
626 2241 656 2269 in
679 2241 787 2279 optima
811 2240 884 2279 mlx]

187 2287 262 2317 Edd.
289 2292 362 2315 vett.
389 2292 418 2315 et
442 2295 500 2315 scr.
529 2285 647 2314 habent
675 2284 720 2314 bis
745 2290 789 2320 ut,
819 2293 888 2323 post

187 2337 246 2357 tum
263 2337 292 2358 et
309 2335 377 2368 post
401 2334 452 2357 cst.
499 2328 650 2358 Deletum
668 2334 713 2357 est
729 2328 763 2357 in
777 2326 888 2365 vulga-

185 2373 221 2400 tis
239 2373 394 2410 primum,
411 2381 468 2401 nos
484 2371 659 2401 delevimus
682 2370 884 2400 secundum:

184 2416 229 2443 sic
255 2414 392 2454 postulat
415 2423 613 2453 consequens
634 2413 674 2441 sic
696 2422 740 2442 sc.
757 2419 886 2443 exortus

184 2466 229 2486 cst
246 2457 403 2486 Arcesilas.
426 2466 501 2486 nam
524 2457 564 2494 τῷ
588 2457 618 2484 in
640 2455 750 2495 optima
764 2461 822 2494 rep.
841 2454 884 2485 nil

186 2502 362 2538 respondet.

228 2550 267 2572 *253
292 2541 379 2571 aliud
396 2541 502 2570 dicere!
524 2547 612 2582 atque
636 2538 771 2580 sentiret]
793 2540 885 2570 Varie

184 2587 254 2615 haec
271 2585 422 2622 leguntur
446 2585 477 2614 in
502 2584 596 2614 libris.
644 2583 710 2613 Scr.
728 2583 832 2624 plures
855 2589 886 2613 et

183 2630 252 2659 cdd.
279 2629 358 2658 Ven.
383 2627 513 2658 Mediol.
529 2627 602 2658 Asc.
619 2626 705 2655 aliud
723 2632 886 2665 agnoscere!

183 2678 271 2712 atque
298 2671 428 2707 sentiret,
459 2670 553 2700 male.
599 2669 776 2708 Vulgaturn
803 2669 884 2699 bene

183 2716 286 2745 habet.
311 2714 385 2744 alibi
415 2715 530 2743 dicitur
553 2712 638 2742 aliud
657 2712 776 2750 diceret,
800 2711 886 2740 aliud

975 2247 1015 2273 29
1035 2237 1174 2278 Fannius]
1203 2240 1240 2270 In
1264 2239 1446 2270 Annalibus
1467 2247 1498 2269 v.
1513 2240 1554 2270 de
1575 2240 1633 2271 Or.

932 2283 992 2319 111,
1011 2287 1062 2316 67.

973 2331 1015 2356 30
1030 2323 1215 2363 Sedfiaeerint
1229 2323 1284 2353 illa
1298 2330 1415 2361 vetera,
1431 2323 1457 2353 si
1472 2324 1568 2355 vultis
1589 2325 1636 2356 in-

931 2365 1060 2408 cognita]
1093 2367 1168 2397 Non
1199 2368 1295 2398 habet
1323 2368 1387 2396 hoe
1417 2369 1633 2400 commodum

929 2420 1073 2441 sensum.
1124 2410 1205 2440 Puto
1248 2409 1421 2450 legendum
1459 2411 1608 2441 veteribus
1620 2422 1633 2441 .-

929 2454 1014 2493 quod
1029 2453 1195 2492 sequentia
1209 2453 1292 2484 clare
1306 2453 1494 2484 desiderant.
1523 2454 1572 2485 Ita
1586 2455 1634 2485 vi-

929 2506 1003 2527 sum
1019 2504 1050 2526 et
1066 2496 1204 2527 Davisio.

972 2546 1006 2570 31
1029 2539 1105 2581 quod
1115 2538 1294 2578 investigata
1308 2536 1386 2576 sunt]
1408 2537 1480 2568 Hoc
1495 2547 1561 2568 non
1577 2546 1632 2568 co-

928 2582 1026 2613 haeret
1041 2591 1118 2612 cum
1134 2583 1253 2612 ceteris.
1299 2581 1432 2620 Semper
1453 2581 1561 2620 putavi
1586 2579 1631 2610 le-

926 2626 1069 2663 gendum
1086 2630 1153 2666 quoe
1170 2625 1232 2655 inv.
1248 2631 1323 2655 sunt
1337 2633 1381 2654 sc.
1397 2631 1516 2663 postea.
1531 2629 1628 2664 atque

927 2669 968 2698 ita
986 2668 1120 2699 Ursinus
1137 2668 1170 2697 in
1187 2667 1266 2698 libro
1281 2674 1383 2697 vetere
1398 2672 1561 2706 repererat.

967 2717 1007 2742 8⁸2
1021 2717 1086 2750 post
1100 2721 1128 2739 α.
1146 2711 1268 2750 corficta
1282 2722 1301 2739 a
1320 2705 1488 2749 Carneade]
1504 2708 1627 2748 corficta

181 2756 299 2787 sentiret
310 2768 319 2785 .-
341 2757 395 2787 sed
411 2763 480 2796 post
495 2755 582 2785 aliud
601 2757 696 2786 etiarn
718 2762 816 2796 atque,
833 2764 879 2791 ac,
923 2755 1074 2785 vitiosum
1090 2754 1158 2784 sine
1173 2754 1271 2784 dubio
1286 2759 1343 2784 est.
1367 2758 1449 2783 recte
1463 2752 1626 2791 corrigunt

179 2807 206 2829 et
227 2801 388 2839 reperitur,
415 2806 452 2830 ut
478 2805 548 2840 post
574 2798 664 2828 aliter
687 2809 715 2828 v.
733 2798 823 2828 Clav.
847 2798 879 2828 in

182 2844 232 2874 his
250 2853 279 2874 v.

925 2797 958 2827 P.
989 2797 1098 2832 Faber,
1128 2796 1282 2833 Clericus,
1313 2795 1461 2826 Davisius
1494 2795 1624 2836 coficta

925 2841 945 2870 i.
962 2849 990 2870 e.
1006 2840 1153 2879 perfecta.
