1778 3095
196 113 275 158 296
552 110 808 148 TUSCUL.
839 109 1283 149 QUAESTIONUM

194 218 367 259 cusavit.
428 219 612 260 Calenus
635 219 777 270 Indus,
799 219 1046 261 87indoctus
1075 234 1123 261 ac
1151 219 1368 267 barbarus,
1398 217 1442 258 in
1470 216 1622 258 radici-

194 275 274 315 bus
299 275 475 316 Caucasi
497 287 632 327 natus,
664 292 738 316 sua
767 277 979 317 voluntate
1008 277 1120 317 vivus
1149 277 1396 317 combustus
1425 281 1502 314 est.
1533 288 1625 324 nos,

196 331 230 372 si
252 346 324 387 pes
355 333 588 383 condoluit,
620 333 653 373 si
683 333 799 382 dens,
833 341 870 363 88
886 334 919 373 si
951 342 1112 374 tactum
1149 332 1293 373 dolore
1325 344 1493 385 corpuS,
1517 329 1624 369 ferre

195 402 279 429 non
300 403 538 444 possumus.
559 389 702 444 opinio
722 399 785 430 est
813 390 923 430 enim
954 389 1145 445 quaedam
1178 387 1427 429 effaeminata
1447 400 1495 426 ac
1513 384 1626 435 levis,

197 453 325 485 89nec
347 446 388 486 in
409 445 555 486 dolore
584 446 735 500 magis,
767 461 893 501 quam
925 446 965 486 in
995 446 1210 500 voluptate
1233 462 1241 485 :
1274 458 1357 500 qua
1372 457 1467 484 cum
1490 441 1626 497 liquee

197 502 367 552 scimus,
404 503 706 557 90fluimusque
737 502 930 550 mollitia,
967 501 1055 555 apis
1091 502 1284 542 aculeum
1321 500 1407 541 sine
1442 498 1627 539 clamore

133 568 182 600 53
198 558 304 598 ferre
322 574 406 599 non
428 573 667 613 possumus.
726 558 787 598 At
803 572 899 598 vero
925 557 976 597 C.
998 558 1176 608 Marius,
1203 557 1437 598 rusticanus
1456 555 1529 603 vir,
1551 553 1627 595 sed

194 614 319 668 plane
339 616 412 665 vir,
443 630 540 655 cum
572 622 794 665 secaretur,
830 623 879 654 ut
914 628 1039 668 supra
1071 613 1170 664 dixi,
1205 613 1410 669 principio
1430 610 1560 652 vetuit
1581 623 1625 650 se

193 670 385 726 alligari:
418 686 493 712 nec
530 672 754 726 quisquam
789 679 885 710 ante
920 670 1106 710 Marium
1145 669 1307 710 solutus
1347 669 1500 710 dicitur
1535 680 1627 708 esse

193 738 348 768 sectus.
392 742 466 768 cur
503 742 605 782 ergo
644 735 792 781 postea
826 726 923 766 alii?
976 726 1104 766 valuit
1141 726 1381 766 auctoritas.
1439 723 1626 765 Videsne

191 783 337 838 igitur,
371 784 579 838 opinionis
613 797 716 833 esse,
749 798 830 823 non
863 792 1021 823 naturae
1052 781 1242 822 malum?
1275 790 1318 822 et
1338 792 1480 822 tamen
1499 781 1628 822 fuisse

192 855 332 880 acrem
366 855 554 880 morsum
588 839 760 889 doloris,
794 839 908 880 idem
941 839 1105 879 Marius
1142 837 1338 878 ostendit.
1380 852 1476 879 crus
1515 836 1627 878 enim

192 896 371 937 alterum
389 911 472 936 non
491 896 684 951 praebuit.
703 896 761 936 ita
782 906 825 936 et
844 895 942 936 tulit
958 895 1164 944 dolorem,
1181 903 1228 935 ut
1240 895 1312 945 vir,
1334 902 1390 944 et,
1410 901 1458 935 ut
1478 894 1625 943 homo,

191 953 397 1008 majorem
420 954 527 993 ferre
543 954 630 993 sine
648 967 774 993 causa
790 951 1020 992 necessaria
1038 951 1186 992 noluit.
1204 960 1342 991 totum
1363 950 1494 1005 igitur
1512 949 1555 990 in
1574 963 1627 989 eo

190 1018 270 1059 est,
294 1019 342 1050 ut
362 1010 438 1050 tibi
460 1010 653 1064 imperes.
713 1008 891 1050 Ostendi
922 1017 1079 1058 autem,
1110 1008 1226 1063 quod
1255 1017 1366 1048 esset
1395 1004 1629 1062 imperandi

190 1080 341 1121 genus,
370 1075 496 1122 atque
525 1066 616 1106 haec
642 1066 862 1120 cogitatio,
884 1064 986 1120 quid
1010 1065 1222 1119 patientia,
1245 1064 1345 1119 quid
1366 1062 1629 1112 fortitudine,

192 1122 293 1177 quid
315 1123 603 1177 magnitudine
622 1122 752 1163 animi
773 1121 1068 1177 dignissimum
1088 1121 1153 1171 sit,
1174 1135 1256 1160 non
1280 1120 1416 1161 solum
1438 1120 1627 1160 animum

194 1188 229 1212 91
244 1179 500 1234 comprimit,
529 1179 600 1220 sed
628 1179 766 1232 ipsum
796 1179 925 1218 etiam
956 1177 1162 1227 dolorem,
1193 1178 1348 1225 nescio,
1374 1191 1459 1231 quo
1487 1184 1628 1230 pacto,

111 1231 180 1277 23
194 1236 403 1276 mitiorem
425 1236 539 1276 facit.
600 1236 662 1275 Ut
692 1235 803 1274 enim
836 1234 882 1274 fit
909 1234 951 1274 in
980 1233 1142 1288 praelio,
1171 1241 1219 1273 ut
1246 1233 1419 1287 ignavus
1437 1232 1558 1272 miles
1578 1245 1627 1272 ac

129 1292 381 1342 54timidus,
402 1291 527 1332 simul
549 1306 597 1332 ac
620 1289 766 1331 viderit
783 1290 965 1340 hostem,
991 1288 1158 1344 abjecto
1179 1298 1300 1329 scuto
1321 1288 1472 1343 fugiat,
1493 1302 1628 1344 quan-

191 1360 282 1388 tum
302 1348 448 1402 possit,
481 1348 537 1387 ob
565 1362 744 1402 eamque
775 1361 944 1388 causam
972 1354 1117 1401 pereat
1145 1360 1478 1401 nonnumquam,
1499 1345 1627 1386 etiam

189 1405 356 1460 integro
377 1419 569 1460 corpore,
591 1419 689 1444 cum
710 1404 761 1454 ei,
784 1404 854 1459 qui
874 1403 1048 1453 steterit,
1075 1402 1180 1443 nihil
1211 1401 1293 1442 tale
1314 1402 1521 1442 evenerit:
1554 1401 1628 1452 sic,

189 1463 262 1516 qui
282 1461 438 1502 doloris
460 1461 644 1516 speciem
667 1461 775 1501 ferre
795 1475 879 1500 non
899 1468 1090 1514 possunt,
1119 1458 1323 1515 abjiciunt
1343 1472 1400 1509 se,
1423 1468 1550 1514 atque
1569 1458 1627 1499 ita

189 1517 332 1558 afflicti
354 1527 396 1558 et
416 1518 640 1558 exanimati
653 1516 826 1572 jacent:
858 1516 930 1571 qui
951 1523 1092 1556 autem
1124 1515 1381 1564 restiterunt,
1404 1515 1627 1555 discedunt

192 1575 420 1630 saepissime
442 1575 690 1629 superiores.
712 1583 810 1614 sunt
837 1573 947 1613 enim
969 1571 1162 1627 quaedam
1184 1571 1311 1612 animi
1333 1571 1624 1612 similitudines

61 1646 92 1675 p,
110 1641 179 1670 187.
193 1646 290 1672 cum
311 1646 487 1686 corpore
507 1648 516 1671 2
549 1638 595 1671 ut
617 1639 654 1664 9'2
666 1644 791 1670 onera
805 1630 1012 1670 contentis
1029 1628 1275 1684 corporibus
1297 1627 1461 1668 facilius
1483 1628 1624 1668 ferun-

151 1689 180 1708 ἃ·
194 1698 275 1738 tur,
316 1688 497 1728 remissis
535 1687 806 1742 opprimunt:
857 1685 1068 1726 simillime
1096 1686 1261 1726 animus
1290 1684 1520 1725 intentione
1550 1699 1625 1725 sua

192 1752 229 1778 9·3
244 1745 416 1799 depellit
453 1758 641 1798 pressum
683 1756 853 1784 omnem
891 1741 1154 1797 ponderu1n3
1198 1740 1443 1781 remissione
1481 1750 1623 1782 autem

126 1814 174 1845 55
190 1801 248 1842 sic
269 1811 459 1856 urgetur,
481 1810 528 1841 ut
547 1815 591 1841 se
610 1809 789 1855 nequeat
810 1799 1024 1840 extollere.
1069 1798 1138 1847 Et,
1158 1798 1192 1838 si
1216 1811 1360 1838 verum
1381 1798 1625 1852 quaerimus,

188 1858 231 1898 in
262 1859 458 1898 omnibus
489 1857 634 1897 officiis
672 1856 972 1911 persequendis
1002 1854 1130 1895 animi
1160 1864 1224 1895 est
1252 1853 1492 1894 adhibenda
1523 1868 1626 1894 con-

187 1915 336 1955 tentio.
355 1929 404 1955 ea
425 1924 487 1954 est
505 1913 595 1954 sola
623 1913 746 1954 officii
777 1922 994 1968 tamquam
1025 1911 1231 1952 custodia.
1252 1909 1326 1950 sed
1346 1909 1430 1951 hoc
1452 1910 1622 1966 quidem

188 1971 231 2011 in
253 1971 398 2011 dolore
418 1971 598 2011 maxime
620 1978 682 2010 est
703 1969 1021 2024 providendum,
1046 1983 1096 2008 ne
1128 1967 1228 2023 quid
1250 1966 1427 2022 abjecte,
1449 1981 1500 2007 ne
1521 1967 1623 2022 quid

188 2027 351 2077 timide,
388 2042 439 2068 ne
476 2027 576 2082 quid
618 2027 781 2081 ignave,
821 2041 873 2066 ne
913 2024 1014 2081 quid
1056 2024 1271 2072 serviliter,
1312 2023 1623 2064 muliebriterve

190 2084 393 2124 faciamus
415 2101 423 2124 :
455 2084 497 2124 in
519 2083 748 2138 primisque
773 2084 990 2131 refutetur,
1020 2096 1068 2122 ac
1097 2081 1310 2137 rejiciatur
1330 2080 1623 2121 Philoctetaeus

189 2140 259 2181 ille
287 2140 461 2181 clamor.
492 2139 769 2195 ingemiscere
799 2153 1115 2195 nonnumquam
1146 2137 1232 2178 viro
1267 2151 1514 2177 concessum
1545 2146 1623 2187 est,

233 2297 268 2325 87
296 2290 421 2319 indoctus
451 2302 484 2319 ac
514 2288 556 2327 b.]
590 2290 655 2319 Aut
683 2288 732 2317 ille
760 2290 884 2319 videtur

188 2335 384 2370 addendum,
401 2341 456 2363 aut
471 2333 534 2369 vir,
552 2339 588 2362 ut
603 2340 649 2362 est
662 2334 693 2362 in
711 2333 757 2362 ed.
775 2333 883 2362 Davis.

212 2387 235 2407 r.

189 2387 209 2416 p
235 2426 273 2449 88
297 2419 320 2448 si
337 2426 444 2448 tactum
461 2418 552 2447 dolore
572 2416 685 2456 corpus]
705 2418 755 2447 Sic
771 2427 788 2446 e
806 2417 884 2446 MSS.

190 2463 384 2501 quibusdam
402 2463 497 2491 edidit
512 2461 668 2491 Davisius.
684 2461 774 2490 bene.
801 2459 884 2488 Con-

188 2506 283 2534 sentit
307 2506 370 2535 Ms.
399 2504 506 2534 Guelf.
552 2504 742 2542 Vulgatum,
758 2503 817 2542 fac
843 2509 883 2530 to-

190 2555 251 2576 tum
277 2547 369 2576 dolere
396 2554 492 2586 corpus
519 2556 583 2576 non
608 2554 718 2585 aptum
746 2554 792 2575 est
815 2554 886 2574 sen-

191 2591 309 2624 tentiae,
339 2600 412 2629 quae
443 2591 481 2619 ad
511 2589 614 2619 levem
645 2589 787 2619 dolorem
816 2597 885 2627 per-

188 2639 278 2662 tinet.

235 2683 274 2708 89
297 2686 346 2704 nec
361 2675 390 2703 in
406 2674 496 2704 dolore
519 2674 623 2713 magis,
640 2685 726 2715 quam
743 2674 839 2703 eadem
855 2673 885 2701 in

188 2717 264 2756 voh]
298 2718 394 2747 eadem
423 2718 545 2747 videtur
573 2727 639 2747 esse
669 2717 773 2746 alieno
801 2716 884 2751 loco,

189 2762 474 2801 reponendumque
497 2767 567 2799 post
592 2760 694 2798 magis.
717 2771 766 2788 nec
790 2759 819 2787 in
835 2758 883 2787 do-

190 2804 247 2832 lore
265 2804 355 2843 magis
371 2803 479 2839 eadem,
497 2815 583 2844 quam
596 2803 626 2831 in
638 2802 798 2841 voluptate.
824 2802 883 2831 Sed

190 2847 305 2878 melius
321 2846 485 2878 delebitur.
502 2856 560 2877 nec
581 2853 628 2877 est
644 2847 677 2877 in
693 2847 757 2877 Ms.
775 2845 881 2875 Guelf.

972 2296 1012 2321 ‘jo
1023 2287 1204 2328 fluimusque
1220 2284 1357 2324 mollitia]
1383 2285 1498 2316 Malim
1515 2286 1623 2319 abesse

929 2331 1062 2360 mollitia.

973 2381 1007 2406 91
1035 2371 1208 2412 comprimit]
1237 2373 1288 2402 Sic
1306 2380 1370 2401 non
1392 2372 1569 2411 comprimet,
1586 2381 1623 2404 ut

929 2417 1047 2447 habent
1061 2416 1193 2454 vulgati,
1217 2415 1389 2455 legendum
1405 2425 1539 2453 sequens
1555 2426 1624 2447 ver-

928 2459 1125 2498 bum‚facit‚
1141 2459 1241 2488 docet.
1289 2458 1326 2487 Et
1347 2459 1391 2488 sic
1416 2458 1535 2488 habent
1550 2460 1622 2490 edd.

926 2510 1000 2532 vett.
1017 2503 1097 2532 Ven.
1115 2502 1201 2531 Med.
1214 2502 1302 2531 Junt.
1318 2502 1376 2531 ἃς.
1392 2507 1422 2530 et
1439 2501 1501 2531 Ms.
1514 2502 1623 2532 Guelf.

970 2553 1008 2578 92
1034 2555 1129 2580 onera,
1160 2555 1184 2573 c.
1218 2555 1242 2573 c.
1260 2544 1468 2583 fferuntur,
1499 2545 1622 2574 remissis

927 2587 1105 2628 opprimunt]
1136 2587 1199 2616 Hic
1226 2587 1338 2617 vitium
1366 2594 1433 2617 est:
1460 2596 1536 2617 nam
1562 2588 1622 2618 sibi

927 2631 1073 2661 membra
1110 2639 1173 2659 non
1220 2631 1417 2669 respondent.
1474 2630 1620 2670 Corrige:

928 2680 1197 2703 onera—cont.-c.
1210 2673 1245 2712 f.
1256 2673 1412 2713 feruntur,
1436 2672 1552 2702 remissa
1575 2683 1621 2704 sc.

929 2726 1069 2756 corpora,
1086 2715 1261 2755 opprimunt.
1306 2716 1343 2746 In
1359 2716 1423 2746 Ms.
1445 2715 1552 2746 Guelf.
1575 2723 1623 2747 est

916 2758 1279 2800 strunt—opprimuntur.

969 2809 1007 2835 93
1031 2801 1148 2842 depellit
1156 2799 1305 2843 pressum]
1324 2802 1430 2832 Immo
1447 2800 1568 2841 repellit.
