1768 3095
465 102 480 107 ⁴
540 107 547 125 -·
600 95 1055 141 ἸΑΙΒΕΒῘΡ-ΚῙΜΠΒ.
1078 107 1080 109 ’
1101 107 1122 141 ‘2'
1156 108 1220 141 ·³‡''
1482 103 1549 148 ‘99

111 204 256 256 butus,
276 204 553 261 quietusesse
571 210 805 260 numquam
826 210 984 259 potest.
1023 203 1359 253 Praetereaffbona
1372 212 1548 259 praeter-
1568 243 1574 246 .

98 260 170 303 *ita
189 275 274 303 non
295 260 589 311 meminerunt,
609 259 889 316 praesentibus
910 274 997 301 non
1023 260 1236 311 fruuntur,
1254 260 1397 302 futura
1416 260 1548 304 modo

97 326 376 374 exspectant:
405 330 499 372 quae
519 316 626 371 quia
645 324 869 363 certaesse
888 329 973 358 non
991 325 1184 371 possunt,
1204 315 1486 358 conficiuntur
1502 326 1548 360 et

109 388 282 430 angore,
302 381 344 414 et
372 380 489 414 metu
509 389 519 413 z
551 373 819 429 maximeque
840 372 1095 423 cruciantur,
1115 387 1212 415 cum
1235 387 1328 414 sero
1346 373 1546 426 sentiunt,

108 431 267 472 frustm*
280 443 324 471 se
341 439 414 471 aut
432 429 623 484 pecuniae
642 429 868 480 studuisse,
884 439 958 470 aut
976 429 1179 484 imperiis,
1195 438 1268 470 aut
1288 430 1454 485 opibus,
1471 438 1547 471 aut

106 486 270 542 gloriae.
300 485 436 526 nullas
464 485 578 526 enim
604 494 924 542 consequuntur
951 485 1204 542 voluptates,
1224 500 1404 542 quarum
1429 487 1547 542 poti-

95 542 212 584 endi*
233 556 306 597 spe
339 541 603 594 inflammati,
641 543 799 584 multos
832 542 1013 593 labores,
1046 556 1312 599 magnosque
1347 554 1544 599 suscepe-

98 607 227 641 rant.
274 598 387 639 Ecce
415 608 561 643 autem
591 598 662 640 alii
692 598 860 649 minuti,
890 609 934 640 et
962 601 1147 655 angusti,
1167 607 1241 641 aut
1269 598 1414 640 omnia
1431 613 1543 641 sem·
1556 606 1603 643 61

85 668 178 710 ,per
211 653 494 709 desperantes,
529 665 603 700 aut
635 655 845 706 malevoli,
872 655 1019 707 invidi,
1053 655 1256 707 difficiles,
1296 655 1544 712 ⁷11ucifugi,

91 710 315 760 maledici,
345 717 383 754 ⁷12
398 712 655 756 monstrosi:
683 711 757 759 alii
786 722 932 758 ,autem
964 712 1089 754 etiam
1124 712 1339 754 amatoriis
1365 712 1544 754 levitati·

86 767 188 811 ,rbus
203 767 444 818 dediti,zalii·
454 769 707 824 petulantes,
727 768 798 809 alii
810 768 1013 819 audaces,
1032 769 1211 824 potervi,
1230 769 1358 810 iidem
1385 769 1584 811 intem-b.

82 832 372 879 :perantes5et
391 824 546 879 ignavi,
570 838 802 881 numquam
821 825 864 865 in
882 826 1091 866 sententia
1109 834 1416 880 permanentes.
1438 840 1543 882 quas

83 881 164 923 cb»
178 894 325 923 causas
336 881 383 923 vin
403 895 552 922 eorum
571 882 654 922 vita
674 882 789 923 nulla
807 890 872 922 est
892 881 1164 937 intercapedo
1182 882 1405 924 molestiae.
1452 882 1544 938 Igi-

99 945 172 980 tur
190 950 326 992 neque
343 938 575 979 stultorum
597 938 819 994 quisquam
840 939 1004 989 beatus,
1029 952 1168 994 neque
1187 939 1425 994 sapientum
1457 953 1542 981 non

99 994 264 1035 beatus.
296 994 518 1050 multoque
550 994 634 1036 hoc
667 994 821 1036 melius
852 1009 928 1035 nos
964 995 1200 1051 veriusque,
1232 1009 1359 1051 quam
1393 995 1540 1037 Stoici.

96 1050 169 1092 Illi
200 1051 312 1092 enim
342 1061 504 1106 negant
534 1051 696 1093 bonum
731 1051 965 1107 quidquam
998 1065 1104 1101 esse,
1131 1052 1211 1093 nisi
1241 1052 1382 1093 nescio
1412 1066 1540 1108 quam

95 1106 216 1150 illam
249 1108 458 1158 umbram,
491 1107 608 1164 quod
640 1108 853 1164 appellant
884 1108 1127 1159 honesturn,
1155 1122 1240 1149 non
1267 1117 1355 1149 tam
1386 1109 1539 1160 solido,

97 1178 227 1220 quam
261 1163 482 1219 splendido
514 1164 707 1206 nomine:
740 1165 935 1205 virtutem
966 1174 1109 1205 autem
1138 1165 1277 1206 nixam
1300 1164 1382 1205 hoc
1405 1164 1538 1207 hone-

96 1228 181 1270 sto,
203 1220 361 1261 nullam
393 1221 601 1276 requirere
629 1220 903 1276 voluptatem,
924 1229 1050 1276 atque
1078 1220 1133 1262 ad
1162 1222 1284 1262 beate
1314 1221 1534 1264 vivendum

98 1277 235 1332 seipsa
269 1290 360 1317 esse
390 1285 650 1317 contentam.
707 1277 792 1318 Sed
823 1287 1000 1331 possunt
1031 1276 1123 1318 haec
1159 1278 1346 1333 quadam
1376 1278 1619 1348 ratione-19

97 1333 196 1382 dici,
219 1347 303 1377 non
323 1333 453 1374 modo
474 1347 557 1374 non
578 1334 927 1389 repugnantibus,
948 1347 1093 1374 verum
1114 1334 1242 1374 etiam
1261 1335 1535 1390 approbanti·
1547 1362 1598 1399 62

97 1389 178 1430 bus
199 1389 332 1431 nobis.
392 1389 460 1429 Sic
489 1390 601 1430 enim
632 1390 686 1430 ab
717 1390 902 1444 Epicuro
928 1390 1092 1444 sapiens
1115 1404 1282 1446 semper
1302 1391 1450 1432 beatus
1471 1391 1535 1432 in-

97 1445 280 1486 ducitur.
313 1445 447 1486 finitas
467 1445 594 1486 habet
613 1445 866 1501 cupiditates
882 1461 893 1495 3
925 1445 1106 1501 negligit
1134 1455 1343 1496 mortem3
1375 1446 1428 1488 de
1457 1447 1537 1489 diis

95 1501 405 1545 immortalibus
427 1502 514 1541 sine
533 1502 623 1542 ullo
653 1510 771 1542 metu
801 1515 895 1542 vera
923 1503 1077 1552 sentit3
1109 1517 1194 1544 non
1221 1503 1402 1554 dubitat,
1423 1503 1458 1544 si
1478 1505 1538 1545 ita

94 1557 246 1599 melius
268 1557 334 1608 sit,
354 1558 536 1613 migrare
566 1557 618 1598 de
645 1558 740 1599 vita.
773 1557 836 1598 his
868 1558 992 1599 rebus
1024 1558 1252 1600 instructus
1284 1573 1450 1615 semper
1473 1570 1537 1601 est

93 1613 399 1669 invvoluptate.
431 1628 567 1669 neque
601 1615 714 1655 enim
746 1623 914 1669 tempus
945 1624 1009 1656 est
1043 1615 1193 1666 ullum,
1214 1630 1300 1671 quo
1326 1630 1410 1656 non
1440 1616 1537 1672 plus

93 1669 247 1713 habeat
278 1670 559 1725 voluptatum,
580 1685 707 1726 quam
739 1669 950 1711 dolorum.
982 1686 1078 1712 narn
1111 1681 1154 1713 et
1184 1672 1397 1727 praeterita
1414 1683 1536 1727 grate

66 1760 70 1761 γ
93 1727 302 1777 meminit,
323 1736 366 1768 et
387 1728 662 1783 praesentibus
684 1727 742 1767 ita
762 1727 940 1782 potitur,
961 1737 1011 1768 ut
1040 1728 1358 1781 animadvertat,
1378 1739 1535 1785 quanta

68 1803 77 1827 1
95 1782 178 1825 sint
196 1798 260 1834 ea,
282 1798 496 1839 quamque
515 1783 708 1839 jucunda
726 1800 735 1824 t
768 1798 902 1839 neque
932 1783 1087 1839 pendet
1106 1798 1157 1826 ex
1178 1785 1344 1836 futuris,
1366 1785 1442 1826 sed
1463 1800 1534 1827 ex-

93 1849 257 1895 spectat
277 1840 362 1889 illa,
381 1840 533 1880 fruitur
554 1839 830 1895 praesentibus
851 1857 859 1881 :
891 1840 946 1881 ab
964 1841 1100 1897 iisque
1119 1841 1243 1892 vitiis,
1265 1857 1360 1898 quae
1388 1842 1536 1897 paullo

94 1904 193 1937 ante
213 1896 382 1951 collegi,
402 1896 521 1937 abest
550 1896 778 1950 plurimum
800 1914 808 1938 :
839 1906 897 1947 et,
916 1911 1015 1938 cum
1037 1897 1265 1939 stultorum
1285 1898 1413 1940 vitam
1433 1913 1535 1940 cum

67 1965 170 1993 —sua
200 1962 434 2007 comparat,
464 1966 619 2007 magna
649 1953 828 1994 afficitur
856 1954 1086 2010 voluptate.
1119 1954 1286 1996 dolores
1316 1963 1476 2006 autem,
1498 1955 1533 1996 si

68 2008 166 2064 ,qui
196 2009 429 2059 incurrunt,
462 2023 692 2064 numquam
726 2009 808 2051 vim
843 2019 1006 2052 tantam
1040 2011 1212 2063 habent,
1242 2020 1291 2053 ut
1322 2025 1408 2053 non
1438 2011 1534 2067 plus

90 2064 248 2110 habeat
267 2065 445 2120 sapiens,
466 2065 582 2120 quod
613 2066 813 2120 gaudeat,
834 2073 871 2103 73
890 2082 1017 2123 quam
1046 2068 1161 2123 quod
1184 2078 1380 2123 angatur.
1439 2067 1531 2124 Op—
1542 2075 1591 2114 63

91 2121 196 2163 time
215 2135 313 2162 vero
333 2122 555 2176 EpicurUS,
577 2123 690 2177 quod
711 2123 907 2177 exiguam
930 2123 1032 2164 dicit
1050 2125 1264 2165 fortunam
1282 2125 1532 2166 intervenire

91 2178 284 2233 sapienti,
306 2178 592 2233 maximasque
614 2179 667 2219 ab
689 2193 755 2230 eo,
776 2189 819 2219 et
837 2180 1101 2233 gravissimas
1122 2195 1186 2221 res
1205 2181 1381 2223 consilio
1401 2181 1530 2237 ipsius
1543 2194 1572 2225 Ρ·
1587 2189 1638 2215 ⁶2-

91 2242 136 2276 et
153 2235 314 2276 ratione
333 2234 638 2276 administrari:
671 2249 808 2291 neque
836 2236 1042 2291 majorem
1072 2237 1333 2291 voluptatem
1361 2252 1413 2278 ex
1437 2237 1531 2278 infi-
1541 2237 1572 2258 ³·

63 2330 65 2332 ,
92 2289 185 2332 nito
202 2299 395 2346 tempore
415 2291 548 2332 aetatis
570 2291 729 2347 percipi
757 2305 893 2347 posse,
916 2307 1043 2347 quam
1074 2306 1124 2333 ex
1153 2293 1235 2333 hoc
1261 2293 1532 2348 percipiatur,

92 2347 209 2402 quod
248 2347 463 2389 videamus
500 2362 591 2388 esse
628 2348 806 2389 finitum,
868 2348 917 2388 In
955 2348 1176 2390 dialectica
1213 2359 1355 2390 autem
1397 2359 1534 2390 vestra

86 2403 253 2446 nullam
284 2404 367 2444 vim
400 2404 650 2445 existimavit
677 2418 782 2457 esse,
811 2418 890 2445 nec
922 2405 977 2446 ad
1010 2405 1158 2446 melius
1192 2404 1429 2456 vivendum,
1457 2420 1534 2447 nec

90 2458 147 2501 ad
165 2460 434 2502 commodius
457 2459 760 2502 disserendum.
822 2461 872 2501 In
901 2460 1088 2517 physicis
1118 2460 1350 2518 plurimum
1378 2462 1533 2518 posuit.

137 2612 174 2642 71
195 2605 333 2647 Iucifitgi]
352 2607 509 2646 Analogia
530 2607 565 2636 in
591 2607 653 2637 hoc
677 2616 791 2646 genere
833 2604 856 2636 1.
885 2608 1056 2637 monstrosi?
1080 2617 1188 2638 vereor
1214 2617 1254 2638 ne
1284 2607 1371 2638 aliud
1399 2609 1535 2640 verbum

93 2651 261 2689 compositi
285 2650 344 2680 fert
366 2648 528 2690 lucg'fugae:
552 2650 606 2679 sed
630 2657 738 2680 tamen
762 2657 793 2679 et
837 2649 890 2679 hic
907 2649 1012 2679 lateat.

93 2691 231 2723 alterum
248 2695 280 2722 in
296 2692 491 2731 quibusdam
508 2693 670 2731 reperitur.
883 2697 920 2726 753
940 2704 1026 2733 quam
1050 2692 1127 2734 quod
1145 2691 1288 2733 angatur]
1305 2694 1474 2725 Prommm
1490 2702 1537 2725 est

137 2740 177 2768 72
205 2735 363 2773 monstrosi]
395 2736 543 2765 Davisius
573 2745 651 2765 cum
679 2735 792 2765 Lamb.
837 2736 990 2773 corrigere
1016 2747 1093 2777 quo:
1125 2737 1179 2766 sed
1210 2736 1284 2776 quod
1308 2737 1409 2776 accipi
1435 2744 1538 2777 potest

93 2776 191 2807 edidit
217 2779 328 2808 morosi.
359 2779 413 2808 sed
440 2779 472 2807 hi
503 2785 534 2808 et
563 2777 707 2819 difficiles,
739 2779 795 2816 qui
838 2787 894 2818 pro
909 2785 1032 2818 propter
1047 2779 1147 2819 quod,
1162 2786 1201 2809 ut
1221 2786 1295 2810 ante
1317 2781 1351 2810 in
1374 2780 1450 2821 quod
1463 2790 1538 2819 gau-

95 2824 168 2849 ante
189 2827 277 2859 sunt,
294 2820 340 2851 nil
363 2821 523 2852 differunt.
541 2828 573 2851 at
594 2821 650 2861 qui
670 2827 747 2852 sunt
761 2823 796 2852 h.
840 2820 919 2850 deat.

862 2875 943 2903 ΗΖ
