1778 3095
544 135 726 175 LIBER
755 136 1087 176 SECUNDUS.
1449 143 1530 186 479

102 245 252 298 tiones,
273 260 358 302 quo
378 258 604 300 corporum
629 243 836 285 lenocinia
858 258 1072 298 processe1
1075 245 1150 286 int
1205 245 1302 285 Jam
1322 259 1420 287 vero
1439 247 1527 288 ani·
1541 243 1613 300 59

103 317 224 344 11111111
253 303 406 367 ipsum,
427 309 693 356 mentemque
713 300 910 350 hominis,
931 302 1151 352 rationem,
1172 301 1410 365 consilium,
1430 317 1529 358 pru·
1544 319 1618 359 147

103 357 305 423 dentiam,
326 375 398 415 qui
427 372 509 398 non
537 356 673 397 divina
702 370 802 397 cura
829 356 1016 412 perfecta
1044 371 1133 398 esse
1163 357 1377 422 perspicit,
1399 358 1433 399 is
1465 360 1529 401 his

105 415 204 471 ipsis
232 417 353 457 rebus
382 413 484 455 mihi
514 412 677 453 videtur
707 427 860 454 carere.
921 420 959 448 74
977 413 1044 453 De
1066 428 1151 468 quo
1179 414 1281 455 dum
1303 413 1529 469 disputem,

104 480 221 513 tuam
246 472 350 513 mihi
369 470 457 512 dari
479 469 616 521 velim,
638 468 783 520 Cotta,
802 468 1100 524 eloquentiam.
1141 471 1240 526 Quo
1260 470 1371 511 enim
1394 479 1440 510 tu
1461 471 1533 512 illa

104 528 235 569 modo
265 527 449 569 diceres?
486 535 641 582 quanta
670 525 854 581 primum
884 525 1175 580 intelligentia,
1205 526 1355 567 deinde
1384 541 1532 567 conse-

105 585 324 640 quentium
360 597 497 624 rerum
534 597 632 623 cum
666 582 811 638 primis
850 582 1094 638 conjunctio
1132 592 1173 623 et
1210 583 1532 638 comprehensio

103 650 213 682 esset
245 641 286 682 in
320 639 468 681 nobis:
506 654 556 680 ex
589 654 674 695 quo
705 638 909 690 videlicet,
931 638 1033 694 quid
1063 654 1112 679 ex
1143 639 1378 694 quibusque
1409 640 1533 681 rebus

102 697 317 747 efficiatur,
339 696 465 752 idque
487 695 663 747 ratione,
686 671 1006 736 concludimus:
1038 696 1305 760 singulasque
1337 710 1400 736 res
1429 696 1532 736 defi-

103 753 241 794 nimus
259 752 656 808 circumscripteque
678 753 1023 808 complectimur:
1043 767 1093 793 ex
1110 768 1194 808 quo
1215 752 1390 793 scientia
1409 752 1532 793 intel-

101 808 248 865 ligitur
280 824 407 865 quam
434 824 516 850 vnn
546 809 714 860 habeat,
746 809 880 864 qualis
907 809 988 850 sit.
1021 823 1102 864 qua
1125 824 1174 850 ne
1195 809 1237 850 in
1260 809 1340 850 deo
1360 808 1572 864 quidemp.
1588 823 1638 849 ⁵6.

103 874 167 907 est
203 880 267 907 res
299 866 386 907 ulla
415 865 694 921 praestantior.
754 866 927 908 Quanta
961 880 1057 906 vero
1090 865 1161 906 1113
1190 874 1301 917 sunt,
1333 881 1426 921 quae
1459 869 1571 907 vosa·

101 922 351 964 Academici
378 922 610 972 infirmatis,
631 932 673 963 et
702 921 862 973 tollitis,
884 922 999 977 quod
1027 930 1070 962 et
1101 923 1303 972 sensibus,
1323 932 1364 963 et
1391 922 1535 964 animo

103 993 166 1029 ea,
184 994 278 1035 quae
299 988 415 1021 extra
435 987 545 1029 sunt,
566 978 835 1034 percipimus,
855 989 926 1033 atq
930 993 981 1018 ue
1002 992 1147 1033 compi
1150 979 1423 1020 ehendnnus
1415 981 1428 1007 ³
1470 981 1534 1020 Ex
1550 987 1622 1020 148

103 1035 256 1091 quibus
286 1035 448 1076 collatis
478 1035 585 1075 inter
612 1050 670 1099 se,
696 1044 739 1075 et
768 1035 1035 1090 comparatiS,
1065 1043 1173 1075 artes
1206 1050 1375 1091 quoque
1405 1035 1533 1077 effici-

105 1107 214 1156 mus,
230 1092 383 1147 partim
403 1091 456 1132 ad
474 1106 598 1132 usum
622 1092 729 1142 vitae,
747 1092 897 1147 partim
920 1091 974 1132 ad
994 1091 1322 1132 oblectationem
1344 1107 1536 1134 necessa-

103 1149 199 1189 rias.
256 1149 352 1213 Jam
385 1162 481 1189 vero
515 1148 687 1189 domina
716 1163 855 1189 rerum
891 1150 954 1202 (ut
984 1163 1054 1188 vos
1086 1148 1228 1189 soletis
1260 1148 1413 1202 dicere)
1447 1149 1536 1190 010-

103 1205 258 1260 quendi
288 1205 360 1255 vis,
388 1219 514 1260 quam
546 1215 609 1245 est
639 1205 853 1260 praeclara,
884 1219 1096 1260 quamque
1127 1205 1292 1245 divina?
1326 1220 1421 1260 quae
1449 1206 1536 1270 pri-

104 1276 223 1302 mum
244 1261 384 1312 efficit,
407 1270 452 1303 ut
479 1276 542 1312 03,
563 1277 656 1317 quae
684 1262 943 1316 ignoramuS,
964 1261 1138 1311 discere,
1161 1270 1204 1302 et
1233 1276 1294 1311 ea,
1326 1277 1421 1317 quae
1455 1263 1538 1303 sci-

105 1333 214 1369 mus,
236 1318 339 1359 alios
370 1317 521 1359 docere
551 1333 776 1373 possimus.
835 1317 1001 1359 Deinde
1031 1318 1110 1358 1130
1141 1318 1427 1369 cohortamur,
1457 1318 1536 1359 hac

104 1375 420 1430 persuademus,
442 1373 520 1415 1130
554 1374 823 1416 consolamur
853 1374 1046 1425 afflictos,
1069 1375 1147 1415 hac
1173 1374 1421 1416 deducimus
1440 1390 1536 1430 per-

104 1431 273 1472 territos
293 1446 316 1471 a
335 1431 502 1482 timore,
524 1431 603 1472 hac
623 1432 849 1486 gestientes
871 1431 1205 1486 comprimimUS,
1227 1432 1304 1472 hac
1325 1432 1535 1486 cupidita-

105 1496 166 1528 tes
188 1488 505 1543 iracundiasque
527 1488 840 1542 restinguimus.
871 1488 962 1529 haec
992 1503 1066 1529 nos
1089 1488 1213 1543 juris,
1235 1488 1394 1543 legum,
1416 1488 1535 1529 urbi-

103 1558 175 1585 um
198 1545 398 1585 societate
419 1544 630 1585 devinxit.
660 1545 752 1585 haec
773 1560 796 1585 a
815 1545 898 1585 vita
921 1544 1092 1585 immani
1115 1555 1157 1586 et
1177 1545 1265 1585 fera
1286 1545 1535 1600 segregavit.

103 1600 175 1641 Ad
206 1616 328 1641 usum
358 1610 499 1641 autem
526 1601 740 1651 orationis,
762 1601 1006 1642 incredibile
1026 1610 1104 1651 est,
1126 1601 1204 1642 nisi
1224 1601 1448 1656 diligenter
1468 1611 1534 1643 at·
1553 1614 1627 1657 149

103 1656 300 1707 tenderis,
322 1664 479 1712 quanta
500 1672 628 1712 opera
647 1657 886 1698 machinata
913 1667 1062 1698 natura
1088 1658 1156 1699 sit.
1216 1658 1401 1698 Primum
1423 1658 1536 1699 enim

103 1727 128 1754 a
147 1713 420 1770 pulmonibus
443 1714 593 1754 arteria
613 1729 745 1769 usque
762 1715 816 1755 ad
833 1729 878 1755 os
896 1714 1091 1755 intimum
1113 1714 1305 1768 pertinet,
1321 1729 1395 1769 per
1411 1729 1538 1770 quam

105 1777 237 1811 751111οΧ
271 1771 523 1826 principium
556 1785 580 1810 a
611 1780 753 1811 mente
787 1771 960 1820 ducens,
997 1771 1225 1826 percipitur
1258 1779 1300 1811 et
1333 1771 1538 1813 tunditur.

104 1826 302 1868 Deinde
292 1843 332 1868 m
353 1842 424 1868 ore
446 1828 525 1868 sita
544 1827 691 1882 lingua
711 1837 788 1878 est,
810 1828 924 1869 finita
943 1827 1152 1868 dentibus.
1192 1829 1254 1867 Ea
1274 1842 1435 1879 vocem,
1456 1828 1538 1869 im-

105 1883 323 1924 moderate
351 1884 584 1938 profusam,
606 1890 643 1920 76
662 1884 783 1938 fingit
812 1894 854 1926 et
886 1884 1106 1925 terminat:
1146 1899 1240 1939 quae
1271 1899 1396 1925 sonos
1426 1885 1540 1926 vocis

106 1939 327 1981 distinctos
348 1949 391 1981 et
410 1954 573 1996 pressos
592 1940 731 1991 efficit,
750 1955 849 1981 cum
871 1950 912 1981 et
933 1940 985 1981 ad
1004 1941 1165 1990 dentes,
1187 1950 1230 1981 et
1250 1940 1302 1981 ad
1322 1941 1423 1982 alias
1442 1955 1539 1996 par-

107 2005 171 2038 tes
192 1997 312 2052 pellit
332 1997 429 2037 oris.
490 1998 638 2052 Itaque
664 1997 813 2052 plectri
844 1997 1022 2038 similem
1042 1998 1229 2053 linguam
1251 1998 1383 2038 nostri
1403 1998 1542 2039 solent

106 2052 273 2105 dicere.
305 2053 557 2094 chordarum
591 2053 751 2103 denteS,
771 2069 889 2095 nares
917 2054 1150 2095 cornibus
1141 2054 1205 2105 113,
1227 2055 1299 2109 qui
1320 2053 1372 2094 ad
1395 2069 1539 2096 nervos

106 2117 303 2151 resonant
322 2109 365 2150 in
384 2110 589 2150 cantibus.
645 2111 786 2152 Ouam
807 2125 903 2151 vero
924 2120 1057 2166 aptas,
1075 2125 1287 2166 quamque
1308 2112 1536 2152 multarum
1550 2107 1623 2162 60

105 2167 260 2208 artium
297 2166 507 2208 ministras
547 2181 694 2206 manus
733 2176 880 2207 natura
918 2167 1082 2208 homini
1119 2167 1262 2216 dedit!
1304 2167 1534 2223 digitorum
1555 2189 1631 2221 150

105 2223 217 2263 enim
252 2223 486 2264 contractio
519 2223 666 2273 facilis,
686 2223 906 2279 facilisque
935 2224 1160 2278 porrectio,
1188 2233 1360 2279 propter
1389 2224 1538 2266 molles

106 2280 404 2320 commissuras
426 2288 468 2320 et
487 2288 616 2328 artus,
639 2279 754 2320 nullo
776 2281 815 2320 in
838 2289 957 2321 motu
977 2280 1156 2321 laborat.
1203 2281 1353 2335 Itaque
1373 2280 1426 2320 ad
1476 2280 1538 2321 in·
1552 2294 1585 2325 b.

106 2336 310 2391 gendum,
331 2336 384 2377 ad
415 2335 673 2391 fingendum,
695 2336 746 2376 ad
779 2336 1067 2391 scalpendum,
1090 2337 1143 2377 ad
1176 2351 1395 2377 nervorum
1427 2295 1545 2378 eiici-

108 2392 238 2447 endos
258 2408 400 2443 sonos,
421 2407 470 2433 ac
490 2393 704 2443 tibiarum,
726 2404 824 2448 apta
852 2408 1000 2434 manus
1021 2402 1098 2443 est,
1120 2392 1361 2433 admotione
1382 2392 1544 2449 digito-

110 2463 218 2489 rum.
251 2450 396 2506 Atque
417 2448 508 2490 haec
531 2449 854 2491 oblectationis:
885 2449 956 2490 1113
976 2449 1263 2501 necessitatis,
1285 2449 1424 2492 cultus
1446 2449 1543 2491 dico

154 2572 193 2602 74
218 2567 265 2596 De
281 2579 333 2609 quo
347 2568 414 2597 dum
427 2567 618 2607 disputarem]
646 2568 717 2598 Hoc
738 2578 804 2598 non
847 2575 1010 2608 acceptam
1037 2575 1068 2599 et
1093 2569 1204 2599 deinde
1228 2577 1282 2608 per
1303 2577 1338 2598 os
1361 2569 1476 2599 fundit.
1499 2569 1546 2599 sic

109 2611 266 2640 consentit
291 2620 369 2640 curn
393 2618 542 2650 sequente
564 2612 667 2641 velim.
700 2612 804 2651 itaque
847 2612 985 2642 dicimur
1001 2611 1073 2641 cibos
1082 2612 1231 2651 percipere
1248 2613 1267 2641 i.
1280 2621 1308 2641 e.
1324 2621 1375 2641 ore
1391 2621 1512 2651 capere.

109 2653 160 2684 vel
176 2654 314 2693 disputem
329 2653 533 2684 scribendum
556 2654 686 2694 putabat
708 2655 805 2685 Davi<
891 2660 931 2690 76
944 2655 1043 2694 fingit
1065 2662 1093 2684 et
1116 2653 1265 2693 terminat]
1287 2655 1306 2684 i.
1324 2664 1350 2684 e.
1369 2656 1421 2684 dat
1436 2656 1461 2684 ei
1480 2664 1546 2684 eer-

109 2697 175 2737 sius
190 2696 240 2727 vel
256 2695 373 2725 vellem.
395 2697 480 2734 prius
505 2698 619 2728 melius
634 2704 691 2734 est,
710 2699 805 2738 idque
848 2705 915 2728 tam
931 2699 1067 2728 formam
1089 2708 1153 2738 qua
1175 2698 1214 2727 ab
1238 2698 1298 2727 alia
1321 2697 1544 2737 distinguatur,

112 2740 247 2779 recipere
262 2749 327 2769 non
343 2739 495 2769 dubitavi.
850 2748 881 2771 et
896 2747 995 2771 certos
1012 2743 1163 2772 terminos
1177 2753 1183 2770 :
1201 2750 1276 2771 nam
1290 2740 1351 2770 alia
1363 2751 1438 2777 vox,
1450 2740 1547 2770 verbo

155 2788 193 2819 75
217 2781 478 2821 vox—percipitur
490 2781 569 2821 etf.]
584 2782 757 2822 percipitur,
774 2784 807 2814 in
850 2794 1007 2824 expressa,
1025 2792 1083 2823 est,
1097 2792 1133 2816 ut
1146 2784 1243 2816 verba
1257 2784 1335 2824 ipsa,
1349 2784 1410 2814 alia
1425 2783 1549 2822 longior

111 2833 177 2863 quo
192 2825 309 2856 haesere
325 2825 468 2864 quidam,
484 2831 530 2854 est
545 2826 677 2863 capitur.
696 2828 808 2857 arteria
849 2827 899 2858 vel
915 2827 1049 2858 brevior.

110 2875 223 2899 vocem
240 2868 461 2908 complectitur
483 2877 501 2897 a
524 2874 631 2898 mente
651 2876 754 2901 ortam
776 2876 807 2899 et
