1778 3095
497 203 676 240 LIBER
713 201 1045 239 SECUNDUS.
1429 207 1506 249 457

80 322 116 350 91
133 314 186 355 ab
208 327 339 370 eaque
362 311 534 368 [omnia]
569 309 818 365 pulcerrime
843 308 948 363 geri.
980 321 1065 363 quo
1095 307 1343 359 constituto,
1368 310 1510 366 sequi-

79 380 149 412 tur
167 371 221 411 ab
241 369 520 411 animantibus
540 366 752 422 principiis
783 373 821 399 92
837 379 907 405 eas
937 377 1027 405 esse
1051 373 1284 419 generatas.

1343 365 1511 409 Tertius

80 427 200 468 locus
220 435 298 478 est,
319 426 390 481 qui
411 424 578 465 ducitur
596 437 646 463 ex
666 421 942 464 admiratione
960 435 1099 461 rerum
1119 420 1366 471 caelestium,
1386 431 1513 478 atque

82 484 356 525 terrestrium.

138 540 324 580 Primum
353 537 484 592 igitur
518 544 591 577 aut
626 534 865 590 negandum
903 543 966 575 est
999 533 1099 575 deos
1134 548 1239 584 esse,
1270 541 1308 567 93
1323 534 1440 589 quod
1470 544 1512 577 et
1525 543 1577 588 76

81 595 350 637 Democritus
372 593 607 643 simulacra,
636 601 678 633 et
706 592 912 646 Epicurus
937 591 1144 645 imagines
1170 590 1388 641 inducens,
1409 606 1515 646 quo-

82 652 180 692 dam
211 659 334 706 pacto
365 659 519 704 negat:
551 658 638 699 aut,
671 649 743 704 qui
777 648 878 688 deos
911 661 1001 688 esse
1031 646 1280 697 concedant,
1311 646 1360 698 iis
1381 648 1517 689 faten-

83 707 184 749 dum
206 717 283 757 est,
303 721 375 747 eos
396 705 554 761 aliquid
574 720 713 760 agere,
733 704 858 760 idque
878 704 1140 759 praeclarum.
1163 702 1268 743 nihil
1289 712 1352 744 est
1372 713 1516 745 autem

83 763 322 819 praeclarius
362 763 510 803 mundi
550 761 922 802 administratione.
955 760 1132 800 deorum
1168 760 1300 814 igitur
1338 761 1517 801 consilio

84 820 411 861 administratur.
470 818 599 876 Quod
630 819 665 859 si
696 818 814 858 aliter
844 826 922 868 est,
955 816 1115 871 aliquid
1137 817 1329 872 profecto
1360 816 1415 857 sit
1448 831 1521 857 ne-

85 890 202 918 cesse
238 884 303 916 est
343 875 508 924 melius,
548 883 590 916 et
630 874 790 931 majore
834 875 872 915 vi
911 873 1150 928 praeditum,
1185 881 1224 906 94
1239 887 1365 928 quam
1403 872 1522 923 deus,

86 932 210 988 quale
230 932 272 973 id
294 947 477 988 cumque
506 941 584 983 est,
616 932 698 972 sive
726 931 909 971 inanima
934 939 1094 978 natura,
1126 930 1208 970 sive
1239 929 1462 971 necessitas
1484 929 1522 972 vi

85 1003 241 1044 magna
260 989 444 1039 incitata,
464 989 555 1029 haec
575 987 827 1042 pulcerrima
843 1000 972 1041 opera
988 986 1183 1036 efficiens,
1205 1001 1299 1041 quae
1320 986 1521 1028 videmus.

86 1046 190 1086 Non
215 1054 279 1086 est
308 1045 440 1100 igitur
468 1053 617 1085 natura
646 1043 822 1084 deorum
851 1051 1104 1098 praepotenS,
1136 1057 1271 1097 neque
1301 1043 1521 1094 excellens,
1535 1052 1586 1094 77

89 1101 296 1157 siquidem
316 1116 365 1142 ea
392 1100 584 1155 subjecta
612 1109 676 1141 est
705 1100 744 1141 ei
773 1099 835 1140 vel
866 1099 1115 1148 necessitati,
1145 1099 1208 1140 vel
1239 1107 1412 1150 naturae,
1441 1114 1525 1155 qua

88 1158 256 1209 caelum,
287 1157 431 1208 maria,
466 1167 674 1212 terraeque
709 1165 923 1212 regantur.
982 1155 1104 1196 Nihil
1143 1164 1284 1196 autem
1319 1165 1382 1197 est
1415 1170 1525 1210 prae-

89 1214 265 1255 stantius
284 1214 378 1254 deo.
400 1214 453 1254 ab
474 1229 525 1254 eo
552 1214 681 1268 igitur
709 1227 877 1254 necesse
907 1221 971 1253 est
1001 1211 1207 1252 mundum
1239 1212 1344 1267 regi.
1401 1212 1525 1253 Nulli

88 1271 220 1325 igitur
257 1281 321 1310 est
361 1280 520 1312 naturae
558 1269 771 1319 obediens,
810 1279 882 1309 aut
913 1268 1127 1324 subjectus
1162 1268 1279 1308 deus.

1340 1268 1523 1309 Omnem
1537 1285 1570 1318 b.

89 1341 194 1381 ergo
214 1327 324 1381 regit
343 1327 431 1382 ipse
454 1336 660 1367 naturam.
690 1326 844 1366 etenim
872 1326 904 1365 si
934 1324 1220 1374 concedimus,
1241 1325 1526 1379 intelligentes

91 1397 182 1423 esse
210 1383 326 1433 deos,
357 1383 628 1423 concedimus
657 1382 782 1422 etiam
813 1381 1092 1436 providentes,
1123 1390 1166 1421 et
1194 1395 1334 1421 rerum
1355 1381 1528 1436 quidem

91 1440 383 1480 maximarum.

443 1441 560 1494 Ergo
584 1448 726 1479 utrum
755 1439 967 1493 ignorant,

996 1453 1090 1492 quae
1120 1451 1184 1477 res
1214 1452 1409 1477 maximae
1431 1438 1529 1489 sint,

93 1510 262 1551 quoque
284 1496 349 1535 hae
370 1495 499 1536 modo
521 1495 764 1544 tractandae,
786 1503 828 1534 et
844 1494 1011 1534 tuendae
1029 1510 1041 1544 3
1074 1508 1125 1533 an
1147 1494 1229 1533 vim
1251 1508 1336 1534 non
1357 1493 1530 1544 habent,

93 1567 178 1607 qua
197 1560 333 1592 tantas
360 1566 426 1592 res
456 1552 688 1592 sustineant
717 1560 759 1591 et
789 1551 966 1605 gerant?
999 1559 1042 1591 at
1073 1559 1115 1590 et
1146 1550 1356 1604 ignoratio
1388 1564 1529 1591 rerum

92 1608 229 1648 aliena
262 1616 420 1648 naturae
457 1608 635 1648 deorum
669 1616 760 1656 est;
791 1616 834 1647 et
868 1606 1098 1647 sustinendi
1136 1606 1321 1646 muneris
1359 1615 1531 1662 propter

92 1663 426 1706 imbecillitatem
442 1663 678 1712 difficultas,
692 1663 865 1704 minime
877 1663 990 1704 cadit
1003 1663 1045 1702 in
1058 1663 1321 1718 majestatem
1336 1663 1529 1705 deorum.

94 1721 160 1761 Ex
178 1735 263 1777 quo
285 1719 462 1761 efficitur
481 1720 539 1771 id,
562 1720 676 1775 quod
698 1720 906 1769 volumus,
928 1719 1105 1760 deorum
1126 1718 1388 1774 providentia
1405 1735 1531 1760 mun-

94 1777 198 1818 dum
220 1776 514 1818 administrari.
571 1776 708 1832 Atqui
730 1790 898 1817 necesse
919 1784 997 1827 est,
1023 1790 1120 1816 cum
1150 1775 1232 1816 sint
1252 1775 1324 1825 dii,
1346 1776 1380 1816 si
1399 1776 1529 1816 modo
1544 1785 1612 1834 31

95 1833 194 1884 sint,
213 1842 262 1874 ut
278 1833 469 1888 profecto
490 1842 601 1884 sunt,
623 1833 854 1873 animantes
876 1846 981 1883 esse,
1014 1846 1092 1872 nec
1125 1832 1263 1872 solum
1284 1832 1530 1884 animantes,
1544 1859 1595 1900 73

97 1889 171 1930 sed
203 1889 330 1930 etiam
362 1890 533 1930 rationis
567 1899 802 1944 compotes,
838 1889 945 1929 inter
980 1903 1109 1944 seque
1141 1888 1259 1943 quasi
1287 1888 1396 1929 civili
1427 1903 1532 1930 con-

97 1945 324 1995 ciliatione,
346 1953 389 1986 et
408 1946 610 1986 societate
638 1947 903 2001 conjunctos,
933 1960 1065 1986 unum
1096 1944 1319 1995 mundum,
1347 1953 1394 1986 ut
1415 1960 1536 1986 com-

97 2016 270 2042 munem
299 2002 619 2056 rempublicam,
646 2010 771 2057 atque
799 2001 948 2042 urbem
977 2001 1158 2056 aliquam
1185 2010 1395 2057 regentes.
1456 2003 1530 2043 Se·
1547 2023 1598 2065 79

98 2058 257 2114 quitur,
279 2067 328 2098 ut
346 2058 492 2098 eadem
525 2058 578 2098 sit
607 2058 649 2098 in
679 2058 759 2108 his,
790 2073 884 2113 quae
921 2057 963 2098 in
995 2072 1151 2113 genere
1188 2057 1390 2109 humano,
1410 2059 1534 2109 ratio,

98 2114 246 2155 eadem
276 2114 423 2155 veritas
453 2114 679 2169 utrobique
717 2115 784 2163 sit,
822 2114 1052 2169 eademque
1087 2114 1180 2155 lex:
1211 2130 1306 2169 quae
1336 2123 1400 2156 est
1432 2115 1537 2156 recti

98 2170 329 2226 praeceptio
358 2171 555 2226 pravique
583 2170 790 2226 depulsio.

145 2336 181 2361 91
207 2327 244 2356 ab
260 2339 347 2368 eaque
362 2326 456 2355 omnia
468 2332 502 2366 p.
521 2323 601 2365 geri]
627 2326 721 2354 omnia
736 2326 798 2355 dis-

102 2371 213 2411 plicuit
236 2371 308 2400 viris
335 2370 446 2405 doctis,
473 2370 559 2408 quod
581 2379 647 2399 essc
673 2369 800 2398 deberet

103 2425 207 2449 onmes,
230 2413 306 2452 quia
329 2413 459 2442 refertur
481 2413 518 2441 ad
543 2423 596 2442 res.
640 2412 698 2441 Sed
718 2411 798 2441 nihil

103 2457 246 2496 impedit,
269 2465 335 2494 quo
358 2456 466 2485 minus
489 2461 559 2494 post
581 2465 624 2483 res
647 2465 738 2483 omnes
754 2454 800 2483 di-

104 2506 193 2529 catur
208 2499 311 2529 omnia.
356 2499 501 2536 Suntque
521 2504 552 2527 et
571 2497 633 2527 alia
652 2497 800 2536 exempla

105 2541 232 2572 similia.
275 2541 340 2580 Ego
353 2541 466 2571 malim
475 2540 583 2578 deleri,
599 2547 634 2570 ut
649 2540 798 2579 glossam.

106 2586 149 2615 ita
164 2591 194 2614 et
209 2584 333 2613 Pearcio
348 2584 521 2614 videbatur.

151 2634 189 2659 9⁶2
214 2637 275 2655 eam
295 2637 349 2655 esse
369 2625 549 2665 generatam]
577 2625 628 2655 Sc.
651 2633 799 2655 naturam

106 2670 195 2700 illam
227 2669 425 2699 sentientem.
454 2670 507 2699 sed
534 2668 623 2698 illam
653 2675 800 2697 naturam

106 2712 285 2744 statuebant
300 2718 461 2741 aeternam.
475 2712 580 2750 itaque
595 2711 621 2740 ei
639 2721 702 2740 non
720 2710 801 2739 bene

108 2757 170 2786 hoc
185 2754 343 2784 convenit.
365 2754 389 2782 si
412 2754 506 2782 omnia
527 2761 574 2783 est
595 2764 613 2782 a
637 2754 800 2788 Cicerone,

108 2797 329 2836 corrigendum
354 2797 393 2825 sit
415 2803 694 2837 eaque—generata.
713 2805 802 2825 nunc

112 2840 222 2870 malim
249 2850 296 2869 eas
323 2850 347 2868 e.
368 2844 532 2877 generatas,
559 2848 602 2868 sc.
629 2850 670 2867 res
696 2849 800 2875 omncs,

111 2893 183 2922 quae
198 2883 348 2920 subjectae
363 2888 438 2911 sunt
453 2887 574 2911 naturae
588 2882 744 2910 sentienti.

156 2932 192 2958 93
218 2924 293 2967 quod
307 2932 333 2953 et
344 2925 477 2954 Democr.
490 2923 658 2961 simulacra,
671 2930 698 2952 et
715 2923 803 2962 Epic.

848 2171 912 2211 Ex
941 2185 1028 2227 quo
1058 2171 1322 2226 intelligitur,
1352 2171 1536 2227 pruden-

839 2326 1005 2366 -quorlam
1016 2332 1102 2364 pacto
1126 2326 1225 2366 negat]
1250 2328 1355 2357 Placet
1377 2328 1458 2358 mihi
1477 2328 1538 2358 Ur-

841 2369 899 2398 sini
925 2370 1080 2398 sententia
1114 2369 1255 2408 Epicurus
1277 2371 1409 2401 delentis
1432 2381 1449 2400 e
1472 2371 1536 2401 Ms.

841 2421 910 2441 suo.
928 2421 1003 2441 nam
1021 2411 1176 2441 simulacra
1199 2419 1226 2441 et
1249 2412 1387 2453 imagines
1411 2414 1456 2443 nil
1479 2414 1540 2443 dif-

843 2455 948 2484 ferunt
963 2461 994 2484 et
1009 2464 1063 2494 per
1077 2465 1110 2484 se
1126 2455 1312 2494 intelligitur
1335 2466 1381 2486 res
1403 2457 1441 2486 de
1465 2456 1540 2496 Epi-

843 2507 931 2533 curo,
939 2497 1012 2536 quia
1019 2498 1243 2528 Democritum
1253 2499 1442 2538 sequebatur
1452 2500 1484 2529 in
1493 2507 1540 2529 to·

843 2547 874 2570 ta
887 2541 946 2569 hac
958 2550 999 2570 re.
1022 2541 1125 2579 Negat
1134 2547 1243 2571 autem
1255 2550 1386 2582 uterque
1397 2543 1538 2582 quodam

843 2590 947 2621 pacto,
959 2584 1057 2613 deum
1068 2593 1134 2613 esse
1147 2584 1196 2614 vel
1208 2585 1295 2621 deos,
1311 2586 1386 2624 quia
1400 2595 1453 2614 eos
1464 2585 1539 2615 facit

844 2636 932 2655 mera
955 2625 1138 2663 simulacra,
1165 2634 1196 2656 et
1221 2627 1355 2658 omnino
1384 2628 1472 2665 tales,
1503 2634 1540 2658 ut

844 2677 941 2707 ponat
955 2679 1008 2698 eos
1025 2670 1168 2706 nomine,
1185 2670 1274 2700 tollat
1290 2680 1332 2701 re.

888 2719 926 2744 94
951 2723 1038 2752 quam
1067 2712 1159 2750 Deus]
1187 2713 1268 2742 Libri
1291 2713 1411 2752 vulgati
1426 2722 1540 2744 omnes

844 2754 905 2782 deos
919 2765 928 2782 .·
952 2756 1005 2784 sed
1019 2755 1048 2784 id
1061 2765 1116 2794 pro
1129 2756 1209 2785 Deus
1220 2757 1374 2794 scriptum
1389 2763 1445 2786 est.
1462 2765 1540 2785 nam

846 2797 1013 2835 requiritur
1029 2798 1082 2827 hic
1096 2799 1322 2828 nominativus.
1346 2806 1377 2829 et
1399 2799 1431 2828 in
1453 2808 1542 2836 seqq.

845 2849 972 2878 quoque
995 2847 1041 2870 est
1062 2841 1247 2880 singularis:
1272 2841 1350 2871 nihil
1362 2853 1391 2873 a.
1408 2846 1448 2871 est
1459 2847 1542 2880 prae-

847 2883 969 2912 stantius
989 2883 1061 2913 Deo.
