1768 3095
541 89 718 126 LIBER
744 87 1023 127 TERTIUS.
1427 98 1500 130 155

68 210 195 237 omne
215 196 439 245 honestum
461 204 537 239 est.
559 196 721 236 bonurn
733 195 883 250 -igitur
913 194 1028 251 quod
1059 202 1149 245 est,
1167 195 1394 245 honestum
1423 210 1502 243 est.

70 253 234 295 Satisne
265 254 347 294 hoc
379 253 626 294 conclusum
657 251 854 299 videtur?
889 251 1030 301 Certe.
1059 251 1173 307 quod
1203 252 1316 292 enim
1347 256 1499 298 efficie-

67 308 192 359 batur
225 325 280 351 ex·
303 309 366 350 his
402 308 584 360 duobus,
609 322 704 365 quae
728 316 847 349 erant
873 317 1028 358 sumta,
1067 319 1101 341 ⁵1
1120 308 1162 348 in
1192 322 1243 348 eo
1273 309 1383 350 vides
1412 326 1501 354 esse

69 367 332 415 conclusum.
350 365 536 406 duorum
567 376 725 415 autem,
756 380 780 406 e
810 364 964 421 quibus
996 364 1146 405 effecta
1175 365 1392 407 conclusio
1423 378 1501 419 est,

69 431 216 463 contra
236 422 425 477 superius
454 421 540 463 dici
568 422 690 472 solet,
721 436 806 462 non
835 435 960 462 omne
982 421 1142 462 bonum
1165 435 1256 462 esse
1276 421 1500 465 laudabile.

71 493 168 528 nam
194 478 308 533 quo-d
338 477 548 525 laudabile
579 479 646 528 sit,
687 478 913 519 honestum
949 491 1040 519 esse
1068 477 1328 519 conceditur.
1389 480 1501 522 Illud

67 534 558 589 autem-perabsurdum,
588 535 748 576 bonum
780 549 871 584 esse
901 534 1076 590 aliquid,
1107 534 1223 590 quod
1253 549 1338 576 non
1375 551 1540 592 expe—p.
1560 552 1609 578 96.

65 590 239 639 tendum
261 590 339 632 sit:
370 600 444 632 aut
468 591 764 647 expetendum,
795 590 910 647 quod
938 605 1023 632 non
1053 591 1250 646 placens:
1281 601 1368 645 aut,
1387 594 1426 634 si
1440 595 1529 646 id,a

65 661 155 687 nont
177 647 303 688 etiam
333 647 612 703 diligendum.
644 662 747 703 ergo
776 659 819 689 et
847 647 1129 703 probandum.
1160 647 1222 688 ita
1250 648 1377 690 etiam
1408 651 1499 691 lau-

63 702 215 744 dabile.
246 703 290 744 id
319 714 462 745 autem
493 704 735 746 honestum.
765 704 825 746 ita
853 704 913 755 fit,
941 712 1004 756 ut,
1035 703 1150 760 quod
1178 704 1338 746 bonum
1370 707 1436 757 sit,
1458 708 1501 748 id

63 759 188 800 etiam
207 759 438 802 >honestum
459 761 534 802 sit„
584 761 751 802 Deinde
771 776 932 816 quaero,
954 761 1046 816 quis
1067 769 1141 802 aut
1169 761 1223 801 de
1246 762 1399 803 misera
1413 765 1501 816 ,vita
1513 767 1562 799 28

62 812 195 870 possit
224 816 412 872 gloriari,
441 826 516 858 aut
545 833 627 859 non
659 818 711 866 de
741 818 889 859 beata?
923 818 975 858 de
1006 817 1096 858 sola
1125 817 1257 872 igitur
1286 819 1423 861 beata.
1449 836 1500 861 ex

63 887 148 927 quo
170 872 362 924 efficitur,
383 874 652 930 gloriatione,
681 883 735 915 ut
756 874 815 914 ita
843 873 998 923 dicam,
1025 873 1197 929 dignam
1221 889 1311 916 esse
1332 877 1500 920 beatam

64 929 220 972 vitam:
260 930 375 986 quod
412 946 497 971 non
530 931 666 986 possit
696 930 869 986 quidem
903 939 940 963 ⁵2
953 930 1031 970 nisi
1063 931 1251 971 honestae
1282 932 1378 973 vitae
1403 934 1500 989 jure

61 985 333 1043 contingere„
353 987 412 1028 ita
442 987 501 1037 fit,
530 997 581 1028 ut
611 988 789 1029 honesta
827 987 921 1037 vita,-
957 988 1082 1028 beata
1121 987 1204 1028 vita
1231 988 1298 1029 sit.
1330 1000 1373 1030 et
1393 1006 1501 1046 quo-

62 1041 173 1082 niam
193 1044 242 1094 is,
264 1043 344 1092 cui
361 1044 556 1099 contigit,
589 1054 636 1085 ut
662 1044 760 1100 jure
793 1043 1000 1095 laudetur,
1035 1043 1162 1084 habet
1192 1044 1355 1100 insigne
1377 1048 1500 1102 quid-

61 1097 159 1141 dam
181 1100 233 1142 ad
254 1100 396 1150 decus,
418 1109 460 1141 et
480 1100 533 1141 ad
551 1100 749 1156 gloriam,
770 1109 818 1141 ut
843 1101 899 1141 ob
932 1115 995 1151 ea,
1025 1115 1120 1155 quae
1141 1109 1257 1142 tanta
1278 1103 1375 1151 sint,
1398 1105 1498 1145 bea-

61 1163 131 1196 tus
150 1155 232 1198 dici
247 1157 343 1213 jure
363 1157 497 1212 possit
514 1174 523 1198 :
555 1157 664 1198 idem
689 1157 741 1197 de
768 1157 852 1197 vita
875 1156 969 1197 talis
989 1157 1062 1199 viri
1081 1158 1311 1199 rectissime
1330 1159 1498 1202 dicitur.

60 1211 134 1262 ita,
154 1212 189 1253 si
208 1214 331 1254 beata
357 1214 440 1254 vita
466 1213 688 1254 honestate
717 1213 901 1254 cernitur
925 1231 934 1254 :
966 1213 1081 1269 quod
1107 1213 1334 1255 honestum
1358 1226 1435 1268 est,
1455 1218 1499 1259 id

60 1267 221 1317 bonum
264 1269 402 1311 solum
438 1269 681 1310 habendum
713 1278 789 1310 est.
851 1270 1031 1325 saQuod
1061 1285 1158 1310 vero
1199 1273 1341 1326 negari
1381 1274 1561 1318 nullo29

60 1324 192 1366 modo
212 1325 359 1381 possit,
381 1340 507 1381 quem
530 1341 734 1381 umquam
756 1326 909 1376 stabili,
943 1335 986 1366 et
1013 1326 1147 1375 firmo,
1169 1335 1211 1367 et
1230 1342 1388 1383 magno
1409 1331 1499 1371 ani-

60 1395 147 1431 mo,
168 1396 296 1437 quem
317 1382 471 1422 fortem
504 1382 636 1424 virum
668 1382 862 1433 dicimus,
886 1381 993 1423 effici
1023 1397 1163 1437 posse,
1193 1383 1270 1424 nisi
1291 1387 1499 1427 constitu-

59 1444 152 1486 tum
184 1438 252 1488 sit,
286 1453 368 1478 non
406 1452 497 1479 esse
529 1438 689 1479 malurn
719 1438 944 1479 dolorem?
979 1439 1042 1479 Ut
1070 1440 1180 1479 enim
1211 1440 1283 1495 qui
1316 1453 1497 1484 mortem

57 1492 101 1534 in
129 1494 253 1534 malis
282 1494 416 1548 ponit,
447 1509 532 1535 non
560 1503 703 1550 potest
732 1509 825 1534 eam
856 1510 941 1535 non
971 1495 1144 1536 timere:
1177 1496 1235 1537 sic
1265 1512 1390 1538 nemo
1410 1500 1497 1541 ulla

57 1549 100 1590 in
120 1564 165 1590 re
185 1559 328 1604 potest
358 1550 414 1602 id,
444 1550 559 1605 quod
589 1550 747 1591 malum
780 1565 869 1591 esse
900 1551 1102 1601 decernit,
1133 1568 1218 1593 non
1248 1568 1408 1605 curare,
1430 1557 1494 1598 id-

58 1620 140 1661 que
150 1615 427 1648 contemnere
447 1624 456 1648 :
488 1622 574 1662 quo
592 1607 749 1662 posito,
771 1617 813 1648 et
832 1607 1023 1648 omnium
1051 1622 1222 1649 assensu
1243 1612 1494 1665 approbato,

56 1662 161 1705 illud
198 1663 438 1714 assumitur,
479 1678 594 1713 eum,
633 1663 704 1719 qui
735 1678 892 1719 magno
925 1664 979 1704 sit
1016 1665 1173 1715 animo,
1213 1675 1341 1722 atque
1379 1668 1494 1720 forti,

55 1718 212 1771 omnia,
248 1734 343 1775 quae
372 1719 523 1761 cadere
555 1719 599 1760 in
631 1719 847 1762 hominem
882 1720 1056 1775 possint,
1087 1721 1315 1777 despicere,
1345 1733 1388 1765 et
1416 1739 1495 1780 pro

56 1775 189 1816 nihilo
208 1784 371 1831 putare.
392 1791 486 1832 quae
508 1791 605 1817 cum
623 1776 682 1817 ita
714 1777 811 1828 sint,
842 1777 1036 1818 effectum
1073 1788 1149 1829 est,
1172 1779 1275 1819 nihil
1295 1795 1385 1821 esse
1402 1796 1494 1822 ma..

56 1831 161 1882 lum,
182 1832 298 1887 quod
317 1842 441 1888 turpe
459 1848 544 1873 non
565 1832 632 1873 sit.
691 1833 837 1888 Atque
867 1833 945 1874 iste
972 1834 1032 1874 vir
1060 1834 1186 1884 altus,
1207 1844 1250 1876 et
1269 1837 1490 1890 excellens,

55 1901 214 1943 magno
244 1888 402 1939 animo,
434 1903 527 1930 vere
555 1889 692 1940 fortis,
723 1890 830 1931 infra
860 1904 903 1930 se
934 1891 1077 1932 omnia
1105 1891 1291 1933 humana
1320 1895 1490 1947 ducens,

55 1944 307 2000 isinquam,
343 1959 469 2000 quem
504 1945 668 1986 efficere
700 1947 906 1997 volumus,
940 1961 1066 2002 quem
1099 1949 1327 2003 quaerimus
1364 1961 1491 2003 certe,

55 2008 99 2042 et
119 2000 330 2042 confidere
352 2002 432 2042 sibi
451 2001 591 2052 debet,
612 2012 656 2043 et
675 2017 761 2043 suae
782 2003 875 2043 vitae
909 2013 952 2044 et
978 2014 1100 2054 actae,
1121 2014 1164 2045 et
1183 2008 1460 2062 consequenti
1478 2016 1533 2049 εδ.

54 2065 96 2097 et
116 2057 225 2098 bene
245 2057 297 2098 de
319 2072 361 2097 se
375 2058 584 2113 judicare,
606 2067 791 2100 statuens
827 2059 929 2100 nihil
957 2060 1058 2100 mali
1078 2075 1200 2116 posse
1220 2063 1402 2104 incidere
1423 2079 1489 2106 sa-

54 2112 199 2168 pienti.
235 2128 286 2154 ex
319 2128 403 2169 quo
438 2114 691 2169 intelligitur
724 2114 837 2155 idem
872 2115 991 2165 illud,
1022 2117 1160 2158 solum
1193 2119 1351 2160 bouum
1384 2135 1489 2172 esse,

55 2169 169 2225 quod
192 2169 417 2211 honestum
439 2171 492 2212 sit
511 2188 520 2210 ε
549 2171 675 2226 idque
701 2186 789 2211 esse
815 2172 937 2213 beate
966 2173 1113 2224 vivere,
1136 2174 1325 2226 honeste,
1346 2176 1389 2217 id
1411 2186 1489 2229 est,

53 2240 149 2267 cum
171 2226 322 2268 virtute
339 2226 486 2268 vivere.
1183 2280 1186 2283 Δ

108 2283 203 2324 Nec
232 2298 329 2324 vero
357 2284 511 2339 ignoro
544 2284 673 2325 varias
704 2283 1054 2340 philosophorum
1090 2286 1218 2326 fuisse
1247 2290 1536 2343 sententias,9

52 2352 198 2381 eorum
229 2340 342 2392 dico,
371 2341 445 2396 qui
473 2355 688 2382 summum
721 2342 896 2392 bonum,
930 2341 1046 2397 quod
1076 2342 1272 2384 ultimum
1306 2346 1553 2401 appello,30

82 2470 133 2505 v51
160 2474 190 2504 ἱη
205 2486 233 2505 eo
256 2474 340 2505 vides
362 2488 417 2506 esse
439 2475 615 2517 conclusam]
642 2478 677 2508 Id
700 2484 746 2508 est
783 2477 885 2516 possit,
910 2489 1083 2519 quemquam
1108 2480 1166 2509 &a
1190 2479 1271 2509 mihi
1295 2486 1404 2511 tamen
1421 2491 1487 2512 non

55 2517 87 2546 in
104 2517 319 2551 conclusione.
787 2522 956 2551 satisfacit:
982 2530 1041 2550 nec
1061 2531 1173 2552 sensus
1197 2522 1270 2552 satis
1295 2526 1485 2555 commodus

98 2567 136 2597 ,52
160 2560 216 2589 m'si
233 2561 354 2590 honestae
377 2561 453 2590 virae
467 2561 552 2601 jure]
579 2562 665 2592 Quia
687 2563 744 2592 ho-
788 2564 903 2594 existit.
949 2563 1183 2602 Relinquamus
1213 2564 1385 2596 lectionem
1415 2567 1498 2599 vul-J

56 2609 144 2633 nesta
159 2604 289 2636 vitardat
312 2605 373 2634 hoc
397 2605 501 2641 nobis,
525 2612 562 2634 ut
580 2605 652 2643 jure
675 2616 746 2645 pos·
787 2614 906 2646 gamm,
934 2616 1071 2645 eamque
1098 2608 1142 2637 sic
1172 2608 1362 2647 capiamus:
1389 2610 1485 2642 Quod

54 2645 153 2676 simus
170 2647 336 2677 honestam
352 2648 450 2677 vitam
467 2648 591 2678 beatam
606 2649 719 2679 dicere.
790 2650 894 2689 negari
918 2650 1009 2680 nullo
1033 2651 1128 2684 modo
1151 2659 1264 2688 potest,
1289 2651 1319 2682 id
1341 2659 1387 2682 est
1403 2654 1484 2683 hoc:

101 2694 136 2719 ⁵3
161 2688 247 2720 Quod.
271 2701 345 2721 vcro?
363 2691 464 2729 negari
487 2689 566 2720 nullo'
586 2691 664 2720 modo
679 2699 743 2730 pos·
789 2693 874 2732 quod
906 2693 1070 2723 neminem
1109 2693 1260 2729 dicimus,
1299 2701 1354 2724 aut
1383 2696 1485 2726 dicere

56 2728 178 2771 sit‘&c.]
194 2727 310 2764 Durior
322 2733 744 2773 hiclocusestetsuspectus
789 2746 972 2774 possumuS‚
1004 2736 1086 2765 effici
1114 2746 1203 2775 posse
1235 2738 1340 2768 virum
1371 2738 1485 2769 fortem

57 2772 272 2812 corruptionis.
286 2775 433 2807 Davisius
445 2776 628 2815 sicconjicit
639 2777 745 2817 legen·
774 2808 776 2810 ,
790 2780 847 2809 &c.
864 2779 968 2818 siquid
981 2780 1176 2808 mutandum
1192 2779 1243 2815 sit,
1256 2780 1393 2811 scribam
1409 2780 1485 2810 dice-

56 2814 155 2846 dum:
191 2816 271 2846 Quid
293 2818 391 2847 vero?
427 2820 563 2858 negarine
585 2818 645 2848 ullo
667 2820 745 2850 modo
788 2832 849 2851 mus
863 2821 913 2852 vel
927 2821 1054 2853 dicamus
1069 2831 1125 2861 pro
1135 2821 1270 2860 dicimus.
