1768 3095
262 97 334 130 158
565 92 636 130 DE
666 91 824 130 FINIB.
854 91 1053 129 BONOR.
1082 92 1150 128 ET
1177 90 1383 129 MALOR.

253 199 410 241 veniret
430 200 483 241 ad
505 200 674 242 omnia:
704 201 796 256 quis
827 199 937 240 enim
969 198 1314 249 misericordiam,
1345 207 1419 239 aut
1447 198 1579 254 ipsam
1605 200 1687 241 ira-

252 256 463 308 cundiam,
484 257 679 298 morbum
700 257 807 297 solet
826 256 965 297 dicere
983 257 996 296 ?
1029 265 1072 296 at
1094 255 1152 296 illi
1173 255 1320 296 dicunt
1338 255 1461 302 πάθος.
1477 256 1534 297 ‘sit
1555 256 1687 311 igitur

253 313 528 368 perturbatio,
551 329 644 369 quae
663 313 831 354 nomine
861 314 951 368 ipso
979 312 1125 353 vitiosa
1153 310 1355 352 declarari
1372 311 1575 364 videtum)
1610 327 1687 354 nec

253 369 319 410 hae
339 370 673 425 perturbationes
696 370 732 410 vi
752 369 893 425 aliqua
923 368 1102 409 naturali
1127 377 1371 408 moventur:
1406 376 1443 405 72
1459 382 1690 424 omnesque

253 435 352 467 sunt
381 441 537 483 genere
568 436 783 482 quattuor,
821 425 1009 481 partibus
1045 424 1199 479 plures,
1231 423 1456 480 aegritudO,
1489 424 1688 476 formido,

252 482 400 533 libido,
423 498 636 539 quamque
658 482 789 523 Stoici
811 481 1027 522 communi
1059 481 1227 521 nomine
1256 481 1458 536 corporis,
1488 490 1528 522 et
1560 481 1688 523 animi

253 540 368 589 ἡδονὴν
387 539 616 595 appellant,
637 554 719 594 ego
736 539 848 578 malo
869 537 1059 578 laetitiam
1082 537 1305 592 appellare,
1328 538 1446 594 quasi
1466 538 1687 593 gestientis

253 596 381 637 animi
419 596 646 638 elationem
681 594 973 649 voluptariam.
1018 593 1354 647 perturbationes
1391 603 1533 634 autem
1574 594 1689 635 nulla

253 660 411 693 naturae
444 653 482 693 vi
519 659 860 693 commoventur:
893 649 1119 704 omniaque
1150 664 1213 699 ea,
1245 658 1342 690 sunt
1375 650 1609 706 opiniones,
1638 665 1687 691 ac

245 708 409 764 judicia
429 709 620 749 levitatis.
641 709 784 762 itaque
805 707 869 748 his
891 706 1053 762 sapiens
1073 720 1238 760 semper
1257 706 1432 747 vacabit.

174 773 234 818 11
309 766 447 806 Omne
469 775 626 814 autem,
657 763 773 819 quod
804 763 1027 804 honestum
1060 762 1127 812 sit,
1158 762 1200 802 id
1230 776 1319 803 csse
1350 771 1522 818 propter
1549 777 1592 803 se
1613 776 1684 804 ex-

188 840 240 877 35
252 822 495 876 petendum,
514 835 741 862 commune
767 820 889 861 nobis
917 828 982 860 est
1008 833 1106 860 cum
1138 818 1370 860 multorum
1390 818 1569 860 aliorum
1591 819 1688 874 phi-

250 877 524 934 losophorum
565 876 795 918 sententiis.
831 885 982 932 praeter
1026 875 1136 916 enirn
1181 885 1266 917 tres
1298 874 1554 931 disciplinas,
1589 889 1686 931 quae

249 934 445 975 virtutem
466 949 490 974 a
509 948 677 975 summo
709 934 822 974 bono
854 932 1097 982 excludunt,
1129 932 1278 974 ceteris
1313 932 1510 973 omnibus
1533 931 1686 987 philo-

250 990 393 1045 sophis
433 989 573 1031 73haec
611 999 675 1032 est
714 989 870 1031 tuenda
905 988 1124 1039 sententia,
1172 989 1354 1030 maxime
1392 997 1535 1030 tamen
1566 996 1607 1025 74
1620 988 1685 1030 his

249 1047 418 1097 Stoicis,
437 1047 508 1103 qui
528 1047 632 1088 nihil
650 1046 764 1087 aliud
794 1046 835 1087 in
866 1046 1075 1087 bonorum
1106 1059 1298 1096 numero,
1330 1044 1409 1086 nisi
1439 1045 1684 1098 honestum,

249 1118 340 1144 esse
358 1103 595 1145 voluerunt.
655 1102 738 1144 Sed
766 1102 856 1143 haec
888 1101 1059 1158 quidem
1088 1110 1153 1142 est
1177 1101 1401 1157 perfacilis,
1421 1111 1465 1143 et
1483 1115 1684 1158 perexpe-

249 1160 337 1201 dita
371 1160 573 1202 defensio.
633 1159 740 1216 Quis
773 1168 838 1199 est
872 1159 999 1208 enim,
1035 1166 1109 1198 aut
1136 1158 1229 1213 quis
1263 1157 1463 1213 umquam
1497 1158 1579 1199 fuit
1610 1166 1685 1200 aut

138 1226 167 1255 p·
186 1222 237 1248 98·
249 1216 419 1257 avaritia
438 1224 526 1257 tam
545 1215 723 1266 ardenti,
745 1224 818 1256 aut
837 1224 925 1256 tam
944 1214 1152 1255 effrenatis
1177 1214 1494 1269 cupiditatibus,
1515 1224 1563 1255 ut
1583 1229 1683 1255 ean-

207 1268 235 1288 ³‘
248 1272 346 1313 dem
366 1273 482 1313 illam
503 1287 607 1322 rem,
629 1286 757 1328 quam
776 1270 953 1327 adipisci
982 1270 1138 1312 scelere
1165 1270 1311 1325 quovis
1329 1270 1442 1321 velit,
1464 1285 1550 1312 non
1570 1271 1682 1314 mul-

247 1329 300 1369 tis
320 1329 510 1384 partibus
530 1328 651 1370 malit
669 1327 723 1368 ad
743 1342 850 1381 sese,
870 1327 1004 1368 'etiam
1034 1326 1151 1368 omni
1180 1327 1432 1382 impunitate
1450 1328 1683 1383 proposita,

182 1392 232 1433 37
247 1386 335 1426 sine
356 1385 556 1436 facinore,
589 1399 717 1441 quam
747 1384 821 1425 illo
851 1384 983 1425 modo
1012 1383 1255 1440 pervenire?
1288 1384 1430 1440 Quam
1450 1397 1547 1425 vero
1569 1384 1683 1426 utili-

245 1450 392 1492 tatem,
414 1451 487 1484 aut
517 1456 645 1498 quem
677 1441 860 1483 fructum
892 1448 1100 1496 petentes,
1122 1439 1227 1481 scire
1248 1441 1457 1496 cupimus,
1477 1440 1563 1492 illa,
1585 1456 1681 1497 quae

245 1499 414 1540 occulta
443 1498 564 1540 nobis
601 1507 713 1547 sunt,
745 1512 831 1554 quo
863 1504 1123 1547 moveantur,
1153 1503 1193 1533 ⁷⁵
1207 1495 1445 1552 quibusque
1472 1496 1524 1537 de
1544 1498 1680 1539 causis

242 1569 293 1595 ea
310 1563 524 1596 versentur
549 1555 592 1595 in
622 1554 756 1596 caelo?
789 1553 884 1610 quis
915 1562 1059 1594 autem
1091 1561 1178 1594 tam
1208 1553 1448 1608 agrestibus
1477 1553 1679 1596 institutis

244 1611 356 1662 vivit,
387 1620 462 1653 aut
490 1612 582 1668 quis
613 1620 760 1652 contra
788 1609 1115 1652 studia‘naturae
1146 1615 1283 1650 ⁷⁶tam
1312 1609 1581 1651 vehementer
1600 1611 1680 1653 ob-

243 1667 401 1719 duruit,
439 1677 488 1710 ut
517 1682 542 1708 a
576 1667 702 1709 rebus
723 1667 913 1723 cognitu
940 1665 1080 1722 dignis
1119 1665 1357 1717 abhorreat,
1395 1666 1680 1723 easque‘sin‘e

242 1724 472 1780 voluptate,
503 1732 577 1765 aut
616 1724 798 1765 utilitate
833 1723 973 1779 aliqua
1005 1737 1090 1763 non
1123 1721 1320 1778 requirat,
1356 1731 1401 1765 et
1430 1737 1507 1779 pro
1545 1723 1679 1766 nihilo

243 1783 392 1835 putet?
426 1789 500 1822 aut
529 1780 623 1837 quis
653 1789 731 1831 est,
762 1779 835 1836 qui
865 1786 902 1816 7⁷
915 1778 1141 1834 majorum,
1176 1789 1250 1820 aut
1269 1778 1584 1830 Africanorum,
1605 1788 1680 1837 aut

242 1837 349 1893 ejus,
369 1852 496 1893 quem
526 1845 574 1879 tu
603 1837 646 1878 in
678 1851 750 1878 ore
786 1850 950 1892 semper
983 1835 1130 1886 habes,
1166 1842 1206 1871 78
1220 1835 1363 1891 proavi
1386 1836 1492 1888 mei,
1511 1846 1676 1886 cetero:

241 1908 419 1950 rumque
439 1894 624 1936 virorum
651 1893 841 1943 fortium,
872 1902 998 1948 atque
1028 1891 1145 1933 omni
1177 1891 1330 1933 virtute
1367 1893 1677 1949 praestantium,

241 1950 367 2001 facta,
402 1950 528 2001 dicta,
559 1950 736 1991 consilia
772 1963 1048 2005 cognoscem,
1084 1956 1124 1984 ⁷9
1137 1948 1253 1989 nulla
1290 1948 1432 1990 animo
1472 1950 1676 1992 afficiatur

175 2020 227 2052 38
242 2007 484 2064 voluptate?
516 2007 624 2064 Quis
643 2014 783 2048 autem
805 2005 982 2047 honesta
1000 2005 1043 2045 in
1069 2004 1228 2046 familia
1255 2005 1488 2058 institutus,
1510 2014 1554 2048 et
1570 2006 1675 2048 edu-

282 2179 320 2208 72
344 2184 491 2215 omnesque
506 2172 565 2214 hae]
581 2174 728 2204 Davisius
744 2174 858 2204 delevit
873 2173 930 2210 hae,
975 2173 1054 2203 visio
1076 2172 1157 2202 edidi
1179 2180 1234 2211 pro
1257 2170 1424 2201 obduravit.
1448 2172 1534 2211 quod
1559 2167 1613 2202 hic
1628 2171 1675 2203 lo-

239 2223 366 2245 auetore
377 2217 439 2247 Ms.
456 2216 553 2247 Palat.
571 2217 662 2247 bene.
679 2217 737 2247 nisi
756 2217 846 2247 malit
862 2218 932 2256 quis
978 2225 1054 2246 cum
1072 2224 1137 2245 non
1153 2215 1259 2244 habet.

239 2270 292 2295 cae,
311 2266 345 2289 ut
355 2267 424 2299 post
439 2266 485 2290 est
497 2260 646 2301 omniaque
662 2271 705 2290 ea.
1020 2264 1057 2293 77
1084 2257 1222 2296 mqjorum
1237 2263 1289 2286 aut
1301 2256 1527 2298 Africanorum]
1553 2257 1590 2287 In
1611 2269 1673 2288 rna-

283 2309 320 2336 73
344 2303 406 2331 haec
422 2309 462 2331 est
489 2302 592 2331 tuenda
614 2301 768 2343 sententia]
789 2303 840 2333 Sc.
857 2303 932 2342 quia
965 2301 1065 2341 jorum
1080 2300 1175 2330 latere
1196 2309 1315 2330 nomen
1339 2300 1514 2339 proprium,
1537 2301 1591 2330 vix
1612 2302 1673 2332 du-

238 2345 380 2384 ipsorum
396 2346 555 2385 principiis
572 2345 740 2376 consentit.
976 2345 1101 2374 bitetur.
1146 2343 1288 2373 Clericus
1301 2349 1332 2373 et
1346 2342 1494 2373 Davisius
1510 2344 1679 2383 corrigunt

281 2394 320 2422 74
344 2389 386 2417 his
402 2388 519 2427 Stoicis]
543 2389 608 2418 Cur
631 2389 673 2417 his
687 2389 704 2418 Ρ
727 2398 803 2417 nam
819 2398 931 2418 omnes
976 2385 1167 2417 Manliorum.
1180 2394 1224 2415 sc.
1239 2385 1487 2424 Torquatorum‚
1499 2387 1539 2417 de
1554 2387 1672 2426 quibus

233 2429 341 2460 solum
366 2432 539 2461 honesturn
561 2432 685 2461 bonum
708 2432 829 2460 dicunt.
867 2431 932 2461 Da·
976 2431 1099 2460 dIctum
1114 2429 1140 2465 Ι,
1157 2435 1187 2464 7.
1204 2429 1246 2464 ΙΙ,
1268 2435 1317 2460 19.
1639 2434 1641 2437 ’

233 2473 330 2503 visius
346 2474 470 2511 corrigit
486 2474 597 2504 nostris.
643 2474 698 2503 Ed.
717 2484 762 2513 pr.
780 2474 874 2503 habet
890 2474 930 2502 in.
1020 2477 1058 2506 78
1078 2471 1188 2511 proavi
1217 2468 1288 2511 mei]
1320 2470 1381 2500 Int.
1407 2470 1563 2502 Catonem
1587 2472 1673 2503 Cen-

237 2516 386 2545 Davisius
402 2516 496 2551 delet,
514 2516 565 2545 alii
581 2516 698 2546 Stoicis.
975 2515 1096 2545 sorium
1113 2525 1121 2543 z
1143 2513 1251 2552 proavi
1278 2522 1398 2543 nornen
1423 2513 1516 2545 latius
1541 2515 1668 2552 dicitur,

280 2566 316 2593 75
343 2559 499 2600 quibusque
514 2559 547 2587 de
562 2559 654 2587 causis
678 2570 710 2587 ea
728 2564 880 2586 versentur
900 2557 931 2585 in
973 2559 1012 2587 de
1027 2557 1195 2596 antiquiori
1211 2557 1331 2595 generis
1354 2564 1492 2587 auctore.
1507 2558 1553 2588 sic
1569 2565 1599 2588 et
1613 2568 1670 2599 pro

234 2600 321 2641 caelo]
360 2613 392 2630 ca
430 2601 578 2631 deberent
607 2601 709 2630 referri
740 2601 778 2629 ad
809 2599 938 2629 occultas
974 2600 1068 2629 abavo
1082 2600 1196 2629 dicitur
1209 2609 1240 2629 V.
1253 2599 1340 2629 Clav.
1354 2599 1386 2628 in
1404 2600 1436 2629 h.
1453 2609 1483 2630 v.

235 2645 296 2674 Sed
312 2645 385 2674 inde
406 2644 496 2674 nulla
518 2645 690 2674 commoda
706 2643 871 2672 sententia.
888 2653 926 2672 an
1016 2648 1056 2677 79
1079 2641 1160 2671 nulla
1187 2642 1282 2671 animo
1320 2641 1466 2681 officiatur
1498 2641 1667 2684 voluptate]

234 2699 267 2716 ea
290 2694 336 2718 est
360 2688 481 2716 facturn
506 2697 546 2716 ex
574 2694 654 2715 astra
669 2686 686 2715 ,9
709 2696 763 2725 pro
790 2697 843 2727 quo
866 2686 928 2716 Ms.
975 2685 1127 2716 Usitatius
1140 2692 1219 2715 esset
1234 2684 1347 2722 animi3
1372 2692 1408 2714 ut
1428 2686 1490 2725 legi
1511 2685 1582 2717 vult
1602 2687 1669 2724 Da·

233 2729 316 2760 Scal.
338 2737 370 2759 et
392 2729 472 2759 alius
495 2730 631 2759 habebat
658 2728 811 2770 quomod03
836 2735 866 2757 et
881 2729 925 2758 sic
968 2728 1077 2758 visius.
1104 2729 1158 2758 sed
1187 2734 1217 2758 et
1241 2727 1295 2758 illa
1320 2728 1421 2758 forma
1448 2735 1532 2760 recta
1561 2737 1608 2761 est
1637 2729 1670 2761 et

231 2773 328 2802 etiarn
343 2774 411 2803 edd.
428 2780 502 2803 vett.
517 2774 666 2811 quaedam
684 2780 718 2801 ut
734 2772 814 2801 Ven.
833 2778 924 2804 1⁴94}
970 2771 1113 2812 pluribus
1129 2770 1207 2801 locis
1222 2773 1370 2802 occurrit.

276 2820 315 2850 76
339 2823 398 2844 tam
421 2815 489 2845 veh.
512 2815 659 2854 obduruit]
685 2815 736 2845 Sic
760 2824 837 2845 cum
862 2814 926 2844 Da-
