1778 3095
254 156 330 190 534
697 153 775 190 DE
808 152 1233 195 DIVINATIONE

194 260 482 315 54jungamus
512 260 773 316 philosophis
803 261 1092 304 doctissimum
1122 263 1353 313 hominem,
1383 267 1555 318 poetam
1588 260 1709 319 qui?

257 316 356 357 dem
377 317 577 368 divinum,
597 317 850 371 Sophoclem
871 335 880 359 z
912 319 998 375 qui,
1018 334 1116 360 cum
1136 334 1187 360 ex
1213 320 1301 360 aede
1323 319 1521 360 Herculis
1542 329 1686 374 patera

257 387 382 414 aurea
409 373 543 428 gravis
572 381 763 428 surrepta
788 385 913 425 essct,
940 376 982 416 in
1011 376 1169 416 somnis
1194 376 1295 417 vidit
1314 377 1450 430 ipsum
1472 375 1598 416 deum
1619 375 1684 416 di-

256 438 436 479 centem,
454 429 526 484 qui
546 429 589 469 id
607 428 787 473 fecisset.
826 431 957 474 Quod
978 433 1109 472 semel
1127 432 1211 483 ille,
1233 434 1468 487 iterumque
1490 431 1686 486 neglexit.

258 485 333 526 ubi
360 485 471 525 idem
505 486 670 541 saepius,
708 494 745 517 88
760 487 948 528 ascendit
978 488 1021 530 in
1056 488 1351 544 Ariopagum:
1398 488 1551 528 detulit
1580 501 1684 528 rem.

258 541 522 596 Ariopagitae
541 542 839 597 comprehendi
858 543 983 598 jubet
1003 557 1115 594 eum,
1136 545 1208 599 qui
1228 559 1251 585 a
1272 544 1482 599 Sophocle
1501 553 1590 584 erat
1610 557 1687 584 no-

259 597 456 639 minatus.
516 599 572 650 Is,
593 607 631 632 89
649 600 878 653 quaestione
909 599 1111 649 adhibita,
1138 601 1351 641 confessus
1381 611 1458 651 est,
1480 609 1689 654 pateram-

263 668 345 708 que
371 654 526 695 retulit.
584 656 684 710 Quo
714 655 841 704 facto,
863 654 1008 695 fanum
1027 655 1132 695 illud
1154 655 1306 697 Indicis
1333 657 1528 697 Herculis
1550 655 1689 696 nomi·

182 699 411 754 26natum
436 719 513 751 est.
573 709 657 750 Sed
688 710 790 765 quid
816 724 898 764 ego
928 711 1209 752 Graecorum?
1246 713 1419 762 Nescio,
1448 727 1531 767 quo
1561 710 1692 752 modo

202 782 252 813 55
265 781 333 807 me
354 767 489 822 magis
510 774 650 808 nostra
670 766 895 818 delectant.
941 766 1100 807 Omnes
1118 766 1200 807 hoc
1217 766 1418 819 historici,
1439 768 1570 819 Fabii,
1588 767 1692 809 Gel-

159 822 324 874 pam-lii,
344 823 417 864 sed
436 822 625 877 proxime
646 821 821 867 Coelius.
868 821 981 863 Cum
999 822 1112 864 bello
1132 822 1284 864 Latino
1305 824 1394 864 ludi
1412 824 1536 865 votivi
1556 823 1691 865 maxi-

227 880 326 920 ³·mi
344 879 527 934 primum
550 878 709 928 fierent,
728 879 871 919 civitas
898 879 952 920 ad
978 894 1095 919 arma
1120 889 1290 934 repente
1309 888 1374 920 est
1391 880 1582 921 excitata.
1613 881 1692 921 ita-

266 949 361 990 que,
382 934 491 976 ludis
521 934 781 985 intermissis,
809 935 1067 976 instaurativi
1096 936 1317 977 constituti
1343 944 1454 976 sunt.
1484 936 1555 991 qui
1576 945 1694 977 ante-

265 1006 393 1046 quam
422 991 581 1042 fierent,
611 1006 792 1047 cumque
816 991 909 1048 jam
938 991 1119 1048 populus
1149 991 1421 1042 consedisset,
1452 1005 1590 1037 servus
1621 1006 1695 1047 per

265 1047 441 1098 circum,
462 1062 560 1088 cum
580 1047 705 1102 virgis
726 1048 970 1099 caederetur,
986 1049 1148 1089 furcam
1163 1049 1297 1089 ferens
1314 1048 1466 1089 ductus
1483 1057 1559 1089 est.
1589 1049 1697 1089 Exin

267 1103 435 1145 cuidam
462 1105 618 1145 rustico
647 1106 839 1146 Romano
861 1104 1087 1145 dormienti
1106 1105 1215 1145 visus
1235 1113 1299 1145 est
1318 1105 1468 1154 venire,
1489 1104 1562 1160 qui
1583 1103 1698 1145 dice-

267 1168 347 1211 ret,
381 1170 421 1195 90
437 1160 659 1215 praesulem
690 1161 769 1201 sibi
799 1176 882 1206 non
913 1160 1119 1216 placuisse
1148 1161 1271 1211 ludis,
1302 1161 1428 1216 idque
1457 1161 1510 1201 ab
1543 1160 1697 1202 eodem

270 1225 307 1250 91
320 1217 486 1273 jussum
507 1231 598 1257 esse
617 1232 715 1257 eum
737 1217 898 1258 senatui
918 1217 1106 1258 nuntiare
1126 1233 1134 1261 ;
1165 1217 1285 1258 illum
1309 1233 1393 1258 non
1420 1231 1510 1258 esse
1534 1231 1699 1258 ausum.

268 1273 423 1314 iterum
453 1287 543 1313 esse
571 1272 683 1314 idem
712 1273 859 1324 visum,
879 1282 921 1314 et
942 1274 1164 1324 monitum,
1187 1288 1238 1314 ne
1264 1274 1347 1314 vim
1377 1288 1494 1314 suam
1524 1273 1701 1328 experiri

269 1330 424 1370 vellet:
455 1344 507 1369 ne
541 1337 633 1370 tum
669 1329 839 1385 quidem
873 1344 963 1370 esse
998 1344 1161 1371 ausum.
1201 1331 1293 1371 exin
1328 1330 1459 1371 filium
1489 1329 1579 1385 ejus
1609 1343 1702 1370 esse

270 1394 515 1427 mortuum:
546 1385 723 1426 eandem
755 1386 799 1427 in
829 1387 984 1427 somnis
1015 1386 1345 1427 admonitionem
1366 1386 1492 1426 fuisse
1519 1385 1700 1427 tertiam.

271 1451 366 1482 tum
395 1443 517 1483 illum
546 1442 674 1482 etiam
704 1441 884 1483 debilem
913 1443 1088 1493 factum,
1108 1457 1198 1483 rem
1226 1443 1277 1483 ad
1306 1443 1463 1483 amicos
1489 1441 1703 1492 detulisse,

273 1513 455 1554 quorum
476 1498 528 1538 de
547 1499 753 1539 sententia
778 1499 974 1540 lecticula
999 1499 1042 1539 in
1070 1499 1230 1540 curiam
1252 1513 1341 1540 esse
1360 1498 1561 1548 delatum,
1582 1512 1701 1538 cum-

273 1569 357 1611 que
375 1556 537 1596 senatui
558 1555 768 1595 somnium
788 1556 1070 1606 enarravisset,
1089 1555 1266 1611 pedibus
1286 1556 1369 1596 suis
1391 1564 1429 1589 92
1444 1555 1618 1595 domum
1640 1568 1704 1594 re-

272 1611 455 1660 vertisse.
516 1612 665 1666 Itaque
701 1613 864 1652 somnio
900 1612 1177 1667 comprobato
1212 1627 1236 1652 a
1264 1619 1426 1661 senatu,
1455 1610 1578 1650 ludos
1608 1609 1704 1651 illos

214 1668 427 1709 56iterum
446 1668 713 1717 instauratos,
733 1669 946 1708 memoriae
963 1668 1178 1722 proditum
1195 1677 1270 1708 est.
1303 1668 1354 1707 C.
1372 1682 1468 1708 vero
1486 1665 1705 1707 Gracchus

275 1723 420 1770 multis
443 1723 560 1774 dixit,
581 1732 628 1763 ut
659 1724 862 1779 scriptum
891 1724 1002 1778 apud
1029 1724 1210 1764 eundem
1240 1724 1420 1765 Caelium
1450 1732 1528 1772 est,
1556 1722 1635 1762 sibi
1663 1723 1707 1763 in

277 1779 436 1821 somnis
471 1788 727 1834 quaesturam
762 1780 922 1834 petenti
955 1780 1020 1820 Ti.
1055 1780 1224 1820 fratrem
1259 1781 1391 1820 visum
1427 1793 1518 1819 esse
1551 1778 1704 1830 dicere,

279 1851 405 1891 quam
427 1836 550 1876 vellet
570 1846 849 1887 cunctaretur,
871 1846 1011 1877 tamen
1036 1836 1187 1876 eodem
1208 1836 1285 1876 sibi
1306 1836 1407 1886 leto,
1428 1850 1513 1890 quo
1532 1835 1621 1889 ipse
1640 1835 1705 1875 in-

279 1892 456 1942 terisset,
479 1906 569 1933 6556
591 1891 865 1947 pereundum.
926 1893 1024 1937 Hoc
1053 1901 1277 1947 antequam
1306 1893 1496 1933 tribunus
1519 1891 1632 1946 plebi
1652 1891 1704 1931 C.

283 1948 502 1990 Gracchus
521 1949 657 1989 factus
678 1956 800 1999 esset,
818 1958 861 1989 et
880 1963 923 1988 se
944 1947 1110 1988 audisse
1131 1948 1275 1988 scribit
1297 1949 1473 1998 Coelius,
1494 1956 1536 1988 et
1556 1947 1707 1988 dixisse

204 2012 273 2067 27
285 2005 443 2046 multis.
474 2020 558 2060 quo
578 2004 743 2045 somnio
763 2004 863 2059 quid
885 2004 1055 2045 inveniri
1075 2013 1216 2059 potest
1243 2006 1395 2046 certius
1412 2006 1425 2045 ?
1459 2004 1574 2060 Quid
1592 2005 1605 2043 Ρ
1637 2003 1710 2044 illa

285 2061 371 2102 duo
394 2061 570 2111 somnia,
591 2076 685 2116 quae
707 2060 956 2101 creberrime
980 2071 1364 2102 commemorantur
1383 2076 1407 2102 a
1428 2060 1595 2109 Stoicis,
1615 2060 1709 2115 quis

282 2118 454 2159 tandem
490 2126 629 2172 potest
655 2118 952 2158 contemnere?
986 2132 1117 2157 unum
1149 2117 1200 2157 de
1231 2117 1472 2158 Simonide:
1508 2117 1580 2172 qui
1609 2131 1707 2157 cum

281 2174 478 2230 ignotum
499 2174 709 2231 quendam
729 2173 964 2230 projectum
985 2183 1202 2221 mortuum
1224 2173 1405 2225 vidisset,
1426 2187 1608 2229 eumque
1628 2171 1707 2212 hu-

330 2329 368 2352 SS
385 2321 511 2351 aseendit
526 2321 556 2350 t'n
568 2320 767 2360 Ariopagum:
783 2320 887 2350 detulit
904 2319 975 2359 rem]
1019 2321 1098 2360 quin
1121 2319 1253 2350 adhibere
1275 2319 1456 2361 quaestionem
1477 2328 1521 2349 sc.
1545 2319 1581 2348 ad
1600 2327 1712 2349 verum

286 2364 367 2395 Mss.
402 2365 533 2403 quidam
570 2364 689 2394 habent
718 2363 823 2393 Arium
854 2370 977 2402 pagum,
1022 2363 1251 2402 reperiendum,
1268 2364 1329 2393 dici
1353 2363 1460 2401 possit,
1477 2370 1544 2401 pr0‚
1561 2362 1606 2391 uti
1626 2371 1715 2401 quae-

286 2409 372 2446 quod
388 2408 496 2446 probat
511 2407 667 2437 Davisius.
691 2407 803 2436 deinde
819 2417 897 2435 reum
912 2416 980 2436 cor-
1021 2407 1134 2436 stione.

287 2451 357 2488 rigit
379 2450 586 2480 Valkenarius
599 2450 638 2479 V.
656 2449 692 2478 C.
716 2450 755 2479 ad
782 2449 980 2479 Herodotum

287 2502 318 2531 p.
336 2497 408 2522 641-
425 2500 502 2529 extr.
522 2492 618 2522 dubia
639 2492 718 2521 mihi
735 2498 780 2522 est
796 2493 865 2521 haec
880 2500 980 2523 corre-

288 2535 363 2570 ctio,
378 2536 453 2573 quia
476 2535 595 2574 proprie
616 2544 680 2564 non
696 2535 835 2564 accusari
852 2535 907 2564 iste
924 2535 980 2562 ho-

289 2586 344 2606 mo
365 2579 478 2616 potuit,
502 2585 557 2606 aut
582 2583 748 2607 accusatus
770 2584 826 2606 est.
872 2577 982 2614 Itaque

290 2629 368 2649 mox
394 2630 458 2649 non
481 2628 526 2649 est
550 2618 742 2657 comprehendi
760 2619 866 2658 jubent
891 2629 981 2653 reum,

290 2662 340 2691 sed
360 2673 433 2698 eum,
451 2662 500 2703 qui
515 2674 533 2689 α
550 2662 583 2690 S.
600 2661 758 2689 nominatus
782 2667 853 2691 erat.
877 2659 982 2688 detulit

292 2716 350 2733 rem
370 2705 429 2734 i.e.
452 2705 616 2734 somnium
642 2712 738 2733 suurn
765 2712 847 2742 saepe
874 2702 982 2741 repeti-

291 2754 363 2777 tum
380 2747 524 2777 narravit.

337 2797 376 2822 89
393 2791 545 2830 quaestione
560 2786 706 2827 adhibita]
724 2786 870 2816 Davisius
880 2795 897 2816 e
907 2787 985 2816 duo-

291 2833 352 2862 bus
371 2833 448 2862 Mss.
464 2832 558 2862 edidit
573 2831 673 2858 habita
694 2842 742 2871 qsa-
759 2830 811 2873 sed
828 2837 858 2858 et
873 2828 986 2858 adhibi-

294 2882 324 2904 ta
342 2882 463 2906 rectum
477 2881 537 2906 est:
556 2883 633 2905 nam
644 2872 778 2904 dubitari
791 2882 855 2903 non
872 2879 984 2912 potest,

1067 2456 1106 2480 90
1123 2445 1295 2487 praesulem]
1313 2445 1583 2486 Aliipraesultorem
1598 2457 1606 2475 :
1631 2445 1714 2476 nihil

1023 2491 1124 2527 refert,
1142 2497 1250 2519 utrum
1266 2489 1396 2527 legatur.

1068 2540 1103 2564 91
1120 2532 1233 2570 jussum
1263 2543 1317 2560 esse
1347 2530 1422 2569 eum]
1455 2542 1517 2560 eum
1546 2538 1623 2570 puto
1649 2540 1716 2561 esse

1024 2575 1160 2614 glossam
1179 2574 1422 2609 interlinearem,
1437 2574 1683 2613 delendumque.

1069 2624 1106 2649 92
1143 2616 1258 2646 salvum
1289 2615 1451 2654 revertisse]
1474 2617 1613 2646 Quidam
1643 2616 1714 2646 libri

1025 2660 1144 2689 addunt
1160 2658 1282 2695 domum,
1299 2659 1394 2688 etiarn
1418 2660 1466 2689 ed.
1482 2660 1564 2689 vict.
1583 2658 1632 2688 vel
1653 2660 1715 2688 hoe

1025 2702 1074 2731 vel
1098 2701 1213 2730 salvum
1235 2702 1341 2731 abesse
1364 2709 1476 2741 potest,
1492 2702 1577 2740 quod
1593 2701 1718 2730 malim.

1027 2754 1104 2774 nam
1119 2745 1143 2774 si
1161 2745 1290 2783 pedibus
1306 2745 1440 2774 domum
1463 2744 1596 2779 revertit,
1612 2743 1719 2774 salvus

1028 2788 1099 2817 fuit.
1143 2787 1193 2816 Sic
1210 2794 1239 2816 et
1256 2787 1360 2816 Livius
1376 2797 1443 2816 rem
1460 2795 1586 2816 narrans
1604 2786 1647 2822 11,
1665 2782 1717 2816 3'8.

1028 2830 1104 2859 dicit
1123 2829 1241 2868 pedibus
1257 2830 1368 2858 domum
1385 2829 1533 2858 revertisse
1545 2840 1554 2856 .·
1579 2838 1637 2858 nec
1658 2829 1718 2858 du-

1029 2872 1124 2904 bitavi
1140 2871 1250 2902 domum
1267 2873 1437 2909 restituere,
1455 2870 1569 2902 salvum
1585 2870 1697 2902 delere.
