1778 3095
243 115 323 149 222
561 110 632 148 DE
661 110 820 148 FlNIB.
839 110 1038 148 BONOR.
1059 111 1126 148 ET
1154 109 1361 148 MALOR.

243 230 422 276 corpore
452 220 611 262 moveri
643 233 822 276 semper,
853 227 910 270 et,
943 234 1042 261 cum
1070 234 1114 260 re
1147 219 1262 261 nulla
1292 218 1573 274 impediantur
1605 233 1682 261 ne-

243 276 434 328 cessaria,
449 285 522 318 aut
537 277 746 318 alveolum
760 291 947 333 poscere,
965 287 1040 317 aut
1055 291 1241 332 quaerere
1259 276 1499 332 quempiam
1515 275 1679 326 ludum,

244 342 319 374 aut
356 348 594 375 sermonem
632 333 816 389 aliquem
857 334 1095 389 requirere:
1147 347 1331 389 cumque
1372 347 1456 373 non
1495 332 1679 373 habeant

244 389 449 446 ingenuas
490 405 541 431 ex
581 391 773 432 doctrina
810 389 1130 440 oblectationes,
1167 396 1206 422 96
1220 389 1399 431 circulos
1440 388 1604 444 aliquos
1638 390 1681 430 et

244 447 527 489 sessiunculas
547 447 795 488 consectari.
816 460 868 486 ne
889 446 1035 486 bestiae
1055 445 1242 501 quidem,
1264 461 1366 502 quas
1387 445 1679 486 delectationis

243 517 372 545 causa
400 504 708 554 concludimus,
741 517 838 544 cum
869 502 1080 558 copiosius
1108 502 1287 553 alantur,
1319 517 1444 558 quam
1479 501 1512 542 si
1541 510 1680 542 essent

244 559 402 612 liberae,
422 560 547 602 facile
576 561 793 616 patiuntur
819 573 910 599 sese
937 559 1168 600 contineri:
1200 568 1427 615 motusque
1454 558 1616 599 solutos
1637 567 1680 599 et

181 630 230 672 57
245 631 391 673 vagos,
412 633 436 658 a
456 627 604 659 natura
624 617 704 657 sibi
725 615 920 666 tributos,
940 616 1172 671 requirunt.
1233 617 1396 672 Itaque,
1421 626 1470 656 ut
1500 615 1678 671 quisque

245 675 408 730 optime
427 683 547 715 natus
566 674 867 728 institutusque
896 681 974 723 est,
1003 686 1093 713 esse
1122 673 1295 713 omnino
1326 672 1433 713 nolit
1463 672 1505 713 in
1526 671 1624 722 vita,
1645 671 1680 712 si

244 731 440 786 gerendis
460 730 643 786 negotiis
663 730 851 780 orbatus,
878 729 1012 784 possit
1041 729 1314 784 paratissimis
1345 728 1454 770 vesci
1483 729 1678 784 volupta-

200 787 371 848 btibus.
410 802 508 828 nam
546 795 618 828 aut
645 786 837 842 privatim
877 785 1036 842 aliquid
1072 800 1220 841 gerere
1255 785 1444 826 malunt:
1476 795 1563 836 aut,
1604 784 1677 840 qui

224 839 391 885 'altiore
420 844 561 884 animo
592 853 704 894 sunt,
734 852 960 898 capessunt
987 843 1293 898 rempublicam
1325 842 1572 893 honoribus,
1595 842 1677 882 im·

240 901 452 956 periisque
473 899 766 955 adipiscendis,
788 909 860 940 aut
891 908 1004 940 totos
1033 915 1077 940 se
1105 899 1157 940 ad
1188 899 1328 940 studia
1349 898 1552 939 doctrinae
1573 913 1676 939 con-

240 957 395 998 ferunt.
417 971 500 1012 qua
520 957 562 997 in
582 957 679 1007 vita,
699 966 864 997 tantum
887 957 1019 1006 abest,
1038 965 1087 997 ut
1103 956 1339 1011 voluptates
1356 963 1675 997 consectentur:

239 1013 367 1055 etiam
406 1028 542 1064 curas,
581 1013 898 1062 sollicitudines,
936 1013 1097 1067 vigilias
1136 1013 1381 1067 perferunt:
1429 1011 1675 1067 optimaque

237 1078 357 1125 parte
377 1070 576 1121 hominis,
607 1086 700 1126 quae
734 1070 775 1111 in
808 1070 929 1110 nobis
960 1069 1097 1110 divina
1129 1068 1321 1110 ducenda
1352 1077 1430 1118 est,
1452 1068 1612 1124 ingenii
1632 1076 1676 1110 et

237 1127 393 1168 mentis
413 1128 502 1168 acie
523 1129 734 1177 fruuntur,
751 1141 827 1167 nec
843 1126 1102 1180 voluptatem
1122 1126 1395 1181 requirentes,
1411 1139 1486 1165 nec
1506 1125 1674 1180 fugien-

235 1192 300 1225 tes
322 1184 525 1225 laborem.
543 1199 620 1224 nec
648 1198 744 1224 vero
774 1183 1059 1223 intermittunt
1088 1191 1160 1223 aut
1188 1181 1507 1222 admirationem
1529 1195 1673 1223 earum

235 1255 391 1292 rerum,
422 1256 517 1297 quse
547 1248 646 1281 sunt
673 1241 726 1280 ab
761 1238 943 1293 antiquis
975 1246 1167 1292 repertae,
1203 1246 1275 1278 aut
1308 1237 1671 1292 investigationem

236 1311 466 1338 novarum:
498 1311 583 1352 quo
614 1296 770 1343 studio,
802 1302 838 1330 07
857 1309 957 1335 cum
989 1294 1128 1334 satiari
1161 1308 1245 1334 non
1275 1294 1451 1348 possint,
1480 1293 1673 1336 omnium

234 1362 469 1394 ceterarum
502 1368 642 1394 rerum
673 1352 810 1403 obliti,
842 1351 947 1391 nihil
976 1349 1206 1406 abjectum,
1238 1350 1342 1391 nihil
1373 1350 1535 1392 humile
1553 1351 1673 1406 cogi-

234 1416 351 1451 tant:
382 1418 582 1466 tantaque
602 1418 665 1451 est
682 1409 741 1450 vis
762 1408 915 1449 talibus
937 1408 979 1449 in
997 1407 1160 1458 studiis,
1173 1414 1222 1448 ut
1241 1422 1314 1448 eos
1334 1407 1479 1459 etiam,
1500 1407 1572 1464 qui
1594 1407 1674 1449 sibi

232 1466 338 1508 alios
358 1474 669 1522 proposuerunt
690 1466 790 1507 fines
821 1466 1049 1514 bonorum,
1078 1479 1184 1520 quos
1209 1464 1407 1515 utilitate,
1432 1473 1506 1505 aut
1522 1464 1673 1520 volup-—

234 1532 320 1564 tate
348 1523 561 1578 dirigunt3
593 1532 735 1564 tamen
766 1531 805 1557 98
820 1523 862 1563 in
895 1521 1018 1562 rebus
1049 1520 1300 1577 quaerendis,
1329 1520 1673 1577 explicandisque

146 1591 215 1638 21
234 1581 392 1622 naturis
421 1589 565 1621 aetates
596 1589 813 1621 conterere
840 1578 1068 1618 videamus.
1128 1579 1243 1632 Ergo
1274 1577 1355 1618 hoc
1390 1577 1562 1633 quidem
1597 1591 1672 1633 ap*

169 1646 365 1697 53paret,
385 1651 461 1678 nos
488 1637 542 1677 ad
569 1636 780 1692 agendum
813 1650 902 1676 esse
931 1643 1065 1676 natos.
1094 1634 1308 1675 actionum
1340 1644 1483 1675 autem
1514 1648 1673 1689 genera

230 1694 366 1748 plura,
405 1702 453 1734 ut
492 1694 768 1734 obscurentur
808 1692 936 1732 etiam
981 1691 1146 1731 minora
1188 1690 1434 1746 majoribus.
1476 1691 1671 1732 maximae

230 1759 373 1791 autem
396 1759 508 1801 sunt,
529 1750 728 1806 primum,
751 1757 799 1790 ut
818 1748 922 1789 mihi
957 1747 1129 1803 quidem
1156 1747 1334 1797 videtur,
1356 1756 1399 1787 et
1417 1747 1466 1787 iis
1487 1762 1666 1803 quorum

229 1821 342 1848 nunc
376 1807 417 1847 in
448 1808 610 1848 ratione
640 1820 866 1856 versamur,
898 1803 1192 1854 consideratio,
1222 1803 1499 1859 cognitioque
1527 1817 1668 1845 rerum

229 1863 477 1914 caelestium,
508 1873 551 1905 et
580 1877 740 1913 earum,
773 1876 876 1918 quas
906 1876 931 1902 a
965 1869 1114 1902 natura
1143 1860 1375 1901 occultatas
1407 1868 1449 1903 et
1475 1860 1670 1911 latentes,

228 1920 428 1976 indagare
450 1921 556 1962 ratio
587 1928 755 1975 potest:
787 1918 938 1959 deinde
963 1917 1374 1972 rerumpublicarum
1402 1915 1668 1958 administra-

228 1977 303 2028 tio,
345 1986 419 2018 aut
458 1986 497 2011 99
513 1976 845 2025 administrandi,
894 1974 1136 2029 sciendique
1180 1973 1386 2029 prudens,
1418 1981 1670 2028 temperata-,-

227 2033 348 2075 fortis
371 2043 413 2075 et
427 2033 545 2089 justa
575 2033 695 2083 ratio,
726 2033 985 2088 reliquaeque
1013 2031 1199 2081 virtutes,
1229 2039 1273 2071 et
1297 2030 1483 2070 actiones
1503 2030 1668 2071 virtuti-

227 2090 307 2131 bus
330 2099 637 2146 congruentem
670 2105 766 2145 quae
796 2104 883 2130 uno
913 2088 1047 2128 verbo¹
1069 2086 1281 2142 complexi
1308 2086 1465 2136 omnia,
1486 2085 1665 2127 honesta

225 2145 432 2188 dicimus:
463 2147 516 2188 ad
538 2161 719 2203 quorum
752 2146 876 2187 etiam
909 2144 1214 2200 cognitionem,
1243 2152 1286 2185 et
1317 2157 1442 2184 usum
1459 2142 1550 2198 jam
1571 2157 1667 2184 cor⁴

227 2203 431 2254 roborati,
456 2212 605 2244 natu-ra
631 2204 723 2258 ipsa
752 2212 967 2258 praeeunte
998 2200 1263 2241 deducimur.
1322 2199 1525 2241 Omnium
1551 2199 1665 2240 enim

99 2273 365 2314 p.139.1‘e1·um
401 2260 607 2315 princi-pia
643 2274 768 2315 parva
805 2267 919 2310 sunt,
956 2257 1030 2298 sed
1066 2257 1150 2297 suis
1183 2256 1551 2311 progressionibus
1589 2270 1665 2297 usa

186 2325 214 2346 ³-
227 2327 462 2372 augentur:
495 2332 570 2358 nec
591 2316 679 2357 sine
700 2330 839 2357 causa.
861 2316 901 2356 in
919 2314 1057 2370 primo
1078 2313 1191 2353 enim
1224 2322 1321 2353 ortu
1340 2312 1449 2353 inest
1467 2312 1664 2354 teneritas

224 2381 268 2414 et
288 2374 488 2415 mollities
505 2373 722 2430 quaedam,
735 2382 784 2414 ut
808 2381 867 2404 100
883 2386 957 2412 nec
978 2385 1042 2412 res
1063 2369 1200 2411 videre
1218 2369 1417 2425 optimas,
1438 2382 1515 2409 nec
1535 2383 1664 2424 agere

268 2513 307 2540 96
331 2507 448 2537 circulos
465 2519 492 2536 a.
510 2514 537 2536 er
553 2505 751 2545 sessiunculas]
772 2506 823 2535 Sic
839 2507 919 2536 bene
1008 2512 1047 2538 99
1065 2501 1289 2534 administrandi
1299 2498 1593 2547 sciendique—ratz'o]
1610 2503 1665 2534 scr*—

222 2550 332 2581 eMss.
356 2551 451 2580 edidit
474 2551 633 2580 Davisius.
679 2549 854 2588 Vulgatum
878 2561 920 2578 se·
964 2548 1029 2577 endi
1044 2548 1112 2578 sine
1129 2548 1226 2577 dubio
1247 2548 1398 2577 vitiosum
1420 2554 1476 2577 est.
1521 2548 1601 2578 Puto
1617 2548 1662 2578 le-

223 2592 385 2623 micirculos
401 2593 493 2622 nihili
516 2600 574 2629 est,
595 2602 654 2622 nec
671 2593 703 2622 in
720 2593 780 2622 hac
797 2602 827 2621 re
843 2593 919 2622 dici·
963 2592 1107 2630 gendum
1135 2590 1318 2632 gerendique.
1363 2591 1397 2621 P.
1427 2590 1600 2621 Manutius
1628 2592 1661 2621 in

223 2642 286 2666 tur.
964 2634 1043 2664 libro
1069 2642 1129 2663 scr.
1157 2640 1188 2664 et
1215 2633 1364 2663 Davisius
1388 2634 1421 2663 in
1447 2634 1573 2663 duobus
1594 2635 1660 2664 suis

267 2684 304 2713 97
331 2689 393 2707 cum
409 2677 513 2708 satiari
525 2675 709 2718 nonpossint]
722 2677 808 2707 Male
822 2677 919 2716 vulgo
964 2677 1080 2717 reperit
1088 2675 1312 2705 administrandi
1321 2676 1453 2713 scientia,
1467 2683 1527 2705 tum
1535 2675 1661 2715 prudens

222 2722 325 2752 editur
336 2727 463 2760 possunt.
962 2719 1049 2751 ratio.
1063 2719 1117 2749 sed
1135 2719 1209 2747 ratio
1221 2720 1266 2749 sic
1282 2719 1424 2749 absolute
1441 2719 1518 2758 quid
1535 2719 1606 2749 est?

266 2771 305 2797 98
330 2764 360 2792 in
387 2764 468 2792 rebus
498 2763 658 2805 qua-remiis
686 2761 920 2803 explicandisque
1008 2770 1067 2793 100
1091 2772 1140 2791 nec
1164 2773 1206 2791 res
1229 2761 1331 2791 videre
1354 2760 1492 2801 optimas]
1521 2762 1586 2792 Cur
1611 2767 1662 2800 op-

220 2806 350 2845 naturis]
383 2807 441 2836 Pro
468 2807 546 2836 rebus
575 2807 779 2837 scribendum
810 2816 918 2841 rerum,
963 2805 1049 2835 tImas
1065 2805 1172 2836 modo.
1195 2804 1346 2845 Suspicor
1361 2814 1416 2845 pro
1431 2814 1469 2835 eo
1486 2805 1659 2844 legendum

222 2850 303 2881 bene
317 2850 394 2881 vidit
410 2850 569 2881 Dav-isius
963 2848 1095 2878 homines.
