1768 3095
496 71 674 110 LIBER
712 69 1022 108 QUARTUS.
1450 75 1500 113 63

68 181 157 232 lud,
178 180 293 237 quod
319 194 429 222 nunc
462 178 646 220 Favonio
675 187 886 229 nascente,
913 192 1174 234 purpureum
1193 179 1369 230 videtur,
1389 180 1502 223 idem

71 238 170 279 huic
205 246 350 280 nostro
385 235 609 286 videbitur,
644 250 721 276 nec
754 244 899 276 tamen
931 235 1181 276 assentietur
1198 251 1210 285 3
1232 236 1331 291 quia
1358 238 1503 279 nobis-

69 293 260 350 metipsis
289 292 417 335 modo
447 291 678 333 caeruleum
708 291 941 342 videbatur,
966 299 981 328 7
1001 306 1124 332 mane
1153 292 1331 343 flavmn3
1363 295 1502 349 quod-

8 399 13 406 ι
72 366 153 408 que
180 365 304 401 nunc,
324 349 422 406 quia
441 364 465 390 a
493 348 583 389 sole
608 348 806 399 collucet,
829 348 1021 399 albescit,
1042 357 1083 389 et
1107 348 1256 400 vibrat,
1278 348 1501 391 dissimile-

73 423 155 464 que
176 415 238 449 est
262 415 278 439 8
291 406 485 462 proximo
502 405 540 446 ei
558 405 790 446 continenti
810 421 819 446 :
854 414 914 456 ut,
935 405 1062 446 etiam
1084 406 1120 446 si
1138 406 1275 460 possis
1294 406 1502 448 rationem

75 464 259 515 reddere,
277 477 352 504 cur
367 462 408 503 id
427 461 603 513 eveniat,
621 471 764 503 tamen
782 476 868 502 non
888 461 1022 517 possis
1044 461 1086 502 id
1102 476 1244 504 verum
1261 477 1366 513 esse,
1385 463 1503 519 quod

74 520 288 568 videbatur
315 519 464 570 oculis,
489 518 726 560 defendere.
787 518 914 560 Unde
940 518 1161 570 memoria,
1181 519 1215 560 si
1243 519 1348 560 nihil
1367 520 1503 575 perci·
1520 523 1594 560 106

74 577 235 633 pimus?
264 576 338 630 (sic
359 576 471 617 enim
494 575 741 631 quaerebas,)
767 575 883 631 quod
903 575 1144 616 meminisse
1163 576 1263 626 visa,
1285 576 1364 617 nisi
1384 591 1504 618 com-

73 632 278 688 prehensa
320 647 404 673 non
441 646 683 688 possumus.
743 632 890 689 Quid?
937 632 1175 687 Polyaenus,
1213 633 1286 688 qui
1323 648 1505 689 magnus

74 689 396 730 mathematicus
426 689 556 730 fuisse
585 689 752 738 dicitur,
782 689 816 729 is
846 698 1121 744 posteaquam
1151 690 1336 744 Epicuro
1363 705 1506 732 assen-

75 745 198 796 tiens,
244 756 378 787 totam
425 745 704 802 geometriam
745 759 835 786 esse
874 745 1024 786 falsam
1063 745 1256 795 credidit,
1294 762 1396 789 num
1434 747 1507 788 illa

77 801 220 853 etiam,
249 818 342 859 quae
365 802 539 854 sciebat,
570 801 726 843 oblitus
747 803 841 843 est?
875 802 1026 858 Atqui,
1050 802 1205 843 falsum
1227 803 1343 859 quod
1363 812 1442 856 est,
1463 804 1507 845 id

76 858 234 914 percipi
264 874 348 900 non
379 868 534 915 potest,
559 868 635 900 9ut
654 859 964 915 vobismetipsis
983 858 1138 914 placet.
1197 860 1242 901 Si
1265 861 1398 917 igitur
1414 875 1507 902 me-

78 915 225 966 moria,
246 925 554 972 perceptarum,
575 915 1060 971 comprehensarumque
1080 930 1220 957 rerum
1241 928 1328 959 est:
1353 918 1509 969 omnia,

79 987 172 1028 quae
203 973 380 1028 quisque
414 973 621 1023 meminit,
656 973 783 1013 habet
819 987 868 1013 ea
899 973 1218 1028 comprehensa,
1250 985 1378 1030 atque
1413 989 1509 1030 per-

79 1038 214 1084 cepta.
240 1029 333 1070 falsi
356 1038 498 1071 autem
522 1028 826 1085 comprehendi
852 1029 957 1070 nihil
980 1038 1149 1085 potest:
1180 1039 1222 1071 et
1247 1031 1390 1072 omnia
1420 1046 1512 1072 me-

79 1085 202 1127 minit
233 1086 396 1142 Scyron
428 1086 600 1142 Epicuri
628 1086 846 1142 dogmata.
878 1100 974 1127 vera
1004 1086 1135 1141 igitur
1166 1086 1238 1129 illa
1269 1097 1369 1129 sunt
1400 1103 1511 1130 nunc

81 1142 238 1183 onmia.
301 1144 396 1184 Hoc
421 1157 496 1199 per
521 1158 591 1184 me
621 1143 733 1184 licet.
761 1143 835 1184 sed
864 1143 941 1184 tibi
960 1152 1033 1184 aut
1056 1152 1093 1175 10
1106 1144 1428 1186 concedendum
1447 1155 1513 1186 est

81 1198 141 1239 ita
166 1212 271 1250 esse,
301 1200 417 1255 quod
452 1200 626 1241 minime
658 1200 743 1241 vis:
775 1207 849 1241 aut
885 1200 1135 1241 memoriam
1170 1201 1276 1243 mihi
1305 1202 1511 1253 remittas,
1523 1218 1553 1249 p.
1569 1215 1620 1244 ¹27-

83 1263 266 1310 oportet,
287 1266 330 1297 et
356 1256 479 1297 facile
504 1270 594 1298 esse
613 1257 652 1297 ei
680 1256 838 1306 locum,
859 1257 986 1297 etiam
1007 1257 1041 1297 si
1060 1257 1396 1313 comprehensio,
1417 1273 1513 1314 per·
1522 1261 1551 1283 a.

84 1311 308 1368 ceptioque
338 1312 453 1354 nulla
482 1313 549 1354 sit.
608 1312 725 1369 Quid
746 1312 817 1353 fiet
844 1313 1032 1354 artibus?
1066 1314 1246 1368 quibus?
1279 1315 1399 1366 iisne,
1419 1331 1514 1371 quae
1550 1325 1578 1364 7

84 1369 187 1424 ipsae
216 1369 401 1410 fatentur
432 1369 676 1425 conjectura
703 1384 747 1410 se
779 1369 874 1424 plus
911 1369 991 1420 uti,
1021 1384 1149 1426 quam
1178 1371 1377 1413 scientia:
1411 1381 1446 1404 11
1462 1387 1517 1413 an

85 1425 163 1476 his,
195 1440 289 1480 quae
324 1434 489 1466 tantum
522 1425 581 1476 id,
614 1425 730 1481 quod
764 1425 941 1477 videtur,
972 1436 1218 1482 sequuntur,
1249 1442 1327 1469 nec
1353 1428 1518 1476 habent

84 1481 210 1533 istam
227 1490 360 1522 artem
380 1491 574 1534 vestram,
597 1491 632 1514 12
648 1497 731 1539 qua
751 1496 846 1524 vera
866 1490 908 1523 et
928 1482 1035 1524 falsa
1054 1483 1316 1539 dijudicent?

143 1538 226 1579 Sed
260 1537 385 1579 13illa
417 1547 514 1580 sunt
534 1538 695 1580 lumina
726 1538 827 1589 duo,
861 1553 955 1594 quae
980 1540 1164 1580 maxime
1195 1555 1365 1582 causam
1393 1541 1518 1583 istam

87 1595 318 1636 continent.
351 1595 536 1650 primum
575 1596 687 1637 enim
718 1595 882 1651 negatis
919 1595 1006 1636 fieri
1040 1610 1179 1652 posse,
1213 1605 1261 1638 ut
1295 1598 1518 1654 quisquam

88 1651 192 1692 nulli
222 1651 283 1692 rei
311 1652 575 1694 assentiatur.
631 1653 695 1693 At
723 1652 768 1693 id
797 1651 969 1708 quidem
1000 1653 1270 1709 perspicuum
1300 1663 1389 1696 est:
1421 1669 1521 1696 cum

90 1707 311 1760 Panaetius,
340 1708 534 1764 princeps
563 1723 712 1764 prope,
741 1723 840 1750 meo
871 1709 1043 1764 quidem
1061 1709 1242 1767 judicio,
1264 1712 1523 1762 Stoicorum,

89 1779 138 1805 ea
170 1764 221 1806 de
246 1779 290 1806 re
322 1765 514 1807 dubitare
535 1780 579 1806 se
600 1766 728 1817 dicat,
748 1780 875 1822 quam
897 1781 1061 1817 omnes,
1083 1776 1235 1822 praeter
1254 1782 1368 1819 eum,
1389 1768 1523 1810 Stoici

90 1821 365 1864 certissimam
396 1832 560 1877 putant,
590 1837 686 1863 vera
714 1837 806 1864 esse
839 1831 876 1854 14
891 1822 1165 1878 haruspicum
1195 1825 1396 1880 auspicia,
1426 1840 1523 1866 ora-

91 1877 200 1929 cula,
239 1877 417 1928 somnia,
456 1879 786 1930 vaticinationes,
825 1894 954 1935 seque
1000 1881 1054 1920 ab
1092 1894 1265 1922 assensu
1303 1882 1528 1925 sustineat..

92 1933 223 1976 Quod
252 1933 287 1975 is
316 1943 457 1990 potest
487 1935 625 1976 facere
655 1935 709 1976 de
739 1936 787 1977 iis
817 1937 957 1987 rebus,
979 1951 1082 1993 quas
1111 1937 1188 1989 illi,
1218 1953 1242 1979 a
1261 1939 1414 1995 quibus
1433 1939 1530 1996 ipse

136 2079 150 2106 7
177 2083 259 2101 mane
263 2072 402 2113 flavum]
425 2074 551 2104 Nonius
567 2074 657 2103 hunc
674 2073 786 2104 locum

93 2117 225 2146 afferens
251 2116 347 2146 habet
376 2127 506 2153 ravum;
530 2118 615 2155 quod
639 2117 787 2147 Nonium

94 2160 126 2189 in
142 2169 201 2190 suo
216 2159 363 2199 exemplo
380 2159 448 2190 libri
460 2160 527 2190 IVti
544 2160 705 2197 habuisse,
722 2169 787 2189 non

94 2203 217 2233 dubitat
231 2203 402 2239 Victorius,
417 2204 471 2233 sed
495 2203 527 2233 in
551 2203 686 2233 Lucullo
702 2213 721 2233 a
736 2202 788 2232 Ci-

94 2255 207 2276 cerone
225 2247 350 2286 flavum
373 2246 530 2285 scriptum
554 2247 650 2277 fuisse
675 2253 764 2285 putat
779 2256 789 2275 ι

96 2289 190 2328 idque
207 2290 276 2320 ideo
291 2290 356 2329 ipse
376 2290 523 2319 servavit.
568 2289 717 2319 Davisius
734 2298 790 2319 au-

97 2340 161 2362 tem
176 2343 282 2362 ravum
297 2331 423 2371 recepit,
439 2333 514 2371 quia
528 2340 559 2361 et
574 2333 696 2362 codices
710 2342 791 2362 non-

97 2375 178 2405 nulli

99 2425 192 2454 1471.

142 2469 159 2492 8
177 2461 310 2501 proximo
324 2461 350 2490 ei
363 2460 536 2500 continenti]
563 2460 614 2490 Sc.
632 2471 789 2500 purpureo

98 2504 153 2535 ilii.
198 2504 374 2535 Lambinus
398 2513 453 2542 pto
469 2504 494 2533 ei
510 2503 649 2533 malebat
665 2512 704 2541 er,
721 2514 791 2544 pro—

98 2549 192 2578 bante
207 2548 347 2578 Davisio.
363 2547 456 2584 bene,
473 2553 511 2576 ut
524 2547 664 2576 arbitror.

143 2599 162 2624 9
184 2598 217 2621 ut
232 2589 441 2629 vobismetipsis
451 2587 564 2629 placet]
581 2590 688 2629 Vulgo
702 2590 794 2620 nobis-

99 2634 236 2673 metipsis,
251 2635 334 2673 quod
352 2642 398 2663 res
415 2633 566 2672 repudiat.
582 2632 661 2662 iilud
671 2640 701 2662 et
716 2633 794 2662 Mss.

100 2676 219 2707 habent
248 2684 279 2708 et
306 2677 355 2706 ed.
376 2675 447 2706 Ald.
474 2676 554 2715 Nep.
586 2674 794 2715 placebatque

101 2720 196 2749 etiam
212 2720 356 2750 Grutero.

146 2769 185 2792 10
207 2762 409 2792 concedendum
432 2759 487 2801 est]
512 2762 625 2792 Addidi
650 2768 700 2791 est.
716 2770 793 2790 nam

102 2810 132 2833 et
155 2804 188 2834 in
211 2805 291 2836 Mss.
315 2812 472 2845 repertum
497 2814 546 2845 est,
565 2814 582 2834 a
606 2804 748 2841 Davisio,
765 2811 795 2833 et

216 2376 335 2406 habent
370 2381 467 2404 atrum
504 2377 600 2405 etiam
631 2376 680 2406 ed.
710 2376 792 2405 Ven.

831 2074 949 2146 {ise-ibent
965 2076 1034 2106 edd.
1051 2082 1124 2106 vett.
1140 2076 1219 2106 Ven.
1240 2083 1332 2110 1494.
1348 2075 1436 2106 Med.
1452 2075 1532 2106 Ald:

862 2126 914 2147 iet.

877 2167 909 2190 11
937 2171 975 2189 an
997 2158 1055 2200 his]
1082 2162 1133 2192 Sic
1156 2171 1212 2202 pro
1235 2161 1272 2192 iis
1297 2162 1367 2192 dedi
1391 2171 1431 2192 ex
1455 2162 1526 2193 edd.

833 2209 907 2233 vett.
1482 2208 1487 2228 -”

877 2253 914 2276 19.
939 2245 1209 2287 qua—dijudicent]
1236 2247 1315 2278 MSS.
1330 2247 1395 2277 duo
1418 2247 1527 2278 Davis.

833 2296 864 2317 et
879 2299 941 2327 reg.
966 2289 1061 2319 Paris.
1085 2289 1342 2329 quoe—dijudicet.
1360 2300 1425 2320 non
1441 2299 1528 2329 sper-

835 2341 922 2362 nam.
945 2333 999 2362 sed
1015 2331 1184 2371 vulgatum
1199 2342 1294 2362 sensu
1311 2332 1357 2362 nil
1372 2333 1485 2363 differt.
1533 2350 1535 2353 .

881 2381 916 2405 13
941 2374 995 2403 illa
1008 2382 1072 2403 sunt
1088 2374 1198 2404 lumina
1212 2375 1282 2416 duo]
1299 2375 1462 2415 Praecipua
1477 2384 1528 2406 ca-

832 2418 896 2457 pita
920 2418 1140 2457 disputationis
1166 2425 1288 2450 vestrae.
1332 2419 1462 2449 Davisio
1484 2419 1535 2449 le·-

832 2462 896 2491 ctio
913 2459 1022 2490 lumina
1038 2468 1146 2491 tamen
1171 2469 1317 2501 suspecta
1331 2469 1387 2493 est.
1405 2463 1529 2492 frustra.

833 2513 864 2535 v.
881 2503 970 2534 Clav.
986 2504 1019 2533 in
1035 2503 1140 2534 lumen.
1474 2510 1477 2511 ’
1532 2526 1534 2528 -

882 2553 919 2577 14
942 2546 1125 2586 haruspicum
1137 2544 1283 2587 auspicia]
1298 2547 1370 2578 Hoc
1380 2547 1531 2578 vitiosum

838 2596 902 2619 est:
927 2599 987 2620 nec
1010 2590 1098 2620 enim
1128 2591 1259 2630 auspicia
1285 2597 1362 2621 sunt
1387 2591 1533 2630 haruspi-

838 2642 916 2662 cum
938 2633 992 2662 sed
1017 2642 1189 2672 augurum.
1233 2634 1377 2664 Verbum
1400 2633 1533 2673 haruspi-

837 2686 900 2704 cum
922 2676 1006 2706 varie
1029 2674 1188 2706 tentatum
1203 2683 1259 2707 est.
1304 2677 1453 2706 Davisius
1468 2676 1534 2707 edi·

836 2719 882 2748 dit
897 2718 1102 2757 haruspicium.
1133 2720 1214 2750 Puto
1225 2720 1376 2750 excidisse
1393 2725 1532 2758 responsa.

838 2761 869 2791 Si
887 2761 1020 2791 verbum
1031 2761 1212 2801 haruspicum
1228 2764 1379 2793 vitiosum
1394 2770 1452 2800 est,
1468 2771 1535 2792 cors

839 2804 938 2843 rigam
954 2803 1181 2845 haruspicinam.
