1778 3095
236 138 316 184 490
619 133 699 171 DE
726 132 996 172 NATURA
1022 131 1292 173 DEORUM

177 245 225 283 16
237 244 352 284 Nam
374 241 618 293 Cleanthes,
637 251 688 283 ut
705 241 886 293 dicebas,
907 249 1109 298 quattuor
1137 242 1276 284 modis
1297 242 1499 285 formatas
1517 241 1560 285 in
1579 243 1669 288 ani-

237 302 318 342 mis
340 300 559 341 hominum
581 308 702 354 putat
722 298 897 340 deorum
928 313 1018 339 esse
1050 299 1258 341 notiones.
1319 299 1442 340 Unus
1462 300 1497 341 is
1518 301 1671 343 modus

236 366 316 408 est,
336 356 388 398 de
418 370 502 412 quo
535 355 633 396 satis
667 356 766 407 dixi,
787 355 859 411 qui
892 364 957 396 est
986 365 1207 411 susceptus
1231 371 1281 397 ex
1300 357 1579 411 praesensione
1608 372 1673 399 re-

236 428 331 454 rum
354 414 603 454 futurarum.
660 412 784 454 Alter
803 427 853 452 ex
875 412 1260 467 perturbationibus
1290 421 1607 467 tempestatum,
1628 422 1672 456 et

127 483 158 514 1>-
172 479 223 504 63·
237 470 408 525 reliquis
438 469 639 510 motibus.
697 469 864 509 Tertius
899 482 950 508 ex
986 470 1288 511 commoditate
1324 484 1479 519 rerum,
1518 476 1552 506 17
1569 484 1673 525 quas

194 527 224 548 ‘²¹'
236 526 507 582 percipimus,
533 535 576 567 et
603 525 737 580 copia.
796 526 984 579 Quartus
1005 538 1056 564 ex
1076 534 1283 567 astrorum
1316 525 1474 576 ordine,
1495 526 1672 582 caelique

237 583 486 624 constantia.
544 583 614 623 De
635 581 918 636 praesensione
947 579 1143 622 diximus.
1201 583 1270 623 De
1288 582 1673 637 perturbationibus

237 639 489 689 caelestibus,
521 648 564 679 et
597 636 833 687 maritimis,
867 643 910 676 et
940 637 1128 687 terrenis,
1149 652 1233 678 non
1263 653 1489 693 possumus
1519 638 1674 690 dicere,

237 710 336 737 cum
357 710 405 736 ea
424 696 537 743 fiant,
559 709 643 734 non
663 707 754 733 esse
783 692 957 742 multos,
979 693 1051 747 qui
1069 693 1142 733 illa
1162 702 1366 745 metuant,
1386 704 1429 736 et
1444 710 1473 736 a
1493 694 1570 736 diis
1591 695 1673 736 im-

178 755 224 796 17
238 750 487 794 mortalibus
509 750 596 790 fieri
616 749 868 789 existiment.
929 749 1012 789 Sed
1035 763 1118 789 non
1139 749 1181 790 id
1203 752 1417 805 quaeritur,
1439 752 1575 793 sintne
1596 752 1674 793 ali-

237 810 324 865 qui,
347 809 420 863 qui
440 807 541 847 deos
562 820 652 846 esse
674 814 846 860 putent:
879 804 936 845 dii
956 814 1098 846 utrum
1123 813 1159 837 18
1175 806 1272 856 sint,
1293 820 1436 857 necne,
1456 809 1672 864 quaeritur.

236 867 353 907 Nam
375 864 546 918 reliquae
572 877 724 913 causae,
744 876 847 917 quas
871 861 1100 902 Cleanthes
1132 863 1265 912 affert,
1288 878 1466 918 quarum
1496 880 1581 906 una
1610 873 1675 907 est

237 922 290 962 de
309 920 650 970 commodorum,
671 934 764 974 quae
795 918 1001 973 capimus,
1027 919 1149 973 copia
1166 934 1177 969 3
1209 920 1338 960 altera
1360 919 1412 960 de
1433 929 1675 976 temporum

237 978 400 1027 ordine,
421 976 597 1031 caelique
628 976 887 1017 constantia:
919 984 1012 1015 tum
1042 975 1336 1017 tractabuntur
1364 991 1389 1017 a
1419 976 1554 1028 nobis,
1576 992 1676 1019 cum

236 1034 546 1089 disputabimus
567 1032 619 1074 de
639 1032 899 1088 providentia
926 1032 1100 1072 deorum
1122 1048 1132 1072 ε
1163 1032 1217 1072 de
1248 1047 1331 1088 qua
1358 1033 1540 1087 plurima
1566 1048 1590 1074 a
1619 1042 1676 1084 te,

237 1091 384 1141 Balbe,
419 1090 534 1131 dicta
569 1098 666 1130 sunt
684 1107 693 1130 z
726 1088 963 1144 eodemque
999 1088 1071 1129 illa
1102 1089 1230 1129 etiam
1266 1088 1521 1140 differemus,
1560 1090 1678 1146 quod

240 1147 527 1204 Chrysippum
559 1146 698 1187 dicere
728 1145 884 1196 aiebas,
906 1145 1106 1200 quoniam
1135 1154 1246 1186 esset
1278 1145 1437 1201 aliquid
1464 1146 1507 1186 in
1536 1161 1678 1187 rerum

238 1214 401 1255 natura,
420 1204 537 1259 'quod
567 1203 620 1243 ab
652 1202 824 1243 homine
856 1201 964 1242 effici
994 1216 1078 1242 non
1110 1209 1265 1256 posset,
1287 1216 1377 1242 esse
1407 1202 1578 1243 homine
1598 1203 1676 1244 ali-

180 1271 225 1304 18
240 1262 340 1317 quid
379 1260 529 1301 melius
547 1276 557 1300 z
600 1273 780 1315 quaeque
818 1258 860 1298 in
897 1257 1026 1299 domo
1065 1258 1212 1313 pulcra
1250 1272 1348 1298 cum
1388 1258 1675 1313 pulcritudine

239 1317 387 1358 mundi
405 1316 696 1372 comparabas,
713 1323 756 1356 et
777 1329 875 1356 cum
897 1314 1027 1355 totius
1048 1315 1198 1356 mundi
1214 1315 1550 1356 convenientiam
1571 1330 1675 1357 con-

237 1387 494 1429 sensumque
528 1373 746 1423 afferebaS,
781 1371 1048 1426 Zenonisque
1083 1373 1241 1422 breves,
1274 1380 1317 1412 et
1352 1371 1542 1412 acutulas
1576 1386 1680 1413 con-

236 1431 446 1472 clusiones
467 1430 510 1471 in
530 1444 624 1470 eam
644 1437 807 1485 partem
838 1429 1056 1479 sermonis,
1079 1443 1205 1485 quam
1236 1427 1368 1468 modo
1390 1427 1490 1478 dixi,
1511 1428 1679 1469 differe-

237 1502 333 1530 mus
350 1504 359 1528 :
391 1487 627 1542 eodemque
646 1496 838 1541 tempore
867 1485 939 1525 illa
969 1485 1125 1536 omnia,
1145 1500 1240 1540 quae
1262 1499 1287 1525 a
1307 1493 1348 1525 te
1369 1484 1544 1540 physice
1564 1485 1679 1527 dicta

237 1552 337 1585 sunt
358 1544 409 1585 de
428 1544 467 1585 vi
486 1544 623 1600 ignea,
645 1543 783 1598 deque
803 1557 854 1583 eo
876 1541 1029 1592 calore,
1051 1556 1101 1583 ex
1122 1555 1208 1597 quo
1238 1541 1380 1581 omnia
1397 1541 1591 1596 generari
1613 1541 1677 1582 di-

237 1602 377 1652 cebas,
407 1601 505 1642 loco
536 1615 613 1641 suo
647 1608 887 1655 quaerentur
908 1615 917 1639 z
949 1598 1191 1653 omniaque,
1213 1612 1308 1652 quae
1337 1612 1362 1637 a
1382 1607 1423 1637 te
1446 1606 1484 1631 19
1501 1598 1678 1639 nudius-

237 1658 385 1699 tertius
418 1657 531 1698 dicta
561 1665 672 1706 sunt,
694 1670 792 1696 cuin
826 1655 978 1695 docere
1006 1654 1147 1705 velles,
1175 1653 1293 1708 [deos
1322 1654 1445 1708 esse,]
1477 1668 1605 1709 quare
1635 1662 1679 1696 et

237 1714 422 1756 mundus
443 1714 671 1762 universus,
692 1721 734 1752 et
760 1711 838 1762 sol,
860 1720 902 1752 et
929 1711 1042 1761 luna,
1064 1720 1106 1751 et
1135 1710 1266 1751 stellae
1298 1724 1466 1750 sensum
1486 1725 1535 1751 ac
1555 1724 1676 1751 men-

178 1775 225 1815 19
239 1778 324 1811 tem
347 1770 563 1820 baberent,
584 1769 626 1810 in
648 1769 758 1809 idem
781 1778 949 1823 tempus
980 1767 1212 1807 reservabo.
1272 1767 1313 1806 A
1335 1777 1377 1806 te
1399 1776 1542 1807 autem
1564 1766 1677 1808 idem

237 1827 343 1868 illud
363 1826 490 1868 etiam
512 1835 638 1882 atque
657 1825 786 1867 etiam
807 1839 1007 1880 quaeram,
1029 1823 1181 1879 quibus
1211 1822 1444 1863 rationibus
1474 1822 1550 1864 tibi
1580 1838 1678 1879 per-

191 1884 428 1934 8suadeas,
458 1883 560 1924 deos
592 1897 696 1923 esse.
754 1882 790 1922 T
793 1896 865 1922 um
891 1880 1064 1930 Balbus,
1086 1878 1295 1934 Equidem
1328 1879 1517 1920 attulisse
1546 1880 1677 1922 ratio-

238 1955 311 1982 nes
333 1940 437 1982 mihi
458 1937 628 1981 videor':
660 1938 734 1980 sed
753 1952 822 1979 eas
849 1946 896 1978 tu
925 1937 983 1977 ita
1003 1936 1173 1987 refellis,
1195 1945 1257 1985 ut,
1277 1950 1373 1976 curn
1396 1949 1465 1976 me
1497 1935 1675 1978 interro-

236 2007 415 2052 gaturus
436 2011 527 2038 esse
548 1995 726 2047 videare,
745 2004 788 2036 et
808 2009 891 2049 ego
912 2008 981 2034 me
1001 1993 1056 2034 ad
1080 1992 1421 2048 respondendum
1454 2007 1678 2049 compara-

192 2067 225 2098 b.
239 2054 332 2104 rim,
352 2063 522 2108 repente
543 2061 702 2094 avertas
722 2052 972 2100 orationem,
995 2065 1072 2091 nec
1103 2049 1175 2090 des
1206 2048 1485 2104 respondendi
1515 2049 1676 2091 locum.

239 2111 388 2166 Itaque
423 2111 618 2150 maxima-2
648 2123 712 2149 res
745 2108 883 2148 tacitae
916 2107 1221 2162 praeterierunt,
1244 2105 1297 2146 de
1327 2105 1595 2157 divinatione,
1623 2106 1677 2148 de

237 2167 326 2208 fato
346 2184 354 2207 ε
387 2167 539 2216 quibus
561 2165 613 2206 de
635 2164 938 2220 quaestionibus
961 2173 1008 2204 tu
1028 2162 1201 2218 quidem
1232 2162 1426 2213 strictim,
1448 2162 1580 2204 nostri
1600 2177 1676 2204 au-

237 2231 324 2264 tem
345 2218 480 2266 multa
500 2223 637 2264 solent
657 2222 795 2263 dicere
813 2236 823 2271 3
856 2229 896 2252 20
913 2219 985 2263 sed
1005 2220 1058 2260 ab
1078 2219 1157 2264 hac
1177 2219 1423 2275 quaestione‚
1446 2234 1539 2274 quae
1565 2233 1677 2260 nunc

237 2280 280 2321 in
315 2280 511 2321 manibus
541 2288 618 2331 est,
648 2287 906 2334 separantur.
966 2278 1125 2334 Quare,
1158 2276 1193 2318 si
1224 2275 1403 2327 videtur,
1434 2275 1521 2316 noli
1548 2289 1676 2331 agere

283 2412 317 2441 17
346 2418 416 2448 quas
440 2405 628 2446 percipimus]
659 2406 710 2436 Sic
738 2406 801 2435 Ms.
829 2404 937 2435 Guelf.

238 2449 290 2497 alii
307 2456 337 2480 et
358 2452 428 2481 edd.
450 2457 525 2480 vett.
549 2449 699 2488 capimus:
723 2449 818 2487 Vulg.
837 2454 938 2487 perce-

259 2503 341 2521 Imus.

232 2498 256 2531 Γ
284 2542 317 2564 11
338 2545 422 2563 necne
443 2533 517 2573 sint]
543 2534 671 2564 Addidit
692 2533 750 2562 sin!
772 2543 789 2562 e
813 2533 891 2563 R‘ISS.
908 2539 939 2562 et

238 2578 308 2606 edd.
331 2583 406 2606 vett.
433 2577 590 2606 Davisius.
614 2577 667 2606 sed
693 2586 788 2615 supra
813 2575 936 2605 notavi-

980 2413 1047 2434 esse
1073 2403 1197 2433 tertiam
1225 2402 1303 2431 tertii
1332 2402 1392 2431 diei
1419 2401 1678 2440 disputationem.

980 2448 1084 2485 Atque
1107 2456 1126 2476 a
1148 2445 1244 2475 simili
1261 2454 1357 2474 causa
1378 2451 1490 2474 natum
1507 2454 1572 2475 esse
1587 2452 1680 2484 puto,

980 2491 1065 2527 quod
1089 2498 1165 2518 mox
1190 2488 1332 2526 sequitur
1355 2487 1416 2516 deos
1441 2498 1508 2523 esse,
1533 2488 1678 2519 alienum

981 2531 1060 2561 illud
1086 2531 1126 2561 ab
1152 2532 1213 2560 hoc
1241 2530 1310 2560 loco
1334 2537 1364 2559 et
1391 2529 1576 2562 delendum.
1600 2541 1678 2562 cum

979 2574 1106 2603 Davisio
1122 2573 1234 2603 saltem
1251 2574 1342 2603 uncis
1359 2573 1484 2603 inclusi.

240 2630 326 2656 mus,
344 2620 373 2649 id
390 2629 454 2649 non
471 2629 536 2649 esse
552 2619 812 2650 ciceronianum.

286 2670 323 2695 19
350 2662 572 2701 nudiustertius]
600 2662 671 2691 Hoc
694 2662 828 2690 verbum
849 2660 888 2690 ab
903 2660 935 2689 h.

239 2705 260 2735 l.
278 2706 420 2735 alienum
436 2711 495 2739 est,
512 2714 589 2734 cum
605 2711 670 2734 tota
685 2705 754 2734 haec
769 2703 937 2742 disputatio

240 2749 407 2778 continens
423 2754 453 2777 et
468 2749 564 2777 unius
580 2748 639 2777 diei
656 2747 760 2777 fuerit.
804 2747 935 2776 Videtur

239 2801 307 2821 esse
333 2801 352 2820 a
377 2791 501 2820 librario
531 2797 586 2820 aut
608 2790 789 2829 glossatore,
819 2790 873 2828 qui
902 2789 933 2818 in

240 2834 309 2864 aliis
325 2834 411 2864 libris
424 2834 584 2864 Ciceronis
599 2834 663 2863 dies
677 2834 811 2862 diversos
828 2833 935 2871 dispu-

240 2880 400 2908 tationum
417 2877 618 2914 meminerat,
635 2876 827 2916 putabatque
851 2876 935 2905 hanc

1023 2624 1063 2647 20
1087 2615 1136 2645 sed
1156 2616 1192 2644 ab
1216 2615 1269 2644 bac
1293 2614 1462 2657 quaestionej
1489 2616 1636 2646 Davisius
1660 2625 1679 2645 e

981 2660 1060 2690 Mss.
1077 2666 1108 2689 et
1123 2659 1171 2689 ed.
1188 2659 1309 2688 Bonon.
1331 2666 1421 2691 1494.
1439 2658 1555 2688 addidit
1571 2668 1624 2686 ea.-
1641 2658 1678 2687 ab

981 2702 1035 2731 hac
1050 2713 1082 2731 ea
1099 2701 1271 2743 quaestione:
1295 2703 1340 2731 sic
1356 2708 1386 2731 et
1402 2702 1466 2732 MS.
1482 2700 1589 2730 Guelf.
1605 2701 1678 2731 edd.

977 2746 1058 2775 Ven.
1085 2752 1175 2777 1494.
1207 2744 1340 2783 pertinet
1365 2754 1410 2774 sc.
1437 2755 1470 2772 ea
1482 2744 1538 2774 ‘ad
1568 2743 1674 2780 multa,

977 2798 1050 2827 quae
1065 2788 1185 2817 dixerat
1200 2797 1218 2816 a
1232 2788 1297 2817 suis
1312 2788 1373 2817 dici
1389 2788 1427 2817 de
1443 2786 1504 2816 illis
1527 2787 1676 2826 quaestio-

978 2831 1085 2861 nibus.
1118 2836 1217 2870 potest
1243 2836 1352 2860 autern
1381 2829 1513 2870 intelligi
1543 2841 1589 2868 ea,
1601 2830 1674 2867 ‚etsi

978 2883 1044 2905 non
1058 2874 1169 2905 diserte
1183 2873 1327 2905 additum
1339 2873 1388 2905 sit.
