1778 3095
598 61 781 100 LIBER
817 61 1097 99 TERTmS.
1490 69 1569 111 319

132 169 259 211 dem?
283 184 394 226 nego
414 169 546 225 igitur
565 169 657 224 ejus
677 182 782 218 esse,
804 166 877 223 qui
897 166 1044 207 dolore
1065 180 1280 206 summum
1301 167 1459 209 malum
1480 183 1572 210 me—

131 226 275 278 tiatur,
292 226 550 268 mentionem
567 225 705 265 facere
721 224 899 265 virtutis.
944 225 999 263 Et
1020 232 1255 278 queruntur
1275 223 1442 277 quidam
1468 226 1569 280 Epi-
1583 221 1612 267 2
1625 221 1648 267 l

132 284 262 335 curei,
282 284 355 324 viri
374 282 524 337 optimi
547 283 661 334 (narn
681 280 847 321 nullum
868 294 1004 335 genus
1032 288 1097 319 est
1129 279 1267 319 minus
1289 279 1565 334 malitiosum)
1582 295 1635 326 50

132 355 201 381 me
222 340 408 381 studiose
434 338 572 379 dicere
599 346 747 379 contra
766 337 1013 392 Epicurum.
1075 336 1141 376 Ita
1159 335 1302 386 credo,
1323 335 1375 375 de
1395 335 1573 389 honore,

134 406 208 439 aut
227 397 279 437 de
301 394 506 450 dignitate
523 394 835 435 contendimus.
865 392 970 433 mihi
1003 407 1218 433 summum
1250 393 1292 432 in
1324 391 1466 432 animo
1493 392 1574 433 bo-

135 469 237 494 num
268 452 443 502 videtur,
469 450 529 491 illi
557 459 699 492 autem
730 451 772 491 in
800 463 1007 505 corpore:
1039 448 1145 489 mihi
1175 449 1217 489 in
1248 449 1411 499 virtute,
1440 448 1501 489 illi
1533 450 1576 490 in

133 510 360 564 voluptate.
384 515 427 548 et
446 507 507 548 illi
527 517 719 563 pugnant
737 524 746 547 z
766 515 809 548 et
828 506 1000 562 quidem
1021 505 1253 546 vicinorum
1274 505 1399 545 fidem
1417 504 1576 560 implo-

134 574 241 607 rant.
272 563 397 605 multi
428 573 571 605 autem
606 572 716 613 sunt,
747 564 819 620 qui
849 563 991 604 statim
1020 561 1259 603 convolent.
1290 576 1373 617 ego
1403 577 1494 602 sum
1526 562 1576 613 is,

133 621 208 676 qui
228 620 365 662 dicam
394 635 463 661 me
490 635 573 661 non
602 620 808 671 laborare,
829 630 971 661 actum
992 619 1236 660 habiturum
1259 618 1376 674 quod
1396 619 1576 673 egerint.

133 677 251 734 Quid
270 677 411 718 enim?
444 677 496 718 de
527 677 642 718 bello
668 678 826 718 Punico
846 677 1015 731 agitur?
1049 675 1101 716 de
1122 690 1207 731 quo
1228 676 1320 730 ipso
1341 690 1441 716 cum
1461 675 1576 717 aliud
1589 687 1634 717 51

134 734 204 776 Μ.
227 734 398 784 Catoni,
419 733 533 775 aliud
553 734 604 775 L.
626 734 809 775 Lentulo
839 733 1061 783 videretur,
1083 732 1199 773 nulla
1228 732 1337 773 inter
1367 746 1440 772 eos
1473 747 1576 773 con·
1588 733 1620 765 b·

135 791 313 832 certatio
345 805 550 846 umquam
578 790 672 832 fuit.
711 791 755 831 hi
786 789 908 831 nimis
938 789 1136 830 iracunde
1166 798 1316 844 agunt,
1342 789 1578 844 praesertim

135 862 234 888 cum
251 848 304 889 ab
320 847 385 888 his
403 862 488 889 non
505 862 603 888 sane
626 855 663 880 85
681 847 874 888 animosa
889 845 1142 887 defendatur
1158 846 1380 896 sententia,
1397 859 1474 900 pro
1495 860 1580 901 qua

137 918 223 945 non
244 904 287 944 in
309 913 472 956 senatu,
494 919 579 945 non
607 904 648 945 in
677 904 898 954 concione,
919 917 1005 943 non
1034 902 1149 958 apud
1175 903 1422 953 exercitum,
1443 916 1582 958 neque

136 960 250 1016 apud
270 975 465 1002 censores
484 961 621 1002 dicere
642 960 839 1002 audeant.
870 959 946 1001 sed
973 973 1072 1000 cum
1098 958 1188 1000 istis
1214 959 1330 1009 alias,
1350 969 1393 1000 et
1412 973 1464 1000 eo
1485 960 1581 1015 qui-

137 1017 235 1058 dem
255 1017 413 1068 animo,
436 1018 595 1058 nullum
629 1027 677 1058 ut
708 1027 922 1058 certamen
953 1016 1200 1057 instituam:
1232 1030 1374 1056 verum
1404 1015 1583 1058 dicenti-

139 1074 218 1115 bus
239 1074 362 1115 facile
383 1074 546 1116 cedam.
577 1084 741 1116 tantum
762 1074 1029 1115 admonebo:
1063 1072 1096 1113 si
1127 1072 1311 1112 maxime
1338 1087 1481 1113 verum
1514 1072 1583 1124 sit,

139 1130 194 1172 ad
227 1145 382 1186 corpus
417 1131 561 1172 omnia
588 1131 740 1172 referre
768 1131 1031 1186 sapientem:
1063 1129 1162 1180 sive,
1188 1137 1237 1169 ut
1269 1129 1488 1170 honestius
1517 1128 1582 1169 di-

140 1202 251 1237 cam,
273 1188 373 1229 nihil
395 1188 546 1238 facere,
568 1188 646 1228 nisi
677 1187 794 1243 quod
823 1186 1018 1242 expediat
1038 1203 1047 1226 ι
1077 1186 1162 1226 sive
1188 1186 1331 1226 omnia
1355 1186 1508 1226 referre
1529 1185 1585 1227 ad

141 1243 370 1285 utilitatem
400 1259 550 1285 suam:
583 1245 782 1299 quoniam
814 1244 904 1284 haec
936 1243 1175 1298 plausibilia
1204 1256 1290 1283 non
1321 1251 1432 1294 sunt,
1464 1251 1511 1284 ut
1540 1243 1584 1284 in

142 1300 237 1341 sinu
256 1301 482 1357 gaudeant,
502 1301 689 1356 gloriose
711 1301 829 1356 loqui
850 1300 1056 1341 desinant.

202 1357 537 1413 Cyrenaicorum
558 1367 688 1399 restat
708 1357 932 1398 sententia:
957 1357 1029 1412 qui
1049 1365 1141 1397 tum
1164 1355 1461 1411 aegritudinem
1483 1370 1583 1397 cen·
1599 1358 1666 1407 22

143 1424 236 1455 sent
268 1414 481 1464 exsistere,
509 1413 543 1454 si
574 1414 848 1469 nec-opinato
879 1413 980 1469 quid
1010 1412 1206 1453 evenerit.
1243 1422 1307 1452 est
1337 1412 1380 1453 id
1411 1412 1583 1468 quidem
1595 1433 1650 1465 52

143 1484 364 1525 magnum,
400 1479 448 1511 ut
481 1484 606 1525 supra
637 1470 736 1511 dixi.
782 1470 911 1511 etiam
950 1469 1194 1526 Chrysippo
1225 1470 1284 1509 ita
1316 1469 1446 1510 videri
1479 1470 1583 1521 scio,

143 1527 259 1582 quod
291 1527 503 1582 provisum
532 1536 630 1567 ante
663 1542 747 1568 non
777 1528 844 1577 sit,
865 1526 908 1566 id
928 1526 1050 1566 ferire
1070 1525 1374 1566 vehementius.
1404 1526 1480 1567 sed
1502 1541 1589 1568 non

143 1592 243 1624 sunt
274 1584 316 1624 in
352 1584 435 1624 hoc
469 1583 640 1624 omnia:
689 1597 947 1639 quamquam
984 1582 1172 1623 hostium
1207 1596 1353 1637 repens
1387 1582 1589 1625 adventus

146 1647 185 1672 ⁸6
200 1641 337 1696 magis
369 1640 586 1696 aliquanto
622 1640 864 1691 conturbat,
897 1654 1021 1695 quam
1058 1647 1350 1694 exspectatus:
1387 1647 1430 1680 et
1462 1640 1590 1681 maris

144 1697 286 1738 subita
315 1705 558 1753 tempestas,
580 1711 709 1753 quam
739 1706 836 1738 ante
861 1696 1025 1751 provisa
1051 1704 1180 1737 terret
1200 1695 1445 1751 navigantes
1465 1696 1592 1737 vehe-

145 1754 350 1795 mentius:
383 1764 426 1795 et
446 1753 658 1810 ejusmodi
679 1763 777 1794 sunt
797 1753 1009 1809 pleraque.
1031 1752 1103 1793 sed
1123 1767 1219 1793 cum
1242 1752 1469 1808 diligenter
1490 1767 1590 1794 nec-

146 1810 416 1866 opinatorum
456 1819 649 1851 naturam
690 1811 946 1861 consideres,
986 1809 1091 1850 nihil
1131 1809 1247 1850 aliud
1282 1810 1478 1865 reperias,
1510 1810 1591 1851 nisi

147 1867 290 1908 onmia
309 1867 436 1908 videri
459 1867 597 1908 subita
617 1866 806 1923 majora:
839 1876 881 1907 et
901 1866 1072 1922 quidem
1095 1866 1151 1907 ob
1175 1865 1278 1907 duas
1300 1881 1473 1908 causas:
1505 1867 1592 1922 pri-

146 1939 282 1974 mum,
304 1923 434 1979 quod,
456 1933 613 1979 quanta
633 1924 717 1965 sint
744 1939 838 1979 quae
859 1923 1073 1974 accidunt,
1094 1922 1386 1964 considerandi
1407 1924 1592 1979 spatium

147 1995 232 2021 non
260 1980 411 2021 datur:
441 1980 591 2021 deinde
624 1995 722 2021 cum
748 1980 910 2021 videtur
930 1981 1153 2035 praecaveri
1172 1980 1372 2035 potuisse,
1397 1980 1430 2021 si
1450 1981 1590 2035 provi-

147 2052 243 2078 sum
290 2046 415 2087 esset,
455 2037 575 2092 quasi
615 2037 741 2092 culpa
785 2045 1048 2078 contractum
1093 2037 1254 2078 malurn
1291 2037 1591 2092 aegritudinem

146 2094 353 2148 acriorem
373 2094 488 2134 facit.
547 2093 680 2151 Quod
699 2094 757 2134 ita
773 2108 864 2134 esse
884 2093 973 2134 dies
994 2093 1180 2134 declarat
1198 2110 1207 2134 :
1239 2109 1334 2150 quae
1356 2093 1590 2149 procedens
1604 2108 1653 2139 53

147 2150 207 2192 ita
225 2151 410 2206 mitigat,
430 2160 493 2201 ut,
514 2150 663 2191 iisdem
695 2150 817 2191 malis
847 2150 1130 2200 manentibus,
1152 2165 1237 2190 non
1259 2151 1391 2192 modo
1412 2151 1592 2192 leniatur
1603 2165 1634 2195 p.
1648 2162 1720 2187 20²·

148 2208 375 2263 aegritudo,
397 2207 471 2248 sed
500 2207 542 2248 in
573 2207 786 2263 plerisque
817 2206 1005 2248 tollatur.
1066 2206 1440 2262 Karthaginienses
1466 2207 1632 2249 multi&

149 2265 297 2305 Romae
327 2264 569 2315 servierunt,
602 2263 862 2305 Macedones
888 2277 990 2318 rege
1024 2263 1146 2304 Perse
1177 2272 1318 2318 capto.
1350 2263 1435 2305 vidi
1465 2264 1593 2304 etiam

149 2322 192 2362 in
214 2321 522 2377 Peloponneso,
540 2336 638 2362 cum
661 2335 795 2361 essem
818 2319 1078 2370 adolescens,
1100 2320 1309 2375 quosdam
1333 2320 1594 2362 Corinthios.

150 2377 195 2419 hi
214 2387 411 2434 poterant
431 2392 579 2419 omnes
599 2377 747 2419 eadem
769 2377 842 2418 illa
862 2376 914 2418 de
935 2376 1239 2418 Andromacha
1259 2376 1492 2434 deplorare,

258 2460 347 2496 Haec
363 2459 474 2495 omnia
493 2457 582 2496 vidi.

152 2527 235 2575 Sed
250 2533 343 2590 jam
364 2532 686 2574 decantaverant
710 2532 903 2572 fortasse.
934 2545 986 2572 eo
1008 2531 1121 2572 enim
1142 2540 1262 2573 erant
1281 2532 1415 2584 vultu,
1437 2532 1596 2574 oratio-

198 2630 236 2653 85
260 2622 387 2652 animosa
405 2623 557 2663 sententia]
577 2625 643 2662 Est,
661 2626 694 2655 in
716 2633 781 2664 qua
801 2624 853 2654 vel
941 2628 979 2654 86
997 2623 1091 2663 magis
1106 2621 1274 2665 aliquanto]
1292 2623 1344 2653 Sic
1360 2629 1390 2653 et
1406 2623 1438 2653 in
1455 2623 1535 2653 Mss.
1552 2632 1599 2652 re·

153 2664 349 2696 defendenda
360 2665 409 2695 vel
425 2668 638 2706 oppugnanda
653 2668 744 2698 facile
756 2668 853 2698 vehe-
899 2674 1027 2705 pertum
1042 2674 1101 2704 est,
1117 2674 1147 2696 et
1169 2667 1292 2697 edidere
1314 2666 1428 2703 Aldus,
1445 2666 1599 2702 Manutii,

156 2709 294 2738 mentius
318 2716 508 2739 moveantur
533 2712 646 2748 animi,
673 2712 770 2741 etiam
794 2711 853 2740 ira·
897 2709 1087 2747 Lambinus,
1100 2710 1260 2741 Davisius.
1276 2709 1328 2741 alii
1344 2709 1501 2752 aliquando
1513 2708 1599 2747 quod

155 2751 284 2787 cundia,
301 2751 410 2790 quales
425 2759 512 2790 sunt,
526 2762 599 2792 quae
610 2761 800 2794 sequuntur,
813 2754 852 2784 dc
897 2753 989 2783 nihili
1005 2760 1062 2783 est.

156 2793 246 2823 iebus
264 2794 409 2833 publicis.
