1778 3095
538 126 717 164 LIBER
753 126 1030 165 TERTIUS.
1430 134 1502 166 501

79 234 285 277 videmus.
343 235 460 291 Ergo
489 233 573 274 hoc
604 240 678 273 aut
700 231 743 272 in
769 231 1023 273 immensum
1045 240 1197 289 serpet,
1219 240 1292 274 aut
1313 233 1415 275 nihil
1436 235 1513 276 ho-

78 306 173 333 rum
195 291 460 348 recipiemus,
482 303 557 331 nec
577 287 648 329 illa
676 287 838 328 infinita
857 287 964 328 ratio
986 290 1292 344 superstitionis
1312 291 1512 345 probabi-

76 356 161 389 tur.
219 348 342 391 Nihil
360 361 462 402 ergo
485 346 636 386 horum
655 344 924 399 probandum
943 352 1021 385 est.

132 405 339 446 Dicamus
367 404 509 458 igitur,
532 400 679 452 Balbe,
698 410 867 456 oportet
893 411 1041 442 contra
1061 400 1155 442 illos
1176 401 1318 452 etiam,
1341 402 1412 458 qui
1433 403 1510 444 hos
1526 395 1591 440 21

75 459 178 502 deos
207 476 258 502 ex
285 461 506 502 hominum
541 471 696 514 genere
723 458 767 498 in
799 457 949 498 caelum
979 458 1217 508 translatos,
1244 473 1328 498 non
1358 474 1416 509 re,
1438 460 1512 500 sed
1526 467 1573 499 53

74 518 273 572 opinione
292 530 383 558 esse
405 515 565 567 dicunt,
588 529 695 570 quos
725 523 905 570 auguste
927 528 1074 555 omnes
1097 524 1325 569 sancteque
1345 530 1512 557 venera-

73 587 183 615 mur.
243 572 453 627 Principio
482 573 606 613 Joves
637 580 720 612 tres
753 579 977 612 numerant
1001 570 1045 621 ii,
1066 572 1138 626 qui
1159 570 1353 625 theologi
1375 573 1510 614 norni-

73 639 254 671 nantur:
285 644 337 670 ex
361 629 514 683 quibus
546 627 729 683 primum
765 637 808 669 et
838 627 1069 669 secundum
1092 638 1214 669 natos
1236 627 1276 667 in
1299 629 1510 671 Arcadia:

70 686 249 727 alterum
268 694 389 740 patre
410 684 601 736 AEthere,
622 699 673 725 ex
704 699 789 740 quo
818 685 943 725 etiam
974 684 1264 740 Proserpinam
1286 694 1425 726 natam
1450 686 1511 727 fe-

68 750 182 793 runt,
202 750 246 782 et
266 742 494 782 Liberum:
527 741 705 783 alterum
737 750 856 795 patre
879 741 1014 792 Caelo,
1037 742 1109 798 qui
1129 741 1325 797 genuisse
1346 741 1511 783 Miner-

67 812 161 839 vam
194 797 362 848 dicitur,
397 813 526 854 quam
559 797 808 853 principem,
837 806 880 838 et
909 798 1180 839 inventricem
1216 797 1314 839 belli
1344 799 1510 840 ferunt:

67 854 243 896 tertium
274 855 539 905 Cretensem,
562 854 730 895 Saturni
760 853 921 894 filium:
951 854 1074 911 cujus
1105 855 1147 894 in
1178 855 1250 895 illa
1278 854 1414 896 insula
1443 870 1509 897 se-

64 910 263 966 pulcrum
299 911 552 953 ostenditur.
620 910 832 965 Διόσκουροι
869 910 993 951 etiam
1031 911 1145 966 apud
1179 911 1333 967 Grajos
1365 912 1511 954 multis

65 967 204 1008 modis
236 968 522 1009 nomina-ntur.
584 966 710 1007 Primi
739 975 838 1016 treS,
869 967 942 1022 qui
973 973 1011 998 68
1029 967 1295 1022 appellantur
1325 969 1510 1021 Anaces,

65 1023 248 1065 Athenis
268 1038 318 1064 ex
343 1025 464 1073 Jove,
484 1037 585 1078 rege
614 1023 923 1078 antiquissimo,
944 1033 987 1064 et
1019 1024 1267 1079 Proserpina
1294 1026 1394 1075 nati,
1413 1026 1509 1067 Tri-

64 1087 297 1136 topatreus,
318 1080 554 1130 Eubuleus,
577 1086 616 1114 69
633 1080 853 1136 Dionysus
874 1097 882 1120 ε
915 1080 1103 1132 secundi,
1128 1082 1233 1122 Jove
1266 1081 1390 1123 tertio
1421 1082 1509 1124 nati

62 1149 114 1177 ex
136 1136 264 1188 Leda,
284 1136 440 1178 Castor
460 1144 503 1177 et
526 1136 695 1177 Pollux:
716 1136 829 1178 tertii
846 1136 1043 1179 dicuntur
1059 1152 1083 1177 a
1099 1137 1310 1179 nonnullis
1334 1146 1372 1174 70
1382 1139 1507 1189 Alco,

64 1201 110 1234 et
129 1193 391 1248 Melampus,
410 1193 602 1243 Emolus,
620 1193 740 1234 Atrei
763 1193 849 1243 filii,
871 1194 943 1249 qui
966 1194 1119 1249 Pelope
1141 1203 1265 1235 natus
1287 1195 1379 1236 fuit.
1410 1196 1506 1237 ,Iam
1520 1202 1573 1236 54

64 1249 207 1290 Musae
235 1250 383 1305 primae
416 1258 631 1306 quattuor,
652 1259 761 1290 natae
782 1250 887 1290 Jove
915 1250 1062 1300 altero,
1083 1250 1331 1307 Thelxiope,
1352 1252 1508 1304 Aoede,

63 1306 222 1356 Arche,
255 1306 447 1348 Melete:
477 1305 690 1356 secundae,
720 1307 824 1348 Jove
855 1307 981 1347 tertio
1012 1317 1055 1348 et
1085 1308 1388 1364 Mnemosyne,
1411 1324 1511 1363 pro-

59 1371 214 1403 creatae
233 1377 405 1404 novem:
428 1362 578 1413 tertiae‚
597 1371 630 1399 71
653 1363 773 1416 [Jove
795 1363 939 1418 tertio]
962 1364 1081 1404 Piero
1103 1374 1226 1414 natae,
1246 1374 1288 1405 et
1304 1365 1508 1420 Antiopa,

62 1433 166 1474 quas
190 1419 386 1471 Pieridas,
400 1430 442 1460 et
464 1419 619 1461 Pierias
641 1420 777 1461 solent
796 1425 935 1475 poetae
958 1421 1184 1475 appellare,
1200 1421 1347 1462 iisdem
1372 1422 1509 1463 nomi-

64 1475 203 1525 nibus,
224 1476 374 1517 eodem
397 1489 591 1527 numero,
613 1491 699 1532 quo
720 1476 910 1531 proxime
931 1477 1181 1532 superiores.
1244 1477 1440 1534 Cumque
1460 1488 1508 1521 tu

61 1530 219 1581 Solem,
250 1532 350 1587 quia
379 1531 496 1573 solus
526 1544 652 1583 esset,
683 1533 940 1588 appellatum
974 1547 1061 1574 esse
1092 1533 1236 1575 dicas:
1275 1535 1395 1575 Soles
1425 1535 1507 1590 ipsi

59 1601 187 1642 quam
218 1588 342 1629 multi
369 1603 394 1629 a
421 1588 638 1644 theologis
669 1589 975 1644 proferuntur?
1008 1604 1117 1631 unus
1137 1604 1284 1631 eorum
1304 1592 1407 1632 Jove
1430 1606 1504 1632 na·

59 1652 143 1694 tus,
182 1658 311 1700 nepos
345 1645 564 1686 AEtheris:
610 1645 730 1697 alter,
764 1646 1048 1700 Hyperione:
1095 1646 1260 1697 tertius,
1292 1648 1504 1699 Vulcano,

58 1699 151 1741 Nili
173 1700 258 1741 filio
271 1717 284 1751 3
316 1702 438 1757 cujus
465 1703 613 1742 urbem
636 1702 837 1758 AEgyptii
859 1702 1006 1743 volunt
1034 1717 1125 1743 esse
1153 1717 1262 1753 eam,
1283 1719 1379 1759 quae
1414 1706 1505 1745 He·-

57 1755 227 1812 liopolis
264 1758 498 1812 appellatur
518 1775 526 1798 ε
566 1769 740 1813 quartus
773 1759 822 1809 is,
862 1773 986 1813 quem
1023 1759 1204 1799 heroicis
1238 1761 1502 1815 temporibus

55 1813 257 1854 Achanto
279 1814 419 1854 Rhodi
441 1815 652 1869 peperisse
671 1814 839 1865 dicitur,
861 1822 898 1850 7-2
916 1815 1065 1871 Jalysi,
1088 1815 1263 1866 Camiri,
1287 1826 1329 1857 et
1350 1817 1503 1859 Lindi:

59 1869 244 1923 quintus,
267 1870 338 1925 qui
371 1870 544 1911 Colchis
576 1871 708 1911 fertur
728 1872 913 1921 AEetam,
944 1880 988 1912 et
1018 1871 1172 1913 Circen
1202 1875 1498 1928 procreavisse.
1514 1905 1582 1952 22

58 1925 241 1967 Vulcani
261 1927 362 1967 item
380 1927 620 1983 complures
643 1943 652 1968 :
683 1927 843 1982 primus
868 1927 988 1969 Caelo
1012 1938 1147 1979 natuS,
1167 1943 1218 1970 ex
1239 1945 1324 1988 quo
1345 1939 1388 1974 et
1408 1931 1498 1974 Mi·
1511 1980 1562 2012 55

58 2079 232 2110 Anemonem
248 2081 453 2111 scribendum
467 2080 662 2118 judicavere,
676 2091 756 2120 quo-

58 2133 131 2153 rum
156 2124 314 2161 judicium
342 2134 419 2154 cum
446 2125 584 2154 Buherio
612 2125 756 2154 Dav-isio-

56 2176 118 2205 que
134 2174 261 2197 secutus
277 2177 362 2197 sum.
408 2168 495 2198 Nam
518 2167 604 2197 Almo
627 2175 673 2197 est
695 2168 756 2197 flu-

56 2210 125 2239 vius
144 2209 255 2240 Romae
270 2211 408 2246 vicinus,
426 2221 491 2240 non
508 2210 662 2239 Anemone.

99 2257 138 2282 68
162 2259 230 2292 app.
268 2253 380 2282 Amnes
414 2253 549 2289 Athenis,
588 2265 624 2282 ex
657 2251 753 2293 Jove]

54 2294 167 2324 Anaces
182 2306 294 2326 verum
321 2303 398 2335 puto
421 2306 500 2326 cum
523 2297 675 2332 Victorio,
700 2298 755 2326 etsi

56 2337 135 2368 Mss.
166 2338 241 2375 fere,
268 2346 304 2368 ut
343 2346 374 2368 et
405 2339 512 2368 Guelf.
544 2339 683 2375 Anactes,
714 2349 754 2369 ex

56 2380 168 2410 Graeco
183 2380 318 2414 ἄνακτες.
341 2382 401 2412 Sed
419 2383 520 2412 Graeci
537 2382 634 2411 etiam
650 2383 756 2412 dixere

55 2422 171 2459 ἕνακες,
195 2431 225 2454 et
247 2425 379 2463 quidem
410 2425 554 2464 inprimis
579 2425 687 2461 Attici,
720 2432 756 2455 ut

55 2466 148 2495 tradit
164 2466 284 2496 Moeris.
299 2468 376 2505 quia
398 2468 495 2508 igitur
517 2469 603 2498 addit
617 2469 754 2498 Athenis

54 2508 99 2538 sic
123 2509 198 2544 dici,
229 2519 355 2540 necesse
378 2518 425 2540 est
455 2511 599 2549 legamus
629 2511 752 2540 Anaces.

57 2552 237 2591 Hesychius
261 2552 338 2582 item
361 2555 464 2590 tradit,
487 2555 622 2584 Athenis
647 2554 754 2593 appel-

55 2594 133 2624 latos
149 2595 322 2625 Dioscuros
342 2605 408 2625 esse
431 2596 553 2629 ἅνακας.
574 2606 605 2627 ν.
625 2603 656 2627 et
671 2598 753 2627 Pier-

54 2646 172 2667 sonum
189 2638 228 2667 V.
244 2637 280 2667 C.
298 2638 336 2667 ad
352 2638 469 2668 Moerin
486 2641 519 2668 in
535 2639 652 2671 ἰένακες.

99 2684 138 2712 69
164 2679 321 2720 Dionysus]
345 2680 399 2710 Est
422 2681 586 2712 Bacchus:
613 2683 698 2712 unde
721 2689 752 2712 et

53 2723 99 2752 sic
115 2724 320 2753 scribendum
338 2723 397 2753 fuit
415 2733 469 2762 pro
491 2724 622 2763 vulgato
639 2725 751 2766 Diony-

54 2765 125 2802 sius,
143 2772 177 2795 ut
193 2767 268 2796 vidit
279 2766 348 2804 jam
366 2767 524 2796 Davisius.

99 2814 139 2842 70
162 2807 249 2848 Alco]
266 2809 372 2847 Vulgo
390 2808 472 2839 male
488 2808 569 2840 Alco.
594 2809 673 2840 illud
693 2811 750 2840 ha-

53 2851 128 2881 bent
154 2851 231 2882 Mss.
258 2851 346 2889 boni,
375 2861 405 2882 v,
429 2861 459 2883 c.
484 2852 550 2882 Ms.
575 2853 606 2883 in
632 2854 681 2883 ed.
713 2854 749 2884 L,

799 2082 895 2112 etiam
912 2082 1019 2116 Guelf.
1037 2092 1076 2113 ex
1092 2093 1168 2122 quo,
1185 2084 1262 2114 vitio
1284 2083 1500 2123 librariorum,

800 2125 891 2154 facile
909 2126 1029 2156 facturn
1047 2125 1130 2156 Alco.

844 2173 879 2202 71
905 2169 985 2198 Jove
1012 2169 1095 2197 tertio
1120 2168 1220 2207 Piero]
1246 2168 1325 2199 Jove
1348 2170 1432 2199 tertio
1453 2173 1500 2201 vi-

799 2210 876 2240 tiose
906 2212 1049 2241 additum
1077 2219 1123 2241 est
1148 2222 1189 2241 ex
1217 2213 1475 2245 antecedentibus
1489 2225 1496 2243 :

800 2261 910 2291 estque
925 2255 1002 2283 adeo
1018 2254 1202 2284 delendum.
1224 2256 1316 2285 uncis
1339 2265 1416 2286 curn
1433 2257 1499 2288 Da-

799 2297 877 2326 visio
890 2296 1015 2327 inclusi.
1038 2298 1126 2326 Tum
1140 2298 1225 2327 Piero
1236 2299 1305 2327 dedi
1320 2308 1375 2337 pro
1388 2299 1497 2338 Pierio,

799 2346 834 2368 ut
849 2346 895 2368 est
911 2340 942 2368 in
959 2340 1020 2370 Ms.
1037 2340 1145 2370 Guelf.
1161 2348 1191 2369 et
1206 2341 1254 2370 ed.
1272 2341 1403 2372 Mediol.
1420 2352 1497 2374 nam

799 2382 844 2411 sic
860 2382 1020 2421 appellant
1035 2390 1151 2412 veteres
1175 2390 1295 2422 patrem
1313 2385 1497 2423 Musarum,

799 2434 817 2453 a
833 2435 897 2464 quo
915 2426 988 2464 ipsae
1004 2426 1112 2455 Pieriae
1135 2427 1298 2463 dicuntur,
1315 2434 1350 2457 ut
1365 2428 1498 2459 Ovidius

800 2467 879 2497 Met.
896 2469 937 2505 V,
955 2476 1029 2499 :io—2.
1050 2470 1153 2499 docet.
1178 2479 1256 2499 mox
1277 2471 1347 2499 dedi
1366 2472 1498 2509 proxime

798 2511 953 2549 superiores
969 2521 1023 2550 pro
1034 2512 1191 2550 proximae,
1215 2520 1251 2542 ut
1273 2513 1433 2543 Davisius.
1450 2516 1496 2544 sic

797 2552 934 2584 latinitas
958 2555 1105 2593 postulat.
1129 2556 1161 2584 in
1186 2555 1271 2585 libris
1295 2557 1417 2595 scriptis
1437 2567 1496 2588 sae-

797 2597 928 2634 pissime
955 2599 986 2627 in
1014 2599 1075 2627 hoc
1097 2608 1209 2636 genere
1233 2607 1391 2638 peccatur,
1409 2601 1493 2632 utin

797 2639 861 2668 fine
877 2640 962 2670 verbi
980 2651 1006 2669 ae
1022 2648 1052 2670 et
1067 2652 1080 2669 e
1097 2649 1329 2679 permutentur.

840 2689 879 2717 72
908 2683 1021 2724 Jalysi‚
1058 2683 1172 2713 Camiri
1202 2685 1276 2723 δῖα]
1310 2684 1493 2723 Intelligen-

795 2725 875 2755 dum
896 2733 942 2755 est
959 2733 1058 2765 pater,
1083 2727 1147 2756 sive
1170 2728 1274 2766 potius
1297 2728 1492 2764 addentium,

794 2774 831 2796 ut
847 2769 968 2798 facturn
986 2778 1004 2797 a
1020 2770 1159 2799 Davisio.
1183 2780 1260 2799 nam
1285 2771 1354 2799 haec
1376 2771 1496 2808 ellipsis

794 2820 861 2840 non
877 2818 922 2840 est
938 2811 970 2840 in
987 2811 1085 2841 latino
1101 2821 1247 2842 sermone
1269 2813 1391 2842 usitata.
1437 2812 1494 2841 Pa-

793 2858 875 2882 trem
890 2853 988 2893 Jalysi
1011 2855 1086 2885 facit
1108 2855 1209 2887 solem
1232 2855 1393 2888 Arnobius
1414 2864 1492 2888 cum

789 2893 920 2949 Kkg
