1768 3095
180 109 256 143 134
479 106 552 144 DE
580 108 738 146 FINIB.
767 109 967 147 BONOR.
996 109 1063 146 ET
1090 109 1300 147 MALOR.

175 212 248 268 qui
275 213 386 255 enim
408 215 665 258 existimabit
685 232 807 272 posse
829 234 873 260 se
893 219 1092 260 miserum
1113 232 1218 268 esse,
1238 217 1386 257 beatus
1407 228 1492 255 non
1513 214 1604 254 erit.

175 283 272 310 nam
291 285 388 312 cum
410 273 540 313 semel
560 283 623 314 est
644 284 837 329 suscepta
857 276 980 316 beata
998 276 1094 326 vita,
1115 284 1202 315 tam
1225 280 1456 328 permanet,
1479 285 1602 333 quai-n

174 326 266 382 ipsa
285 327 356 368 illa
383 329 569 370 effectrix
589 330 722 372 beatae
742 332 835 372 vitae
857 332 1082 386 sapientia:
1116 346 1251 386 neque
1271 337 1488 383 exspectat
1506 326 1606 367 ulti-

176 397 294 424 mum
323 395 490 440 tempus
520 387 680 427 aetatis:
714 388 828 443 quod
866 388 1014 428 Croeso
1047 388 1192 429 scribit
1224 386 1469 427 Herodotus
1498 397 1606 438 prae-

176 449 346 494 ceptum
370 457 394 481 a
415 442 584 483 Solone.
645 451 680 475 61
702 444 764 484 At
782 444 909 494 enim,
931 443 1291 499 quemadmodum
1313 451 1403 482 tute
1423 440 1607 489 dicebas,

175 507 304 551 negat
328 498 534 553 Epicurus
555 499 873 540 diuturnitatem
896 500 1068 554 quidem
1097 500 1297 554 temporis
1319 498 1373 539 ad
1401 498 1525 538 beate
1546 496 1606 536 vi-

175 553 355 594 vendum
384 554 543 610 aliquid
573 556 732 606 afferre,
760 571 835 596 nec
865 557 1069 596 minorem
1099 557 1356 610 voluptatem
1380 552 1538 610 percipi
1565 553 1607 594 in

114 621 162 653 88
176 608 377 651 brevitate
413 612 629 666 temporis,
668 627 810 666 quam,
840 613 874 652 si
905 612 976 652 illa
1001 613 1055 653 sit
1082 612 1347 666 sempiterna.
1408 612 1514 651 Haec
1542 609 1607 650 di-

176 675 328 707 cuntur
355 667 752 710 inconstantissime.
782 683 880 709 cum
909 669 1021 708 enim
1049 683 1263 709 summum
1288 669 1446 708 bonum
1470 667 1511 707 in
1533 680 1607 706 vo·-

176 722 338 778 luptate
358 734 502 778 ponat,
523 733 650 778 negat
678 724 841 765 infinito
867 735 1059 780 tempore
1085 725 1220 765 aetatis
1242 724 1499 778 voluptatem
1520 721 1607 762 fieri

175 780 395 834 majorem,
416 795 544 835 quam
577 780 694 821 finito
723 791 848 836 atque
873 782 1059 822 modico.
1119 781 1207 822 Qui
1236 781 1398 821 bonum
1419 793 1546 819 omne
1566 779 1608 818 in

174 835 328 876 virtute
362 836 496 890 ponit,
533 837 566 877 is
599 846 742 891 potest
774 838 911 878 dicere
944 838 1085 893 perfici
1114 838 1282 878 beatam
1312 837 1440 877 vitam
1471 835 1609 890 perse-

175 892 316 932 ctione
336 892 511 933 virtutis.
534 902 660 948 negat
681 894 793 934 enim
814 909 982 934 summo
1003 894 1116 935 bono
1137 894 1282 934 afferre
1302 893 1607 933 incrementum

176 947 302 988 diem.
333 949 407 1004 'qui
437 960 578 990 autem
609 949 823 1005 voluptate
852 951 979 991 vitam
1009 950 1115 991 effici
1146 951 1313 991 beatam
1335 948 1516 1004 putabit,
1536 947 1609 1002 qui

176 1004 256 1044 sibi
285 1004 318 1045 is
349 1007 580 1056 conveniet,
611 1006 645 1046 si
675 1007 847 1062 negabit
876 1007 1137 1062 voluptatem
1158 1021 1345 1047 crescere
1365 1004 1609 1060 longinqui-

174 1062 292 1102 tate?
332 1061 463 1116 igitur
499 1077 550 1102 ne
590 1062 779 1103 dolorem
822 1063 1006 1119 quidem.
1068 1065 1136 1104 An
1175 1063 1297 1104 dolor
1335 1061 1610 1117 longissimus

176 1117 353 1173 quisque
382 1118 668 1160 miserrimus:
700 1121 958 1175 voluptatem
991 1135 1074 1160 non
1111 1120 1404 1174 optabiliorem
1445 1118 1609 1158 diutur—

176 1175 285 1214 nitas
316 1174 444 1215 facit?
478 1175 593 1231 Quid
623 1186 687 1217 est
716 1176 860 1231 igitur,
891 1191 965 1216 cur
995 1177 1052 1216 ita
1082 1191 1245 1231 semper
1272 1175 1399 1216 deum
1430 1173 1614 1229 appellet

176 1230 400 1285 Epicurus,
430 1231 599 1272 beatum
632 1243 674 1272 et
703 1234 936 1273 aeternum?
970 1232 1112 1272 demta
1142 1234 1253 1273 enim
1285 1232 1516 1272 aeternitate
1547 1229 1611 1269 ni-

176 1286 265 1327 hilo
296 1287 458 1327 beatior
486 1288 667 1342 Jupiter,
688 1303 814 1343 quam
846 1289 1068 1343 Epicurus.
1090 1299 1268 1343 uterque
1299 1288 1411 1328 enim
1443 1301 1612 1327 summo

177 1343 291 1383 bono
322 1343 491 1393 fruitur,
522 1344 565 1385 id
596 1356 672 1394 est,
695 1345 923 1400 voluptate.
947 1354 991 1385 at
1016 1345 1127 1385 enim
1149 1345 1217 1385 hic
1239 1345 1364 1386 etiam
1388 1344 1548 1384 dolore.
1570 1352 1613 1383 at

178 1413 278 1439 eum
300 1399 419 1440 nihili
440 1401 554 1440 facit.
576 1401 632 1441 ait
659 1402 770 1441 enim
794 1416 852 1452 se,
875 1402 908 1442 si
929 1410 1088 1452 uratur,
1110 1417 1236 1456 quam
1260 1402 1340 1442 hoc
1362 1415 1485 1442 suave
1506 1400 1514 1440 l
1547 1400 1613 1440 di-

115 1465 166 1506 89
179 1464 360 1496 cturum.
421 1458 519 1513 Qua
539 1457 670 1511 igitur
691 1472 734 1498 re
756 1473 780 1498 a
801 1458 881 1498 deo
898 1458 1091 1509 vincitur,
1110 1459 1144 1499 si
1165 1458 1396 1499 aeternitate
1417 1472 1501 1497 non
1523 1456 1611 1496 vin-

133 1512 166 1543 b.
178 1512 288 1552 citur
306 1513 319 1552 ?
354 1518 391 1544 62
412 1513 452 1552 in
487 1527 572 1567 quo
598 1514 699 1568 quid
729 1524 793 1555 est
813 1514 914 1555 boni
933 1523 1086 1569 praeter
1108 1529 1317 1555 summam
1336 1514 1612 1568 voluptatem,

176 1577 220 1609 et
238 1583 330 1610 eam
353 1569 650 1624 sempiternam
675 1571 686 1610 ?
721 1571 820 1625 quid
851 1585 954 1625 ergo
985 1571 1134 1611 attinet
1162 1570 1346 1625 gloriose
1376 1570 1510 1625 loqui,
1533 1569 1612 1610 nisi

175 1634 416 1666 constanter
452 1625 657 1680 loquare?
691 1627 732 1666 in
770 1627 985 1681 voluptate
1026 1628 1211 1682 corporis
1251 1627 1435 1679 (addam,
1470 1627 1504 1667 si
1537 1626 1612 1678 vis,

176 1681 320 1732 animi,
350 1682 451 1722 dum
481 1696 529 1721 ea
558 1682 663 1737 ipsa,
692 1693 738 1723 ut
769 1683 907 1733 vultis,
937 1690 975 1715 63
994 1684 1046 1724 sit
1074 1683 1191 1738 quod
1211 1684 1316 1724 etin
1336 1684 1530 1739 corpore)
1557 1683 1612 1723 si-

176 1745 269 1778 tum
298 1746 363 1778 est
390 1738 521 1778 vivere
551 1738 687 1778 beate.
748 1739 892 1781 Quid?
927 1740 1048 1780 istam
1079 1740 1338 1795 voluptatem
1362 1749 1611 1795 perpetuam

177 1794 270 1849 quis
301 1803 442 1849 potest
467 1805 667 1849 praestare
695 1796 900 1850 sapienti?
935 1811 1029 1836 narn
1061 1797 1212 1851 quibus
1235 1797 1358 1837 rebus
1378 1796 1615 1837 efficiuntur

177 1849 428 1905 voluptates,
459 1850 524 1890 hae
553 1866 634 1891 non
663 1861 759 1892 sunt
789 1852 829 1892 in
858 1862 1066 1906 potestate
1097 1853 1308 1906 sapientis.
1333 1867 1414 1893 non
1436 1853 1549 1894 enim
1570 1852 1613 1893 in

177 1907 268 1961 ipsa
288 1907 490 1961 sapientia
511 1907 696 1962 positum
720 1917 783 1948 est
803 1909 973 1948 beatum
996 1923 1100 1959 esse,
1122 1909 1195 1948 sed
1212 1909 1254 1948 in
1274 1909 1323 1949 iis
1353 1909 1492 1960 rebus,
1510 1924 1614 1965 quas

178 1963 381 2018 sapientia
397 1973 617 2018 comparat
633 1964 685 2004 ad
702 1965 976 2019 voluptatem.
999 1975 1138 2006 totum
1156 1975 1297 2005 autem
1315 1965 1356 2006 id
1373 1976 1612 2007 externum-z

177 2027 233 2070 et,
257 2019 373 2075 quod
392 2029 625 2070 externum,
648 2020 690 2060 id
710 2020 750 2060 in
780 2036 879 2061 casu
909 2030 985 2061 est.
1015 2021 1074 2062 ita
1094 2022 1140 2062 fit
1162 2022 1296 2062 beatae
1327 2022 1421 2062 vitae
1443 2022 1617 2063 domina

180 2075 361 2116 fortuna.
385 2090 511 2130 quam
532 2076 738 2131 Epicurus
760 2077 817 2117 ait
837 2077 1029 2133 exiguam
1050 2077 1291 2118 intervenire
1305 2079 1493 2132 Sapienti.

98 2130 169 2179 28
237 2132 352 2187 Age,
382 2132 569 2187 inquies:
602 2133 680 2173 ista
709 2147 834 2188 parva
864 2142 976 2174 sunt.
1006 2133 1228 2188 sapientem
1268 2133 1490 2188 locupletat
1525 2135 1614 2190 ipsa

116 2195 362 2245 90mztzcras
406 2188 526 2244 cujus
568 2189 731 2230 divitias
778 2196 817 2221 64
838 2190 1042 2245 Epicurus
1080 2189 1286 2244 parabiles
1324 2204 1414 2230 esse
1454 2191 1614 2233 docuit.

180 2245 289 2285 Haec
319 2245 426 2285 bene
451 2245 674 2286 dicuntur:
706 2260 782 2286 nec
816 2260 897 2301 ego
927 2260 1145 2301 repugno:
1178 2246 1251 2286 sed
1276 2246 1384 2287 inter
1412 2262 1502 2288 sese
1523 2248 1616 2304 ipsa

177 2310 385 2361 pugnant.
417 2310 547 2357 negat
575 2303 702 2352 enim,
734 2302 982 2343 tenuissimo
1012 2303 1139 2352 victu,
1160 2302 1202 2342 id
1233 2311 1311 2353 est,
1333 2304 1618 2346 contemtissi-

222 2440 259 2465 61
286 2436 330 2465 A!
345 2435 435 2476 enim]
452 2437 504 2466 Sic
517 2446 572 2475 pro
587 2436 690 2465 etenim
703 2436 875 2475 legendum
963 2440 1001 2465 63
1025 2435 1075 2471 sit,
1099 2436 1177 2477 quod
1196 2444 1223 2465 e!
1245 2437 1276 2466 in
1298 2437 1427 2478 corpore]
1461 2439 1533 2469 Hoc
1561 2441 1617 2470 vix

178 2478 310 2517 putabat
325 2479 358 2509 P.
375 2480 556 2515 Manutius,
580 2479 672 2518 idque
696 2479 777 2509 bene
794 2489 878 2509 rece·
920 2478 1052 2517 intelligi
1082 2486 1192 2518 potest.
1217 2480 1296 2509 Mss.
1328 2482 1390 2510 fere
1421 2482 1541 2512 habent
1562 2483 1614 2520 sit,

178 2521 223 2560 pit
239 2521 398 2552 Davisius.
414 2529 458 2552 est
474 2523 562 2552 enim
578 2522 755 2560 objicientis
767 2524 876 2553 oratio.
920 2521 995 2562 quod
1009 2529 1036 2550 et
1051 2528 1173 2560 corpore,
1191 2528 1226 2552 ut
1238 2530 1268 2552 et
1283 2524 1352 2553 edd.
1369 2534 1414 2563 pr.
1433 2525 1512 2554 Ven.
1530 2526 1616 2556 unde

178 2563 251 2593 Post
267 2563 313 2592 hic
327 2565 415 2594 etiam
435 2565 538 2599 dolore,
564 2565 620 2594 int.
644 2565 807 2602 efruilur,
831 2566 877 2594 af-
920 2566 1031 2600 fecere,
1056 2565 1204 2594 Davisius
1228 2565 1265 2593 sit
1283 2578 1296 2594 e
1312 2573 1435 2602 corpore,
1461 2567 1614 2598 Gruterus

178 2606 297 2642 ficitur,
321 2608 407 2639 salva
431 2608 589 2643 felicitate,
612 2607 661 2637 vel
679 2607 766 2636 salvo
786 2618 876 2638 sum·
919 2607 958 2635 sit
973 2613 1000 2635 e!
1016 2606 1046 2635 in
1060 2614 1183 2645 corpore,
1202 2608 1376 2638 Lambinus
1392 2609 1429 2637 si!
1453 2621 1562 2650 quoque
1585 2611 1616 2639 in

179 2659 234 2679 mo
251 2650 345 2679 bono.
919 2654 1049 2687 corpore:
1076 2650 1218 2680 maxime
1234 2651 1336 2689 placet
1353 2652 1478 2681 Gruteri
1496 2652 1584 2682 ratio.

221 2697 259 2722 62
285 2692 314 2721 in
330 2703 388 2734 qua
404 2692 478 2734 quid
491 2699 532 2721 est
548 2688 625 2729 boni]
643 2691 717 2721 Non
735 2699 792 2728 est,
809 2702 873 2731 quo
962 2696 1000 2721 64
1028 2692 1171 2730 Epicurus
1189 2693 1337 2731 parabiles
1360 2705 1414 2724 esse
1431 2694 1519 2734 dicit]
1536 2695 1615 2725 Vul-

175 2735 325 2765 referatur
348 2747 416 2776 qua.
464 2735 563 2774 Igitur
585 2733 687 2773 placet
712 2735 825 2764 Pearcii
843 2742 874 2765 et
917 2743 956 2773 go
979 2734 1103 2765 additur
1125 2735 1196 2774 ipse,
1222 2736 1279 2774 Ep.
1296 2737 1317 2766 i.
1333 2738 1386 2767 scd
1407 2737 1436 2767 id
1460 2738 1521 2767 hoe
1545 2737 1616 2768 loco

174 2777 315 2807 Walkeri
339 2779 523 2817 conjectura
543 2778 573 2806 in
589 2788 654 2820 quo,
674 2784 708 2807 ut
724 2779 873 2809 referatur
917 2777 1019 2848 giga,
1047 2778 1196 2817 abestque
1224 2779 1301 2809 Mss.
1333 2780 1476 2819 pluribus
1506 2786 1537 2809 et
1565 2781 1614 2811 ed.

174 2821 213 2851 ad
231 2821 337 2851 Deum.
948 2826 998 2849 lct.
