1778 3095
193 55 275 98 290
556 48 807 88 TUSCUL.
843 47 1288 87 QUAESTIONUM

196 155 410 199 abundare
425 164 468 198 te
484 171 650 214 semper
668 167 805 214 putas,
824 157 1011 199 Graecia!
1036 157 1166 210 aliud,
1184 158 1370 214 inquam,
1388 165 1453 199 est
1473 158 1632 210 dolere,

197 214 313 256 aliud
331 214 535 256 laborare.
596 215 710 256 Cum
736 215 890 256 varices
919 215 1170 256 secabantur
1194 214 1245 255 C.
1266 214 1424 265 Mario,
1445 214 1631 257 dolebat.

198 286 297 313 cum
329 280 435 313 aestu
463 285 622 327 magno
652 271 833 313 ducebat
862 286 1032 327 agmen,
1057 272 1289 313 laborabat.
1321 280 1386 312 est
1414 271 1521 312 inter
1542 272 1634 313 haec

199 336 342 369 tamen
372 328 567 384 quaedam
600 327 848 370 similitudo.
879 328 1146 369 consuetudo
1174 328 1286 369 enim
1315 328 1510 368 laborum
1539 342 1634 383 per-

135 389 187 426 36
198 385 435 441 pessioncm
451 385 648 426 dolorum
670 384 797 426 efficit
815 384 1061 426 faciliorem.
1101 386 1249 441 ltaque
1270 384 1344 434 illi,
1362 384 1435 440 qui
1455 385 1632 426 Graeciae

199 442 381 483 formam
411 456 550 483 rerum
583 441 848 498 publicarum
879 441 1100 492 dederunt,
1130 456 1308 506 corpora
1331 441 1534 497 Juvenum
1568 441 1638 482 fir-

199 499 306 540 mari
337 499 482 539 labore
514 498 751 540 volue1unt.
798 497 914 562 quod
951 498 1172 552 Spartiatae
1205 499 1332 539 etiam
1368 498 1410 538 in
1444 498 1638 539 foeminas

200 554 532 596 transtulerunt:
565 569 659 610 quae
688 554 838 595 ceteris
864 554 906 594 in
935 554 1110 595 urbibus
1137 555 1388 596 mollissimo
1409 554 1542 604 cultu,
1565 568 1639 610 pa-

200 611 354 652 rietum
375 611 537 652 umbris
559 610 824 652 occuluntur.
886 610 953 651 Illi
973 619 1115 651 autem
1135 611 1356 652 voluerunt
1379 618 1417 643 56
1435 611 1540 652 nihil
1559 611 1639 652 ho·

200 683 295 709 rum
325 667 463 710 simile
492 681 582 708 esse
611 666 724 720 apud
754 668 954 707 Lacaenas
982 667 1188 721 virgine83
1220 668 1373 723 quibus
1404 667 1542 723 magis
1567 681 1642 723 pa-

200 724 356 775 laestra,
376 725 572 773 Eurotas,
592 723 670 774 sol,
691 722 841 778 pulvis,
863 723 998 775 labor,
1018 723 1196 765 militia·
1187 740 1228 765 1n
1251 725 1390 766 studio
1411 735 1488 775 est,
1510 739 1638 780 quam

204 788 241 817 ⁵7
259 780 451 822 fertilitas
482 780 670 820 barbara.
710 794 815 835 ergo
854 779 918 821 his
948 780 1169 821 laboriosis
1200 781 1569 822 exercitationibus
1599 788 1641 823 et

203 836 326 878 dolor
353 837 594 878 intercurrit
621 851 939 901 nonnunquam.
969 836 1257 892 impelluntur,
1288 838 1507 890 feriuntur,
1536 837 1643 894 abji-

203 894 386 944 ciuntur,
407 893 597 934 cadunt.
628 903 672 934 et
692 893 782 949 ipse
808 894 929 935 labor
948 894 1068 950 quasi
1087 893 1242 935 callum
1265 894 1481 959 quoddam
1502 895 1639 936 obdu·

126 942 191 997 16
203 959 261 991 cit
282 950 435 991 dolori.
488 958 526 982 ⁵8
543 949 712 991 Militiae
732 965 828 991 vero
855 953 1059 1003 (nostram
1079 950 1191 1001 dico,
1213 966 1296 992 non
1319 951 1641 1007 Spartiatarum,

140 1022 190 1063 27
203 1020 384 1062 quorum
418 1007 610 1062 procedit
642 1021 763 1048 mora
794 1006 847 1047 ad
882 1007 1047 1058 tibiam,
1081 1021 1157 1048 nec
1188 1007 1413 1049 adhibetur
1440 1007 1527 1049 ulla
1554 1008 1642 1049 sine

202 1064 425 1119 anapaestis
446 1063 627 1119 pedibus
648 1063 850 1115 hortatio)
877 1064 1010 1104 nostri
1037 1063 1245 1105 exercitus
1271 1065 1455 1120 primum
1479 1073 1517 1099 ⁵9
1532 1064 1644 1106 unde

204 1134 360 1160 nomen
387 1120 587 1170 habeant,
615 1119 751 1161 vides:
782 1119 934 1160 deinde
964 1119 1036 1175 qui
1065 1120 1201 1170 labor,
1221 1130 1401 1184 quantus
1430 1121 1641 1176 agminis?

204 1177 312 1218 ferre
341 1176 437 1232 plus
466 1175 677 1217 dimidiati
701 1176 857 1217 mensis
885 1175 1070 1217 cibaria:
1099 1177 1221 1227 ferre,
1242 1176 1277 1217 si
1301 1177 1404 1232 quid
1433 1177 1489 1217 ad
1517 1192 1643 1218 usum

203 1232 354 1274 velint.
383 1234 489 1274 ferre
508 1232 679 1273 vallum.
710 1247 808 1273 nam
829 1240 1013 1284 scutum,
1030 1231 1237 1288 gladium,
1257 1233 1467 1288 galearn,'
1456 1248 1499 1273 m
1519 1247 1646 1275 onere

205 1289 340 1330 nostri
370 1289 525 1330 milites
556 1303 640 1329 non
665 1288 761 1344 plus
794 1299 1032 1341 numerant,
1052 1304 1178 1345 quam
1212 1289 1428 1341 humeros,
1449 1290 1645 1342 lacertos,

75 1363 103 1396 p.
124 1361 196 1387 183.
205 1360 369 1386 manus.
400 1360 518 1387 arma
536 1345 664 1396 enim,
683 1346 874 1387 membra
892 1345 1038 1387 militis
1056 1360 1147 1387 esse
1166 1345 1327 1388 dicunt.
1357 1362 1451 1403 quae
1473 1347 1647 1403 quidem

165 1408 195 1430 a.
206 1403 265 1443 ita
283 1410 490 1458 geruntur
510 1411 622 1458 apte,
644 1412 706 1452 ut,
727 1409 766 1434 60
781 1403 814 1443 si
835 1417 936 1443 usus
958 1403 1079 1454 ferat,
1096 1403 1273 1459 abjectis
1291 1404 1505 1455 oneribus,
1522 1418 1647 1469 expe-

207 1459 305 1500 ditis
327 1474 468 1510 arnus,
490 1469 538 1500 ut
568 1459 784 1510 membris,
806 1473 997 1515 pugnare
1020 1460 1196 1515 possint.
1257 1460 1375 1502 Ouid
1403 1461 1647 1502 exercitatio

205 1515 455 1581 legionum?
478 1515 608 1572 quid?
631 1516 702 1557 ille
722 1531 884 1567 cursus,
905 1531 1150 1567 concursus,
1169 1504 1342 1567 clamor,
1363 1518 1508 1573 quanti
1524 1517 1646 1558 labo-

206 1572 262 1614 ris
283 1574 375 1614 est?
400 1587 451 1613 ex
472 1572 555 1613 hoc
574 1572 646 1613 ille
665 1573 830 1614 animus
850 1573 892 1613 in
913 1573 1072 1628 proeliis
1093 1583 1262 1628 paratus
1284 1573 1337 1614 ad
1359 1574 1542 1615 vulnera.
1571 1573 1647 1615 ad-

207 1628 291 1670 duc
330 1629 420 1685 pari
455 1629 598 1670 animo
635 1629 956 1671 inexercitatum
992 1629 1198 1671 militem:
1242 1630 1394 1671 mulier
1423 1630 1646 1674 videbitur.

144 1696 195 1729 38
209 1692 246 1717 ⁶1
263 1687 367 1727 cur?
399 1686 585 1727 Tantum
615 1686 787 1727 interest
806 1687 914 1728 inter
933 1701 1103 1738 novum,
1124 1696 1165 1728 et
1185 1695 1369 1727 veterem
1395 1688 1644 1739 exercitum,

208 1751 413 1799 quantum
445 1743 606 1798 experti
635 1757 795 1784 sumus.
835 1752 935 1784 aetas
965 1744 1151 1784 tironum
1188 1743 1437 1799 plerumque
1467 1744 1646 1785 melior:

207 1799 282 1840 sed
316 1799 423 1840 ferre
460 1799 665 1851 laborem,
703 1809 973 1841 contemnere
1009 1800 1172 1851 vulnus,
1208 1799 1474 1842 consuetudo
1504 1799 1645 1843 docet.

207 1857 310 1912 quin
331 1855 458 1896 etiam
478 1856 681 1921 videmus,
703 1870 754 1897 ex
775 1856 864 1898 acie
883 1856 1019 1898 efferri
1046 1871 1158 1912 saepe
1186 1856 1350 1897 saucios
1369 1873 1380 1908 3
1413 1866 1455 1898 et
1475 1857 1647 1912 quidem

207 1912 356 1954 rudem
375 1912 497 1954 illum
516 1921 558 1954 et
575 1913 911 1963 inexercitatum,
930 1928 1081 1969 quami
1085 1928 1118 1954 18
1136 1913 1216 1954 levi
1235 1913 1338 1964 ictu,
1353 1913 1540 1969 ploratus
1560 1922 1649 1956 tur-

210 1969 404 2024 pissimos
423 1969 561 2011 edere.
592 1979 636 2011 at
665 1984 761 2011 vero
792 1970 861 2011 ille
886 1970 1152 2022 exercitatus,
1173 1979 1216 2011 et
1237 1978 1369 2021 vetus,
1391 1971 1447 2011 ob
1468 1984 1646 2028 eamque

208 2040 296 2068 rem
316 2025 482 2078 fortior,
506 2027 722 2068 medicum
743 2026 875 2068 modo
895 2027 1126 2083 requirens,
1145 2042 1170 2068 a
1188 2041 1274 2083 quo
1295 2027 1524 2083 obligetur,

259 2145 298 2170 56
333 2140 410 2170 nihil
443 2139 727 2181 horum—fertilitas
764 2139 903 2181 barbara]

971 2142 1069 2172 itavit.

206 2182 288 2213 Haee
304 2184 343 2213 ad
358 2194 465 2214 versus
482 2185 638 2214 revocavit
660 2183 809 2222 Scaliger,
825 2194 906 2224 quos
949 2152 969 2182 g

994 2193 1034 2217 59
1061 2183 1135 2214 unde
1162 2195 1260 2214 nomen
1286 2183 1423 2223 habeant]
1455 2183 1581 2224 Nempe
1607 2184 1648 2214 ab

204 2233 329 2256 sumtos
345 2228 475 2267 putabat
488 2237 504 2256 e
517 2229 609 2267 poeta
623 2233 726 2257 vetere
742 2227 852 2263 latino,
866 2229 906 2258 ad

205 2270 338 2308 ejusque
363 2278 506 2301 mentem
530 2280 676 2311 expressa
699 2277 774 2301 sunt
800 2271 833 2301 in
856 2272 905 2302 ed.

206 2311 336 2342 Davisii.

250 2355 447 2395 57fertilitas
463 2353 605 2395 barbara]
612 2355 764 2396 fertilitas
778 2356 818 2387 ab
834 2357 867 2386 h.
883 2356 906 2387 l.

203 2406 272 2426 esse
287 2398 444 2435 alienum,
460 2409 572 2430 omnes
592 2408 729 2435 sensere,
745 2401 799 2430 sed
821 2401 905 2429 varie

204 2441 356 2479 corrigere
384 2450 554 2478 tentavere,
573 2441 727 2481 futilitas,
759 2443 905 2471 temeritas

205 2484 267 2512 διο.
292 2493 351 2513 nec
374 2486 455 2514 mihi
479 2486 552 2515 satis
577 2485 708 2514 faciunt.
748 2485 811 2515 Ms.
835 2485 906 2523 qui-

203 2525 279 2556 dam
296 2526 528 2566 Leid.fa1:ilitas
540 2539 550 2556 :
568 2528 653 2566 quod
670 2537 735 2557 non
751 2527 905 2566 displicet.

204 2578 282 2598 nam
298 2576 329 2598 et
344 2570 411 2598 vita
422 2570 531 2610 facilis
547 2577 605 2605 est,
623 2580 695 2608 quae
713 2570 809 2600 libera
824 2577 870 2600 est
886 2580 903 2600 a

204 2611 345 2642 molestis
372 2612 545 2650 laboribus,
574 2613 756 2652 tranquilla,
780 2613 904 2652 placida

205 2655 264 2684 &a

249 2703 287 2727 58
312 2696 440 2726 Militiae
462 2709 531 2728 vero
556 2696 632 2738 &c.]
657 2698 721 2728 Hie
745 2697 834 2728 locus
857 2699 902 2729 sic

203 2741 394 2771 constitutus
417 2748 463 2771 est
486 2750 504 2770 a
526 2742 555 2771 J.
581 2742 615 2772 F.
640 2741 801 2771 Gronovio
823 2742 902 2772 Obs.

203 2783 264 2820 ΠΙ,
278 2788 308 2814 6.
325 2792 383 2814 nee
399 2785 571 2824 quisquam
587 2784 702 2815 melius
715 2785 792 2825 quid
808 2794 903 2816 exco-

948 2228 1134 2258 exercendo.

993 2276 1034 2301 60
1057 2271 1081 2300 si
1103 2281 1169 2300 usus
1182 2268 1287 2310 ferat]
1309 2270 1384 2300 Non
1407 2270 1547 2300 dubitavi
1571 2270 1649 2300 reci·

948 2323 1021 2353 pere
1045 2314 1302 2343 emendationem
1328 2313 1474 2342 Lambini
1498 2319 1529 2342 et
1552 2313 1649 2343 Bent-

948 2357 1000 2387 leii
1018 2366 1072 2396 pro
1088 2356 1228 2395 vulgato,
1245 2357 1269 2385 si
1286 2367 1352 2385 usus
1363 2356 1460 2396 foret,
1477 2356 1552 2395 quia
1562 2356 1648 2396 fhret

948 2406 1070 2439 pugnat
1093 2408 1169 2429 cum
1192 2407 1345 2438 sequente
1362 2399 1485 2438 possint,
1504 2409 1559 2438 pro
1582 2408 1648 2438 quo

948 2443 1073 2472 deberet
1095 2451 1160 2472 esse
1179 2448 1300 2481 possent.
1324 2450 1395 2472 tum
1418 2442 1498 2471 mihi
1519 2451 1650 2481 quoque

949 2486 1052 2525 placet
1080 2485 1209 2524 probata
1240 2486 1378 2515 Buherio
1405 2486 1590 2523 conjectura
1615 2485 1650 2516 P.

950 2529 1127 2558 Burmanni
1150 2528 1268 2567 abjrctis
1291 2528 1418 2557 oneribus
1440 2528 1578 2569 expediti,
1601 2538 1651 2557 ar-

946 2572 1000 2601 mis
1017 2573 1076 2601 ἃς.

990 2619 1027 2644 61
1047 2625 1097 2642 cur
1108 2611 1140 2653 ἓ]
1155 2613 1227 2643 Hoc
1241 2614 1376 2644 verbum
1393 2623 1458 2643 non
1474 2613 1555 2643 bene
1572 2622 1650 2643 con-

945 2658 1033 2686 venit
1048 2657 1190 2696 sequenti
1207 2659 1383 2688 sententiae.
1408 2663 1485 2696 puto
1502 2663 1615 2686 natum
1632 2662 1656 2687 e·

946 2700 1171 2731 terminatione
1192 2701 1279 2731 verbi
1302 2699 1466 2737 videbitur,
1482 2706 1578 2740 atque
1596 2701 1649 2730 de-

946 2742 1093 2774 lendum.
