1778 3095
303 130 382 170 594
751 127 826 164 DE
863 128 1290 168 DIVINATIONE

303 231 494 284 timebat,
533 249 583 274 ne
623 235 846 287 evenirent,
884 251 933 278 ea
968 238 1140 280 demens
1181 248 1377 280 eventura
1414 252 1503 280 esse
1550 238 1731 282 dicebat.

305 289 463 329 Utrum
494 291 678 341 tandem,
706 306 780 346 per
807 293 920 345 deos,
949 303 1074 350 atque
1103 296 1322 336 homines!
1356 296 1491 350 magis
1512 295 1730 337 verisimile

305 354 383 394 est,
416 360 611 388 vesanum
650 349 868 404 remigem,
904 365 955 391 an
988 352 1171 407 aliquem
1209 355 1412 401 nostrum,
1445 351 1516 406 qui
1548 351 1606 392 ibi
1637 361 1730 392 tum

308 410 488 453 eramus,
510 418 592 454 me,
612 404 834 456 Catonem,
851 408 1099 459 Varronem,
1121 408 1363 464 Coponium
1386 409 1538 463 ipsum,
1559 407 1734 448 consilia

226 440 296 494 56
308 458 485 522 deorum
516 460 815 503 immortalium
846 464 1080 518 perspicere
1109 465 1326 520 potuisse?
1376 464 1459 505 Sed
1485 466 1577 520 jam
1607 463 1661 504 ad
1690 472 1732 504 te

221 521 291 553 115
306 529 442 564 venio,

413 600 448 630 17
471 596 503 632 O
521 607 634 633 sancte
652 598 782 646 Apollo,
804 598 860 647 qui
877 598 1065 634 umbilicum
1085 609 1207 635 certum
1227 609 1392 636 terrarum
1410 599 1548 644 obsides,

415 649 508 687 Unde
525 652 750 701 superstitiosa
764 651 909 700 primum
929 665 1027 687 sce-va
1047 653 1158 688 evasit
1177 654 1348 702 voxfera.

303 733 405 774 Tuis
424 735 534 774 enim
557 735 736 775 oraculis
759 735 1022 790 Chrysippus
1045 744 1183 776 totum
1203 736 1399 777 volumen
1419 737 1606 792 implevit
1634 751 1731 792 par-

303 790 379 830 tim
410 790 538 840 falsis,
572 801 617 830 ut
648 806 732 845 ego
762 791 927 846 opinor,
953 792 1105 846 partim
1132 807 1232 833 casu
1257 793 1376 843 veris,
1404 802 1451 834 ut
1476 794 1521 834 fit
1548 795 1590 834 in
1616 793 1732 834 omni

303 846 493 887 oratione
519 847 773 901 saepissime3
804 847 954 902 partim
988 848 1221 904 flexiloquis
1243 858 1287 889 et
1307 849 1510 899 obscuris,
1529 860 1577 891 ut
1600 851 1731 891 inter-

303 916 397 956 pres
427 912 551 957 egeat
580 904 822 958 interprete,
851 913 894 944 et
924 919 1013 945 sors
1043 905 1131 959 ipsa
1159 905 1211 945 ad
1243 915 1374 946 sortes
1405 905 1621 946 referenda
1649 906 1702 947 sit
1718 921 1732 956 ;

303 959 454 1012 partim
486 959 711 1015 ambiguiS‚
739 971 782 1001 et
817 969 852 992 18
872 976 965 1016 quae
1000 961 1052 1001 ad
1086 961 1352 1002 dialecticum
1386 961 1610 1003 deferenda
1636 962 1732 1003 sint.

261 1026 292 1057 b.
305 1015 416 1055 Nam
440 1030 536 1056 cum
557 1031 645 1056 sors
666 1016 736 1056 illa
756 1016 867 1057 edita
886 1026 948 1058 est
970 1017 1290 1072 opulentissimo
1312 1018 1402 1073 regi
1418 1018 1553 1069 Asiae,

412 1096 548 1133 Croesus
569 1097 696 1146 Halym
712 1107 888 1148 penctrans
908 1111 1067 1147 magnam
1081 1106 1252 1149 pervertet
1270 1110 1365 1149 opum
1383 1099 1456 1136 ‘vim
1470 1115 1482 1134 .-

303 1179 492 1221 hostium
528 1182 611 1222 vim
661 1196 750 1222 sese
796 1196 1084 1237 perversurum
1131 1183 1304 1237 putavit,
1350 1183 1547 1238 pervertit
1591 1191 1733 1224 autem

217 1242 291 1278 116
305 1252 437 1277 suam.
500 1239 657 1279 Utrum
705 1238 836 1293 igitur
884 1253 1031 1279 eorum
1069 1239 1306 1290 accidisset,
1336 1254 1478 1280 verum
1514 1240 1732 1280 oraculum

302 1294 463 1334 fuisset.
524 1294 613 1334 Cur
641 1304 783 1335 autem
813 1294 896 1335 hoc
926 1296 1096 1336 credam
1127 1311 1329 1351 umquam
1358 1296 1521 1337 editum
1548 1295 1731 1337 Croeso?

302 1360 376 1390 aut
408 1350 679 1392 Herodotum
711 1366 785 1392 cur
804 1351 1057 1392 veraciorem
1085 1351 1236 1392 ducam
1262 1352 1429 1392 Ennio?
1463 1367 1564 1393 num
1593 1352 1733 1392 minus

300 1406 370 1446 ille
389 1407 529 1461 potuit
550 1407 601 1448 de
625 1408 790 1457 Croeso,
813 1422 939 1463 quam
961 1407 1013 1448 de
1040 1408 1201 1464 Pyrrho
1229 1408 1386 1463 fingere
1416 1408 1606 1449 Ennius?
1639 1408 1735 1464 quis

299 1462 411 1502 enim
440 1472 518 1512 est,
550 1465 623 1519 qui
653 1464 811 1516 credat,
831 1463 1042 1519 Apollinis
1074 1479 1123 1505 ex
1154 1465 1328 1506 oraculo
1357 1464 1518 1521 Pyrrho
1549 1479 1640 1505 esse
1667 1479 1733 1506 re-

300 1533 518 1574 sponsum,

404 1601 480 1642 Aio,
500 1609 545 1644 tc,
564 1600 736 1644 AEachſtr,
759 1602 921 1638 Romanos
940 1602 1071 1638 vincere
1086 1612 1192 1651 posse.

300 1685 487 1727 Primum
524 1688 675 1728 Latine
702 1688 864 1742 Apollo
897 1702 1128 1743 numquam
1162 1687 1330 1729 locutus
1362 1696 1440 1728 est.
1474 1686 1624 1728 deinde
1654 1688 1733 1729 ista

297 1757 387 1783 sors
419 1743 606 1784 inaudita
638 1744 798 1785 Graecis
832 1753 908 1785 est.
939 1752 1141 1799 praeterea
1175 1745 1321 1800 Pyrrhi
1352 1743 1614 1798 temporibus
1639 1744 1730 1800 jam

296 1799 457 1853 Apollo
478 1814 616 1841 versus
644 1801 780 1841 facere
808 1800 1000 1841 desierat.
1026 1808 1256 1855 postremo,
1277 1815 1533 1856 quamquam
1566 1815 1732 1857 semper

297 1856 391 1906 fuit,
412 1865 459 1897 ut
479 1856 593 1912 apud
610 1857 793 1897 Ennium
816 1866 893 1907 est,

458 1936 667 1973 -stolizlum
681 1951 789 1986 genus
809 1935 1058 1979 AEacidarzmz,

404 1990 634 2041 Bellipotentes
652 2001 730 2026 sunt
750 1991 864 2040 magi’,
883 2003 984 2040 quam
1002 1990 1287 2040 sapientipotentes

295 2083 436 2115 tamen
469 2075 578 2115 hanc
608 2075 912 2130 amphiboliam
943 2088 1085 2115 versus
1125 2074 1362 2129 intelligere
1400 2072 1620 2129 potuisset,
1639 2074 1729 2115 vin-

293 2145 380 2172 cere
401 2139 439 2172 te
460 2131 673 2181 Romanos,
699 2131 831 2172 nihilo
862 2131 998 2185 magis
1029 2130 1071 2170 in
1099 2144 1156 2180 se,
1189 2146 1316 2186 quam
1347 2130 1389 2171 in
1423 2132 1637 2172 Romanos
1661 2145 1731 2172 va-

293 2187 392 2227 lere.
472 2189 587 2229 Nam
637 2188 708 2228 illa
747 2187 1024 2243 amphibolia,
1065 2201 1159 2242 quae
1201 2187 1398 2228 Croesum
1446 2186 1626 2242 decepit,
1665 2187 1729 2227 vel

296 2243 586 2300 Chrysippum
617 2244 827 2299 potuisset
856 2244 1013 2285 fallere.
1041 2243 1132 2284 haec
1160 2258 1256 2284 vero
1291 2258 1342 2284 ne
1374 2243 1606 2299 Epicurum
1633 2243 1729 2298 qui-

208 2300 278 2354 57
294 2299 406 2341 dem.
467 2301 563 2351 Sed,
599 2301 716 2356 quod
754 2310 882 2356 caput
920 2310 996 2350 est,
1034 2314 1108 2341 cur
1146 2299 1229 2341 isto
1265 2300 1395 2341 modo
1428 2300 1518 2356 jam
1560 2299 1730 2340 oracula

207 2373 281 2414 117
293 2357 474 2413 Delphis
498 2372 582 2398 non
613 2357 808 2408 eduntur,
830 2372 915 2397 non
946 2356 1076 2397 modo
1106 2364 1249 2397 nostra
1279 2365 1417 2407 aetate,
1449 2355 1522 2396 sed
1544 2354 1727 2411 jamdiu,

285 2413 379 2469 jam
408 2423 457 2454 ut
482 2413 586 2454 nihil
614 2414 748 2469 possit
772 2428 862 2455 esse
883 2412 1171 2454 contemtius?
1216 2414 1314 2454 Hoc
1334 2412 1431 2453 loco
1451 2426 1548 2452 cum
1570 2426 1727 2467 urgen-

292 2478 373 2520 tur,
410 2470 640 2521 evanuisse,
679 2471 809 2520 aiunt,
840 2478 1044 2520 vetustate
1075 2469 1156 2509 vim
1196 2468 1280 2509 loci
1314 2467 1419 2524 erS,
1449 2467 1560 2509 unde
1596 2467 1726 2509 anhe-

288 2525 388 2566 litus
409 2526 479 2567 ille
500 2536 620 2567 terrae
643 2526 771 2577 fieret,
792 2542 876 2583 quo
905 2525 1057 2583 Pythia
1076 2532 1215 2566 mente
1237 2524 1409 2565 incitata
1428 2524 1599 2566 oracula
1628 2524 1727 2566 ede-

336 2675 371 2703 17
400 2667 428 2697 O
455 2675 551 2697 sancte
580 2665 698 2707 Apollo]
734 2667 784 2697 O!
813 2667 986 2697 delendum
1031 2667 1065 2696 L.
1082 2665 1116 2695 L.
1133 2665 1190 2695 VI.
1208 2675 1238 2704 p.
1253 2670 1304 2698 69.

291 2717 380 2749 putat
396 2711 563 2747 Gruterus,
584 2711 692 2740 omisit
713 2710 871 2739 Davisius.
894 2709 989 2740 bene.
1076 2715 1112 2738 18
1138 2720 1203 2749 quae
1221 2708 1261 2737 ad
1277 2706 1460 2738 dialecticum
1479 2707 1631 2749 deferenda
1649 2707 1724 2750 sint]

290 2754 440 2783 Ceterum
456 2763 514 2783 nec
529 2760 637 2782 certum
650 2753 723 2783 satis
736 2762 986 2791 concoqu0,nec
1030 2752 1082 2782 Sic
1105 2761 1159 2790 pro
1181 2751 1329 2790 referenda
1351 2751 1432 2781 edidi
1455 2761 1472 2781 e
1493 2752 1572 2782 Mss.
1594 2750 1672 2781 Pau.
1695 2758 1727 2782 et

290 2798 322 2826 in
350 2796 446 2826 altero
468 2806 560 2826 versu
583 2807 676 2826 saeva.
704 2806 758 2835 pro
781 2795 885 2825 obsides
906 2795 985 2826 Mss.
1031 2794 1138 2825 Guelf.
1157 2795 1202 2824 sic
1223 2800 1255 2823 et
1268 2794 1426 2824 Victorius
1448 2800 1479 2823 et
1501 2794 1650 2825 Davisius
1671 2795 1727 2824 des

289 2840 420 2877 quidam
434 2838 554 2877 obtines,
569 2846 605 2870 ut
625 2846 656 2870 et
673 2846 720 2870 est
739 2840 824 2878 apud
840 2839 927 2869 Van.
948 2839 986 2869 de
1030 2839 1111 2869 dere.
1128 2847 1205 2869 mox
1220 2846 1276 2879 pto
1291 2843 1331 2868 est
1346 2837 1408 2876 leg.
1422 2843 1500 2867 esset.
