1778 3095
589 112 770 156 LIBER
804 116 1051 155 PRIMUS.
1461 124 1537 164 257

112 228 192 270 bus
222 229 451 272 oblectatio
480 239 636 281 magna
662 233 783 280 parta
811 232 888 274 est,
909 223 1075 264 inventa
1094 230 1136 264 et
1156 230 1387 279 temperata
1406 229 1535 271 varie-

109 294 209 336 tate,
228 296 271 328 et
301 296 448 328 natura
477 296 703 327 sonorum:
733 290 776 322 et
805 289 915 321 astra
945 280 1221 335 suspeximus,
1240 290 1332 321 tum
1358 296 1420 333 ea,
1441 300 1535 340 quae

111 351 209 383 sunt
237 343 362 384 infixa
389 339 512 382 certis
541 339 660 389 locis,
682 346 773 379 tum
795 337 867 377 illa
886 351 971 377 non
990 351 1050 386 re,
1071 336 1144 378 sed
1163 337 1370 378 vocabulo
1396 353 1535 382 erran·

108 398 180 439 tia.
212 413 390 455 quorum
410 395 715 444 conversiones,
737 407 968 449 omnesque
997 403 1140 434 motus
1165 402 1180 425 ⁵
1197 394 1269 449 qui
1289 394 1452 435 animus
1473 398 1532 437 vi-

108 454 185 506 dit,
207 457 240 496 is
260 455 417 504 docuit,
439 452 619 493 similem
639 452 826 492 animum
857 465 981 491 suum
1007 449 1098 506 ejus
1118 465 1224 501 esse,
1243 451 1315 506 qui
1335 465 1384 491 ea
1403 452 1530 493 fabri·
1542 460 1573 491 b.

105 521 224 552 catus
259 519 367 551 esset
404 509 447 550 in
481 508 601 550 caelo.
661 509 775 549 Nam
813 521 911 548 cum
942 506 1220 548 Archimedes
1254 508 1380 558 lunae,
1416 508 1529 560 solis,
1541 520 1589 558 63

105 568 288 622 quinque
307 565 535 607 errantium
557 574 698 606 motus
729 564 770 604 in
800 564 1005 619 sphaeram
1038 563 1226 618 illigavit,
1247 565 1384 604 effecit
1402 564 1530 618 idem,

105 623 218 679 quod
236 622 321 674 ille,
342 622 415 678 qui
435 623 478 663 in
495 622 659 663 Timaeo
678 620 881 661 mundum
905 619 1121 661 aedificavit
1143 620 1326 662 Platonis
1343 620 1460 673 deus,
1481 632 1529 664 ut

104 679 293 720 tarditate
323 689 366 720 et
395 679 608 720 celeritate
641 677 941 718 dissimillimos
972 686 1114 717 motus
1135 691 1219 718 una
1242 688 1406 732 regeret
1426 693 1528 720 con-

101 735 246 776 versio.
304 735 433 792 Quod
454 736 488 776 si
507 736 550 776 in
571 735 652 776 hoc
678 733 838 775 mundo
868 733 955 774 fieri
985 733 1072 774 sine
1091 733 1172 774 deo
1193 748 1276 774 non
1298 742 1452 789 potest,
1474 751 1527 777 ne

98 792 140 832 in
161 792 324 846 sphaera
342 791 513 848 quidem
534 792 707 833 eosdem
733 800 873 831 motus
894 789 1171 831 Archimedes
1193 791 1281 832 sine
1302 790 1442 832 divino
1461 792 1527 834 in-

98 849 223 904 genio
252 850 461 904 potuisset
489 849 656 889 imitari.
714 847 827 887 Mihi
848 860 943 887 vero
965 860 1017 887 ne
1037 846 1128 888 haec
1149 847 1319 903 quidem
1346 849 1524 902 notiora,
1537 848 1608 902 26

96 915 139 946 et
167 904 395 946 illustriora
421 919 561 947 carere
590 905 629 946 vi
657 903 794 945 divina
824 902 1026 955 videntur,
1051 909 1069 934 6
1085 911 1133 944 ut
1160 918 1243 959 ego
1263 913 1335 946 aut
1353 911 1523 960 poetam
1537 923 1589 962 54

96 975 221 1016 grave
241 962 498 1018 plenumque
517 971 690 1003 carmen
705 961 791 1001 sine
813 959 970 1000 caelesti
985 959 1132 1016 aliquo
1151 961 1304 1002 mentis
1325 961 1526 1005 instinctu

96 1027 240 1072 putem
262 1019 450 1070 fundere,
471 1017 545 1060 aut
570 1017 855 1074 eloquentiam
886 1016 975 1057 sine
1003 1016 1185 1072 quadam
1206 1018 1244 1058 vi
1264 1018 1424 1074 majore
1445 1020 1524 1062 flu-

95 1089 177 1125 ere,
209 1075 495 1117 abundantem
528 1075 772 1116 sonan-tibus
803 1073 952 1124 verbis,
981 1073 1265 1130 uberibusque
1297 1077 1524 1119 sententiis.

97 1132 366 1189 Philosophia
384 1147 496 1184 vero,
517 1131 709 1172 omnium
731 1141 866 1171 mater
885 1131 1054 1181 artium,
1075 1130 1178 1186 quid
1197 1139 1261 1171 est
1281 1131 1409 1182 aliud,
1430 1133 1522 1185 nisi,

94 1199 140 1230 ut
172 1190 289 1230 Plato
317 1189 389 1240 ait,
422 1189 598 1239 donum,
618 1201 667 1229 ut
699 1202 796 1243 ego,
816 1188 1033 1230 inventum
1064 1187 1272 1228 deorum?
1307 1189 1415 1229 Haec
1446 1203 1522 1231 nos

93 1246 274 1299 primum
303 1245 357 1286 ad
386 1245 556 1287 illorum
586 1245 765 1295 cultum,
787 1243 937 1284 deinde
969 1243 1022 1284 ad
1046 1244 1118 1299 jus
1149 1243 1384 1295 hominum,
1407 1246 1522 1301 quod

93 1301 219 1342 situm
248 1312 313 1343 est
341 1303 384 1343 in
412 1303 577 1358 generis
608 1301 780 1341 humani
810 1300 1024 1350 societate,
1044 1310 1136 1341 tum
1168 1300 1223 1341 ad
1253 1300 1521 1354 modestiam,

89 1359 510 1414 magnitudinemque
529 1358 657 1399 animi
676 1357 853 1398 erudivit
869 1373 878 1397 ε
910 1355 1142 1412 eademque
1164 1357 1217 1398 ab
1237 1358 1392 1409 animo,
1410 1368 1521 1400 tam-

89 1429 216 1469 quam
236 1416 288 1456 ab
310 1415 458 1466 oculis,
476 1415 703 1470 caliginem
732 1413 921 1468 dispulit,
942 1422 990 1454 ut
1019 1414 1161 1454 omnia
1190 1428 1354 1469 supera,
1375 1415 1520 1467 infera,

89 1471 238 1525 prima,
257 1471 422 1523 ultima,
452 1472 590 1512 media
619 1470 864 1512 videremus.
925 1470 1095 1511 Prorsus
1126 1470 1218 1510 haec
1249 1470 1385 1511 divina
1414 1472 1578 1514 mihi65

87 1526 249 1568 videtur
268 1528 340 1579 vis,
361 1543 456 1584 quae
478 1537 544 1568 tot
563 1542 627 1568 res
648 1526 813 1575 efficiat,
835 1536 878 1567 et
896 1534 1046 1567 tantas.
1078 1525 1180 1581 quid
1199 1534 1264 1567 est
1284 1527 1396 1568 enirn
1426 1543 1517 1569 me-

86 1584 220 1624 moria
249 1599 405 1636 rerum,
433 1595 476 1625 et
505 1583 724 1624 verborum
748 1584 760 1622 ?
794 1582 896 1637 quid
924 1596 1051 1636 porro
1081 1583 1295 1624 inventio?
1327 1586 1520 1639 profecto

85 1640 144 1690 id,
178 1655 262 1696 quo
299 1655 375 1682 nec
404 1641 446 1681 in
481 1640 560 1681 deo
596 1640 825 1696 quidquam
863 1638 999 1695 majus
1034 1639 1215 1694 intelligi
1248 1648 1401 1694 potest.
1433 1657 1518 1683 non

86 1697 201 1738 enim·
234 1698 444 1739 ambrosia
479 1697 596 1747 deos,
633 1706 704 1738 aut
744 1704 926 1746 nectare,
959 1703 975 1731 7
994 1705 1068 1737 aut
1101 1696 1324 1737 Juventate
1362 1698 1518 1752 pocula

87 1762 103 1785 ⁸
127 1754 404 1806 ministrante,
425 1753 559 1795 laetari
580 1753 784 1794 arbitror:
816 1767 893 1794 nec
914 1753 1154 1792 Homerum
1175 1752 1315 1804 audio,
1336 1754 1408 1810 qui
1428 1754 1516 1795 Ga-

84 1810 310 1866 nymedem
341 1826 365 1852 a
394 1811 472 1851 diis
500 1819 664 1865 raptum
694 1810 753 1851 ait
781 1820 953 1864 propter
972 1808 1170 1860 formam,
1188 1817 1237 1851 ut
1256 1810 1352 1851 Jovi
1373 1810 1515 1852 bibere

82 1867 349 1908 ministraret.
379 1881 463 1908 non
478 1867 595 1922 justa
615 1881 754 1917 causa,
776 1879 850 1906 cur
870 1865 1152 1906 Laomedonti
1178 1874 1296 1907 tanta
1314 1866 1431 1908 fieret
1450 1868 1514 1908 in-

74 1924 203 1979 juria.
235 1924 421 1979 fingebat
451 1923 541 1964 haec
572 1925 804 1973 Homerus,
823 1933 866 1962 et
885 1922 1070 1963 humana
1091 1921 1143 1963 ad
1165 1922 1266 1963 deos
1288 1924 1514 1965 transfere-

80 1980 165 2021 bat.
188 1980 324 2021 divina
342 1979 513 2021 mallem
533 1979 586 2020 ad
607 1994 698 2020 nos.
729 1993 823 2034 quae
843 1989 984 2020 autem
1015 1979 1181 2020 divina?
1214 1980 1368 2036 vigere,
1389 1995 1510 2036 sape·
1522 1997 1553 2027 p.
1570 1994 1641 2020 162.

79 2052 138 2088 re,
159 2037 352 2089 invenire,
372 2036 626 2077 meminisse.
680 2037 828 2091 9Ergo
855 2035 1034 2086 animus,
1061 2035 1181 2090 [qui,]
1206 2044 1255 2077 ut
1284 2050 1367 2092 ego
1398 2037 1552 2088 dico‚²·

79 2093 241 2135 divinus
274 2104 351 2144 est,
382 2104 431 2134 ut
463 2092 684 2147 Euripides
716 2093 842 2133 audet
874 2091 1026 2143 dicere,
1047 2092 1177 2133 deus:
1209 2102 1252 2134 et
1281 2093 1454 2148 quidem
1477 2095 1512 2136 si

76 2150 193 2202 deus,
212 2160 285 2191 aut
302 2151 454 2201 anima,
476 2160 550 2191 aut
570 2149 679 2205 ignis
698 2158 776 2200 est,
797 2148 907 2189 idem
928 2158 991 2190 est
1010 2149 1175 2190 animus
1195 2149 1393 2191 hominis.
1415 2165 1510 2191 nam

117 2303 132 2326 5
150 2295 200 2337 qui
215 2295 327 2325 animus
342 2293 437 2335 vidit]
456 2296 574 2326 Durior
594 2296 708 2324 modus
725 2295 770 2324 lo·
814 2294 917 2331 leius3
942 2303 1007 2323 non
1030 2293 1214 2323 necessario.
1239 2294 1297 2323 tria
1319 2295 1420 2333 ponit,
1441 2297 1511 2334 qui-

73 2339 201 2377 quendi.
250 2338 408 2368 Bentleius
432 2340 567 2369 correxit
583 2338 693 2367 animo:
716 2339 770 2368 sed
815 2337 874 2367 bus
891 2336 1071 2366 laetarentur
1085 2337 1140 2373 dii,
1157 2336 1326 2373 ambrosia,
1339 2344 1469 2367 nectare
1480 2347 1511 2369 et

75 2381 104 2410 id
121 2381 215 2411 nimis
232 2382 375 2421 generale
392 2389 448 2412 est.
493 2381 575 2411 Mihi
593 2388 720 2410 venerat
737 2382 769 2410 in
812 2381 992 2410 Juventate.

76 2432 217 2454 mentem
242 2425 377 2464 primus:
401 2426 442 2454 ita
472 2425 533 2455 vidi
559 2424 716 2463 placuisse
739 2431 769 2453 et

74 2467 221 2497 B'uherio.
237 2477 296 2497 nec
311 2468 422 2497 dubito
439 2468 469 2498 id
484 2477 595 2497 verum
611 2476 688 2496 esse.

116 2514 133 2539 6
149 2516 183 2538 ut
196 2521 244 2549 ego
259 2518 310 2539 au!
329 2515 444 2549 po'e’tam
459 2509 534 2550 δῖα]
560 2509 692 2540 Clarum
708 2516 766 2546 est,

73 2553 246 2590 negationis
263 2553 450 2592 particulam
474 2554 506 2583 in
529 2554 590 2582 hac
612 2553 768 2583 sententia

70 2595 186 2625 deesse.
208 2605 279 2626 earn
296 2597 417 2634 putavit
432 2597 557 2626 reddere
570 2606 603 2626 se
620 2596 767 2625 Davisius

71 2647 126 2674 pro
141 2644 192 2666 aut
214 2640 308 2668 edens
324 2639 410 2668 haud.
457 2639 518 2670 Sed
533 2646 579 2668 est
594 2639 647 2668 hic
663 2638 766 2668 alieno

71 2679 152 2710 loco.
174 2681 207 2710 si'
223 2683 276 2711 hic
299 2683 501 2720 negationem
523 2683 634 2712 addere
648 2680 766 2711 voluis-

69 2730 116 2752 set
130 2723 257 2754 dixisset
279 2736 335 2753 nee
344 2728 552 2764 pob'tama—nec
565 2724 766 2764 eloquentiam.

72 2765 172 2803 Igitur
186 2777 241 2794 non
253 2766 314 2796 alio
330 2767 412 2804 Ιοεο,
434 2775 567 2798 utante
583 2773 694 2806 putem,
712 2776 767 2805 po-

73 2808 228 2838 nendum.

116 2856 130 2884 7
163 2857 216 2878 aut
237 2850 416 2892 Juvenrate]
448 2857 499 2881 aut
522 2851 644 2882 delebat
672 2852 767 2881 Bent-

127 2904 241 2933 1⁷01..
265 2905 332 2933 IV.
356 2906 395 2933 P.
418 2906 452 2933 1.

857 2430 873 2452 8
892 2418 1089 2460 ministrante]
1115 2420 1252 2451 Memini
1276 2430 1316 2450 ex
1333 2421 1367 2450 h.
1383 2421 1404 2451 l.
1423 2422 1510 2452 citari

812 2464 977 2495 administr.
1008 2471 1038 2493 et
1067 2464 1099 2493 id
1128 2464 1263 2494 verbum
1296 2465 1440 2503 inprimis
1470 2466 1510 2495 de

812 2508 970 2547 pincernis
993 2507 1108 2537 dicitur
1133 2516 1163 2536 v.
1191 2506 1280 2536 Clav.
1308 2508 1341 2537 in
1370 2508 1402 2537 h.
1426 2517 1457 2537 v.
1482 2509 1508 2538 si

809 2552 964 2591 scriptum
981 2550 1039 2580 fuit
1054 2549 1286 2578 amministrante
1301 2549 1400 2580 facilis
1425 2560 1507 2581 error

810 2594 879 2624 fuit.
903 2601 950 2623 est
975 2594 1008 2623 in
1032 2593 1101 2623 edd·
1131 2602 1176 2631 pr.
1200 2592 1280 2623 Ven.
1305 2592 1393 2622 Med.
1416 2593 1508 2624 Junt.

810 2638 868 2667 ἃς.

853 2687 871 2712 9
890 2679 969 2717 Ergo
991 2678 1117 2714 animus,
1140 2676 1353 2719 qui—divinus
1376 2676 1430 2716 ert]
1456 2678 1509 2720 qui

810 2722 892 2752 delet
917 2721 1126 2752 Valkenarius
1149 2722 1189 2751 ad
1213 2721 1324 2759 fragm.
1347 2720 1455 2760 Eurip.
1476 2731 1506 2759 p.

811 2771 884 2796 238.
907 2765 1001 2801 bene,
1025 2765 1147 2803 opinor.
1162 2764 1217 2795 sed
1233 2765 1283 2795 sic.
1296 2764 1365 2802 iam
1388 2763 1507 2802 placuit

811 2808 960 2839 Manutio
974 2815 1005 2837 et
1021 2806 1187 2837 Lambino.

838 2903 857 2931 S
