1778 3095
189 90 269 123 320
536 84 794 123 TUSCUL.
827 82 1279 122 QUAESTIONUM

190 206 257 242 ne,
278 191 395 233 omni
421 191 586 249 reliquo
614 203 752 257 motu,
771 203 814 234 et
845 202 973 245 statu,
993 202 1042 234 ut
1067 208 1140 234 eos
1166 193 1366 249 Argiv05‚
1388 199 1462 234 aut
1481 193 1633 251 Sicyo·

188 248 281 290 nios
303 248 490 291 diceres:
530 250 754 306 magisque
773 264 842 291 me
862 260 1080 291 moverant
1101 250 1298 292 Corinthi
1319 249 1460 290 subito
1475 250 1632 314 adspe-

187 314 269 347 ctae
290 306 521 360 parietinae,
544 321 672 362 quam
702 322 814 362 1psos
841 307 1113 348 Corinthios·
1143 321 1323 362 quorum
1357 306 1507 347 animis
1536 307 1631 349 diu-

125 373 176 406 !-54
189 371 312 403 turna
329 363 536 418 cogitatio
556 363 713 404 callum
735 363 950 404 vetustatis
972 364 1220 405 obduxerat.
1251 363 1456 427 Legimus
1476 363 1629 411 librum

188 418 462 469 Clitomachi,
499 434 627 475 quem
667 418 737 460 ille
771 434 911 460 eversa
945 420 1203 475 Karthagine
1235 420 1350 460 misit
1384 420 1631 462 consolandi

185 491 314 517 causa
334 475 388 516 ad
407 476 595 531 captivos
612 476 721 516 cives
740 490 852 516 suos.
885 476 925 516 in
945 491 996 516 eo
1016 485 1079 516 est
1100 477 1330 532 disputatio
1352 476 1507 532 scripta
1525 476 1631 518 Car-

186 532 359 573 neadis:
390 547 516 588 quam
549 547 594 572 se
619 532 678 572 ait
707 532 747 572 in
778 533 1131 573 commentarium
1161 534 1366 575 retulisse.
1400 542 1435 569 ‘³7
1453 548 1551 574 cum
1574 533 1633 574 ita

184 589 373 644 positum
406 597 531 637 esset,
564 588 694 628 videri
730 588 820 628 fore
855 588 896 628 in
930 588 1180 642 aegritudine
1216 590 1462 645 sapientem,
1498 590 1632 645 patria

184 655 335 710 capta:
368 661 462 700 quae
496 643 738 686 Carneades
769 651 916 685 contra
947 644 1110 695 dixerit,
1140 647 1294 701 scripta
1324 656 1436 688 sunt.
1495 648 1632 688 lanta

184 702 316 758 igitur
337 701 588 743 calamitatis
608 701 824 756 praesentis
845 700 1070 741 adhibetur
1087 716 1111 742 a
1128 702 1386 757 philosopho
1408 704 1631 768 medicina,

184 768 342 814 quanta
363 766 402 790 88
419 759 461 798 in
483 758 712 798 inveterata
732 772 782 797 ne
806 757 1066 798 desidelatur
1087 758 1271 822 quidem.
1303 773 1380 800 nec
1407 761 1439 801 si
1468 761 1632 816 aliquot

184 815 302 856 annis
335 824 433 870 post
467 814 578 855 idem
612 814 682 855 ille
713 814 820 855 liber
848 814 1020 869 captivis
1054 815 1206 856 missus
1236 825 1360 864 esset,
1389 817 1629 858 vulneribus

183 871 439 922 mederetur,
456 872 529 912 sed
549 871 831 912 cicatricibus.
864 871 1017 912 sensim
1041 871 1168 923 enim,
1189 880 1232 912 et
1244 871 1511 937 pedetentim
1533 888 1632 929 pro-

183 928 382 983 grediens
404 936 654 969 extenuatur
673 928 816 969 dolor:
839 943 922 968 non
944 943 1029 984 quo
1050 929 1140 983 ipsa
1160 943 1222 969 res
1244 929 1459 970 immutari
1480 930 1630 980 soleat,

183 995 258 1026 aut
277 985 440 1040 possit.
473 985 548 1026 sed
577 985 634 1035 id,
657 984 772 1040 quod
801 984 908 1025 ratio
940 985 1156 1036 debuerat,
1179 1001 1278 1027 usus
1303 985 1444 1038 docet,
1465 986 1631 1028 minora

183 1056 276 1082 esse
296 1056 360 1092 ea,
382 1057 476 1097 quae
499 1042 583 1082 sint
603 1041 688 1082 visa
708 1041 884 1098 majora.

100 1098 168 1145 23
241 1107 280 1133 89
297 1098 416 1141 Quid
445 1113 548 1154 ergo
580 1113 687 1153 opus
714 1108 792 1148 est,
814 1097 928 1139 dicet
946 1097 1111 1153 aliquis,
1133 1098 1339 1149 oratione,
1360 1109 1434 1140 aut
1454 1099 1629 1140 omnino

120 1174 169 1204 55
183 1155 473 1196 consolatione
497 1155 595 1205 ulla,
618 1164 701 1210 qua
730 1155 917 1195 solemus
937 1155 1014 1204 uti,
1036 1169 1134 1195 curn
1158 1155 1292 1195 levare
1312 1155 1503 1197 dolorem
1525 1171 1630 1197 mae-

182 1212 366 1253 rentium
389 1212 613 1253 volumus?
648 1211 729 1252 hoc
758 1211 871 1251 enim
902 1211 987 1251 fere
1018 1219 1110 1251 turn
1139 1211 1384 1252 habemus
1374 1228 1416 1252 m
1441 1222 1629 1267 promtu,

138 1284 171 1315 b.
182 1268 287 1309 nihil
309 1277 504 1324 oportere
525 1267 791 1332 inopinattun
813 1267 955 1308 videri.
1015 1276 1054 1301 90
1068 1268 1205 1323 Atqui
1233 1268 1494 1310 tolerabilius
1516 1269 1629 1310 feret

180 1324 519 1376 incommodum,
541 1324 614 1380 qui
644 1324 906 1389 cognoverit,
937 1338 1106 1365 necesse
1135 1339 1226 1365 esse
1253 1325 1415 1366 homini
1445 1325 1527 1366 tale
1553 1325 1629 1366 ali—

181 1381 285 1437 quid
305 1381 510 1423 accidere.
543 1382 635 1423 haec
656 1382 769 1422 enim
792 1382 928 1423 oratio
945 1381 1026 1422 de‘
1017 1396 1106 1437 ipsa
1126 1396 1294 1422 summa
1309 1382 1410 1423 mali
1429 1382 1533 1423 nihil
1554 1382 1629 1423 de-

180 1437 340 1480 trahit:
372 1447 408 1473 91
425 1438 725 1480 tantummodo
756 1438 891 1489 affert,
920 1438 1025 1479 nihil
1057 1438 1256 1490 evenisse,
1265 1439 1412 1503 quod
1423 1454 1507 1480 non
1534 1439 1628 1496 opi-

181 1494 370 1536 nandum
402 1495 564 1537 fuisset.
596 1510 732 1550 neque
762 1504 905 1536 tamen
933 1510 1070 1551 genus
1099 1495 1141 1536 id
1169 1495 1371 1536 orationis
1402 1496 1445 1536 in
1473 1510 1628 1537 conso-

180 1551 310 1594 lando
347 1567 430 1593 non
461 1552 595 1594 valet:
629 1561 668 1586 92
685 1551 759 1593 sed
790 1552 833 1593 id
863 1552 978 1593 haud
1008 1567 1137 1593 selam
1167 1567 1220 1592 an
1244 1552 1489 1607 plurimum.
1521 1567 1627 1608 ergo

178 1609 261 1650 ista
280 1624 379 1650 nec·
362 1609 554 1674 -opinata
585 1624 670 1650 non
701 1609 860 1650 habent
888 1617 1049 1649 tantam
1071 1609 1168 1673 vim,
1191 1617 1238 1649 ut
1259 1608 1468 1664 aegritudo
1490 1623 1540 1649 ex
1561 1609 1626 1650 his

179 1666 318 1707 omnis
339 1666 512 1707 oriatur.
543 1666 699 1707 feriunt
718 1666 831 1707 enim
854 1666 1032 1707 fortasse
1053 1666 1251 1721 gravius:
1274 1673 1311 1699 93
1328 1680 1411 1706 non
1433 1665 1473 1707 id
1495 1665 1625 1706 effici-

179 1732 274 1775 unt,
303 1731 352 1764 ut
385 1737 449 1774 ea,
483 1738 578 1788 quae
613 1722 819 1774 accidant,
853 1723 1014 1778 majora
1048 1722 1281 1773 videantur,
1313 1722 1413 1778 quia
1443 1722 1627 1763 recentia

117 1788 170 1826 56
180 1789 294 1830 sunt,
315 1794 400 1821 non
427 1780 526 1836 quia
553 1780 784 1836 repentina.
842 1779 1013 1835 Duplex
1034 1787 1098 1819 est
1118 1778 1250 1833 igitur
1270 1779 1378 1820 ratio
1399 1779 1484 1820 veri
1503 1793 1626 1834 repe-

179 1836 330 1888 riendi,
364 1850 450 1878 non
485 1837 527 1878 in
554 1853 604 1878 ns
636 1837 788 1888 solum,
812 1852 906 1901 quae
936 1836 1062 1886 mala,
1092 1835 1206 1876 sed
1197 1851 1239 1875 m
1269 1835 1318 1876 iis
1351 1836 1494 1887 etiam,
1529 1851 1626 1892 quae

178 1893 292 1934 bona
313 1893 516 1935 videntur.
548 1909 646 1935 nam
668 1903 707 1928 9⁴
722 1903 795 1935 aut
818 1894 947 1949 ipsius
972 1893 1032 1933 rei
1061 1901 1224 1943 natura,
1247 1892 1382 1948 qualis
1403 1902 1447 1933 et
1468 1901 1628 1948 quanta

179 1950 248 2001 sit,
284 1951 528 2006 quaerimus,
557 1960 607 1992 ut
638 1950 690 1991 de
719 1959 965 2006 paupertate
997 1964 1332 2005 nonnumquam,
1364 1949 1485 2005 cujus
1517 1963 1626 1990 onus

179 1981 436 2063 dis'putando
466 2008 667 2059 levamus,
690 2007 905 2058 docentes,
934 2021 1061 2063 quam
1092 2021 1232 2062 parva,
1259 2016 1302 2047 et
1332 2021 1458 2063 quam
1491 2020 1626 2062 pauca

224 2138 261 2168 87
286 2144 350 2162 cum
366 2133 410 2162 ita
420 2133 547 2172 positum
563 2132 647 2173 esset]
663 2134 715 2164 Sc.
731 2143 808 2164 cum
824 2134 881 2164 ali·
971 2141 1007 2166 91
1035 2132 1226 2162 tantummodo
1246 2131 1346 2172 affirt]
1365 2132 1442 2162 Non
1461 2133 1536 2162 satis
1559 2132 1626 2172 pla-

178 2177 250 2216 quis
266 2177 328 2206 hoc
350 2177 536 2207 affirmasset
551 2184 582 2206 et
597 2178 636 2208 ad
651 2179 881 2217 disputandum

179 2219 370 2260 protulisset.

223 2270 262 2293 88
286 2261 478 2302 inveteratae]
496 2263 645 2293 Davisius
666 2263 761 2293 edidit
784 2263 813 2291 in
836 2262 880 2291 in-

178 2312 328 2342 veterata,
345 2306 432 2345 quod
454 2316 520 2336 non
543 2306 687 2346 displicet
709 2314 739 2336 et
761 2307 881 2336 habent

178 2350 248 2379 edd.
271 2356 346 2379 vett.
371 2356 408 2379 ut
429 2349 518 2380 Junt.
538 2350 610 2380 Ald.
631 2350 709 2379 item
734 2350 797 2380 Ms.
816 2349 880 2380 Gu.

179 2391 346 2421 inveterata
361 2392 508 2432 absorpto
531 2393 561 2421 in
582 2402 599 2422 a
619 2393 704 2422 verbi
721 2394 881 2432 sequentis

178 2434 302 2474 syllaba
315 2436 429 2475 prima.
468 2436 532 2466 Ms.
549 2435 642 2465 Paris.
667 2435 760 2475 plane
783 2436 813 2464 in
837 2436 881 2464 in-

178 2484 326 2507 veterata.
351 2479 456 2517 itaque
470 2479 570 2517 recepi
588 2485 617 2508 et
633 2480 709 2517 ipse.

225 2527 265 2553 89
290 2520 372 2550 Quid
389 2527 454 2560 opus
478 2520 704 2561 est—oratione]
725 2522 776 2551 Sic
800 2521 882 2551 bene

178 2564 276 2593 edidit
291 2565 440 2595 Davisius
456 2574 511 2603 pro
526 2564 654 2603 vulgato
670 2564 791 2600 ratione,
806 2565 881 2603 quia

137 2617 144 2619 ·
178 2613 210 2637 et
233 2607 408 2638 consolatio
431 2609 583 2646 sequitur.
624 2617 702 2637 mox
726 2607 775 2636 hoc
801 2617 879 2637 cum

178 2650 292 2682 eodem
308 2651 378 2682 dedi
393 2660 449 2690 pro
461 2651 533 2688 haec,
546 2651 631 2690 quod
644 2658 674 2681 et
690 2651 722 2680 in
741 2651 803 2680 Ms.
815 2650 878 2680 Gu.

178 2700 237 2724 est.

223 2744 264 2769 90
280 2735 390 2778 Atqui]
406 2736 478 2767 Hoc
490 2736 634 2766 alienum
651 2743 707 2766 est.
731 2737 880 2767 Davisius

179 2780 276 2809 edidit
291 2781 355 2809 Aut
375 2780 426 2821 qui
447 2789 524 2809 cum
547 2780 709 2816 Manuflo,
726 2781 772 2811 sic
789 2787 834 2811 est
850 2787 880 2810 et

180 2823 212 2852 iu
231 2822 339 2853 Guelf.
355 2832 414 2863 ego
430 2823 543 2854 malim
558 2823 608 2854 An
624 2823 700 2864 quis.

926 2183 976 2206 cet
992 2177 1090 2217 (ψη.
1114 2185 1190 2205 nam
1207 2176 1237 2205 id
1254 2182 1300 2204 est
1314 2176 1400 2205 dicit.

971 2227 1009 2252 92
1026 2220 1075 2248 sed
1088 2219 1121 2247 id
1134 2218 1213 2247 haud
1224 2217 1327 2256 sciam]
1343 2218 1393 2247 sed
1404 2217 1437 2246 id
1450 2227 1515 2247 non
1532 2218 1626 2250 bene.

923 2270 1000 2303 puto
1016 2262 1188 2302 legendum
1206 2262 1301 2292 modo
1317 2268 1345 2289 et
1359 2260 1440 2290 haud
1451 2261 1552 2291 sciam.

968 2313 1006 2339 93
1024 2317 1076 2335 non
1093 2305 1126 2334 id
1138 2303 1278 2344 efficiunt]
1296 2315 1364 2332 nam
1380 2304 1413 2333 id
1425 2304 1474 2343 ff
1491 2305 1627 2335 correxit

925 2349 1100 2385 Bentleius,
1123 2349 1301 2387 recepitque
1328 2348 1486 2377 Davisius.
1516 2349 1570 2377 sed
1594 2347 1625 2378 id

922 2393 1087 2423 sententiae
1103 2392 1283 2430 refragatur.
1308 2390 1424 2420 melius
1446 2391 1625 2421 Lambinus

923 2436 977 2474 qui
996 2436 1103 2465 locum
1121 2441 1225 2464 toturn
1245 2435 1291 2464 sic
1313 2434 1498 2463 constituit:
1523 2445 1577 2462 non
1592 2433 1627 2462 id

924 2477 1061 2517 afficiunt,
1074 2484 1107 2506 ut
1123 2489 1168 2513 ea,
1182 2488 1248 2518 quae
1264 2476 1410 2512 accidant,
1428 2476 1538 2515 mqjora
1553 2477 1623 2507 sin!-

928 2521 1079 2557 Wdentur,
1096 2521 1166 2561 quia
1185 2521 1310 2549 recentia
1331 2526 1407 2555 sunt,
1425 2531 1478 2548 non
1492 2520 1561 2561 quia
1579 2530 1625 2548 re-

918 2563 1051 2603 pentina.
1082 2563 1188 2593 Placet
1200 2563 1295 2593 etiam
1313 2564 1382 2593 haec
1398 2562 1548 2593 eorrectio
1561 2563 1626 2592 Bu-

925 2607 1024 2641 herio,
1041 2607 1094 2636 sed
1111 2615 1146 2636 ut
1167 2606 1338 2645 paululum
1356 2614 1459 2636 mutet
1474 2607 1625 2655 posterio-

925 2660 969 2687 ra,
988 2650 1096 2689 majora
1112 2650 1279 2679 iideantur.
1304 2649 1373 2690 quia
1398 2649 1521 2678 recentia
1544 2655 1622 2686 sunt,

924 2693 1034 2733 majora
1050 2692 1201 2726 videntur,
1219 2704 1271 2721 non
1286 2704 1356 2734 qum
1375 2693 1535 2731 inopmata.

968 2744 1007 2769 94
1038 2742 1090 2764 aa!
1119 2736 1206 2773 ipsius
1238 2747 1263 2764 r
1261 2735 1279 2764 ι’
1307 2743 1394 2764 natur
1395 2735 1427 2774 1]
1460 2736 1511 2765 Sic
1543 2735 1623 2766 MSS.

924 2779 1009 2809 Leid.
1037 2779 1146 2809 Guelf.
1172 2778 1299 2809 sublato
1324 2779 1371 2816 de,
1397 2779 1484 2818 quod
1512 2785 1559 2809 est
1589 2779 1621 2808 iu

923 2823 994 2853 edd.
1011 2822 1043 2852 de
1060 2822 1149 2862 ipsius
1165 2822 1206 2852 rei
1221 2829 1340 2852 natura.
