1778 3095
222 116 299 149 243
577 115 837 155 TUSCUL.
868 116 1308 155 QUAESTIONUM

221 219 297 274 phi
317 221 330 260 ?
363 235 500 264 nonne
518 223 559 265 in
580 224 644 266 his
662 226 760 280 ipsis
780 226 910 277 libris,
931 241 1037 282 quos
1065 226 1252 267 scribunt
1271 225 1324 266 de
1343 224 1651 266 contemnenda

159 285 208 316 35
222 275 373 331 gloria,
396 294 471 320 sua
490 282 661 322 nomina
677 283 940 324 inscribunt?
974 284 1103 339 Quod
1132 283 1166 323 si
1196 282 1385 323 omnium
1407 295 1648 333 consensus,

180 332 381 376 b·naturae
415 350 493 377 vox
527 346 617 378 est:
663 354 908 395 omnesque,
942 340 1013 395 qui
1046 340 1202 394 ubique
1237 347 1347 389 sunt,
1383 337 1652 379 consentiunt

221 403 311 431 esse
343 392 513 447 aliquid,
546 395 662 449 quod
695 395 749 435 ad
785 411 858 436 eos
892 396 1111 451 pertineat,
1147 402 1186 428 60
1200 396 1271 451 qui
1304 396 1387 436 vita
1420 394 1649 435 cesserint:

221 447 342 488 nobis
376 463 547 505 quoque
581 451 692 491 idem
733 452 1053 493 existimandum
1089 464 1165 493 est.
1202 461 1245 493 et
1279 453 1327 502 si,
1361 465 1542 506 quorum
1577 458 1650 491 aut

220 503 406 558 ingenio,
446 515 519 547 aut
546 507 696 548 virtute
729 509 893 549 animus
926 508 1106 559 excellit,
1136 523 1208 549 eos
1246 509 1511 556 arbitramur,
1553 506 1651 562 quia

222 568 370 601 natura
391 563 552 617 optima
573 573 682 614 sunt,
703 579 868 605 cernere
889 574 1048 605 naturae
1077 565 1159 605 vim
1187 565 1368 605 maxime
1387 581 1395 605 :
1427 563 1650 620 verisimile

220 624 298 667 est,
329 632 425 658 cum
463 620 648 673 optimus
682 621 859 676 quisque
890 621 1071 662 maxime
1101 622 1337 677 posteritati
1367 620 1529 670 serviat,
1560 633 1651 660 esse

222 672 396 728 aliquid,
418 675 539 716 cu'us
561 676 594 716 is
615 685 712 731 post
732 686 913 718 mortem
936 693 1105 718 sensum
1127 678 1179 718 sit
1201 678 1432 718 habiturus.

142 717 209 771 16
279 730 360 771 Sed
382 740 428 771 ut
447 747 461 771 c
476 747 546 772 eos
566 747 655 773 esse
684 743 832 775 natura
861 734 1095 789 opinamur,
1127 734 1354 790 qualesque
1375 735 1470 784 sint,
1490 733 1650 774 ratione

157 788 549 842 36cognoscimus;
594 789 651 829 sic
684 804 927 845 permanere
964 791 1126 832 animos
1159 792 1409 832 arbitramur
1444 804 1650 831 consensu

221 844 438 884 nationum
475 845 693 887 omnium:
726 862 807 902 qua
841 847 882 888 in
916 847 1012 888 sede
1045 858 1257 897 maneant,
1289 847 1516 903 qualesque
1553 846 1651 896 sint,

218 900 379 941 ratione
401 900 646 943 discendum
678 913 754 944 est.
786 903 906 960 cujus
934 905 1144 960 ignoratio
1176 904 1291 945 finxit
1311 904 1478 953 inferos,
1498 917 1651 957 easque

218 956 479 1007 formidines,
499 973 602 1014 quas
623 968 671 1001 tu
691 970 958 1002 contemnere
988 976 1069 1002 non
1102 961 1189 1002 sine
1218 975 1345 1001 causa
1373 959 1579 1000 videbare.
1608 958 1651 999 in

217 1021 370 1054 terram
401 1015 511 1055 enim
547 1015 793 1059 cadentibus
822 1018 1082 1073 corporibus,
1115 1017 1264 1072 hisque
1294 1017 1425 1058 humo
1456 1015 1591 1064 tectis,
1627 1028 1652 1055 e

218 1084 303 1125 quo
323 1070 483 1112 dictum
506 1080 570 1113 est
589 1072 769 1124 humari,
802 1073 879 1114 sub
909 1081 1018 1115 terra
1044 1074 1272 1114 censebant
1300 1073 1503 1128 reliquam
1523 1071 1648 1112 vitam

218 1127 287 1181 agi
308 1138 587 1170 mortuorum.
610 1144 733 1185 quam
757 1145 904 1171 eorum
930 1130 1169 1185 opinionem
1200 1130 1345 1184 magni
1373 1142 1531 1170 errores
1548 1142 1650 1168 con-

155 1183 204 1224 37
221 1184 351 1224 secuti
391 1193 514 1226 sunt:
559 1200 665 1241 quos
698 1195 902 1227 auxerunt
935 1192 1087 1241 poetae.
1148 1187 1360 1241 Frequens
1398 1184 1510 1224 enim
1548 1198 1650 1225 con-

219 1254 356 1281 sessus
388 1241 556 1292 theatri,
592 1242 633 1282 in
670 1257 754 1297 quo
787 1251 884 1282 sunt
914 1242 1188 1291 mulierculae,
1219 1250 1261 1282 et
1297 1241 1429 1297 pueri,
1460 1248 1652 1281 movetur

216 1296 388 1338 audiens
408 1306 493 1339 tam
514 1298 674 1353 grande
691 1313 858 1339 carmen
880 1315 890 1340 ε

321 1387 466 1431 Adsum,
486 1395 588 1438 atque
606 1388 749 1424 adwnio
767 1387 963 1433 Acheronte,
983 1389 1062 1433 vix,
1081 1389 1144 1424 via
1163 1388 1249 1430 alta,
1268 1393 1367 1438 atque
1385 1385 1512 1431 ardua,

322 1441 390 1477 Per
406 1441 578 1491 speluncas
597 1442 691 1478 saxis
710 1452 858 1479 structas
874 1442 1012 1492 asperis,
1028 1441 1259 1492 pendentibus,

321 1495 489 1531 Maximis
505 1511 517 1531 .·
548 1495 606 1532 ubi
625 1501 661 1526 61
677 1495 790 1545 rigida
810 1505 941 1533 constat
958 1509 1072 1532 crassa
1091 1495 1198 1544 caligo
1217 1495 1250 1530 in
1269 1493 1373 1531 erzZm.

214 1576 464 1624 tantumque
499 1569 629 1610 valuit
663 1584 790 1620 error,
828 1569 949 1624 62qui
982 1568 1087 1610 mihi
1121 1568 1293 1624 quidem
1326 1568 1415 1623 jam
1460 1567 1650 1610 sublatus

212 1624 390 1676 videtur,
429 1634 490 1675 ut,
524 1640 704 1681 corpora
744 1634 930 1666 cremata
967 1640 1066 1666 cum
1107 1625 1274 1675 scirent,
1303 1633 1446 1665 tamen
1479 1639 1528 1665 ea
1563 1626 1651 1667 fieri

212 1681 327 1736 apud
366 1681 521 1723 inferos
568 1682 788 1737 fingerent,
836 1697 930 1738 quae
977 1681 1063 1723 sine
1111 1681 1358 1736 corporibus
1395 1687 1522 1722 68nec
1564 1682 1650 1722 fieri

213 1746 400 1793 possent,
420 1753 497 1780 nec
518 1738 711 1794 intelligi.
733 1738 899 1779 animos
915 1739 1026 1779 enim
1054 1752 1129 1793 per
1155 1753 1199 1778 se
1231 1737 1343 1792 ipsos
1363 1738 1544 1779 viventes
1566 1753 1649 1779 non

212 1803 407 1849 poterant
445 1804 587 1836 mente
624 1795 880 1851 complecti:
931 1796 1110 1835 formam
1158 1794 1343 1848 aliquam
1385 1794 1650 1849 figuramque

213 1851 470 1906 quaerebant.
498 1852 594 1892 inde
625 1853 806 1893 Homeri
834 1860 923 1893 tota
952 1850 1098 1892 νεκυίας
1131 1857 1170 1882 64
1183 1850 1280 1891 inde
1309 1865 1371 1900 ea,
1402 1865 1498 1906 quae
1526 1865 1648 1892 meus

212 1907 372 1948 amicus
393 1908 559 1964 Appius
590 1911 843 1964 νεκρομαντεῖα
871 1907 1078 1950 faciebat:
1127 1906 1225 1948 inde
1254 1907 1297 1948 in
1327 1907 1477 1948 vicinia
1505 1916 1649 1949 nostra

211 1963 368 2005 Averni
388 1964 518 2016 lacus,

82 2071 110 2101 p.
131 2065 203 2093 156.
326 2055 419 2092 Unde⁷
438 2057 562 2093 animae
579 2057 769 2093 excitantur
787 2056 927 2092 obscura
944 2055 1077 2099 umbra,
1098 2060 1136 2085 65
1150 2064 1261 2105 aperto
1277 2055 1358 2091 ostio

171 2113 200 2134 ²·
321 2110 397 2146 Alli
416 2110 622 2153 Acherontis,
630 2111 731 2158 falso
749 2111 926 2159 sanguine,
943 2109 1105 2158 imagines
1124 2118 1338 2145 mortuorum.

210 2183 285 2224 has
305 2191 446 2224 tamen
467 2184 672 2239 imagines
692 2184 808 2239 loqui
829 2184 975 2224 volunt
994 2200 1002 2223 :
1035 2181 1151 2238 quod
1171 2182 1257 2222 fieri
1278 2196 1355 2222 nec
1376 2182 1464 2223 sine
1485 2181 1646 2238 lingua,

211 2254 289 2281 nec
320 2241 409 2281 sine
439 2241 596 2296 palato,
628 2256 703 2282 nec
739 2241 826 2281 sine
858 2239 1043 2282 faucium
1075 2239 1306 2280 laterumve
1332 2248 1375 2280 et
1394 2239 1646 2294 pulmonum

254 2383 294 2408 60
317 2377 368 2421 qui
389 2377 457 2406 vira
481 2374 628 2415 cesserint]
656 2376 814 2406 Quaedam
838 2376 906 2405 edd.
995 2380 1033 2405 63
1058 2374 1188 2414 nccfieri
1205 2371 1331 2414 possent]
1345 2374 1412 2405 Ser.
1430 2375 1507 2405 forte
1520 2381 1645 2414 possunt.

210 2432 224 2449 e
239 2421 318 2449 vita.
335 2421 388 2450 sed
413 2422 482 2451 haec
506 2420 627 2459 phrasis
650 2420 765 2449 dicitur
788 2419 907 2458 proprie
996 2423 1035 2448 64
1060 2417 1122 2446 inde
1140 2429 1185 2452 ea,
1214 2427 1301 2458 quam
1323 2429 1361 2448 m.
1387 2430 1415 2447 a.
1432 2419 1474 2448 A.
1499 2429 1647 2459 νεκρομαν-

208 2465 246 2494 de
278 2463 326 2499 iis,
357 2463 411 2501 qui
443 2473 474 2492 se
506 2464 561 2503 ipsi
593 2463 785 2492 interfecere.
816 2462 909 2500 igitur
953 2461 1017 2488 ensa
1036 2459 1086 2499 f.]
1121 2460 1199 2490 Edd.
1230 2466 1306 2489 vett.
1337 2471 1403 2501 quae
1434 2461 1645 2501 νεκςομανιτεῖα.

209 2505 322 2536 malim
353 2505 533 2542 excesserint,
562 2511 597 2535 ut
622 2505 718 2534 edidit
743 2505 904 2539 Davisius,
949 2509 1030 2532 recte
1046 2503 1141 2532 edidit
1165 2503 1312 2532 Davisius
1334 2513 1388 2542 pro
1411 2503 1540 2542 vulgato
1557 2514 1648 2543 ungo-

209 2550 262 2579 sed
280 2548 375 2578 nullis
392 2549 478 2578 libris
495 2547 687 2578 auctoribus.
947 2544 1070 2582 μαντία.
1115 2546 1237 2584 Appius
1267 2546 1414 2576 utebatur
1443 2546 1646 2577 divinationi·

253 2597 289 2621 61
316 2591 412 2630 rigida
435 2597 544 2619 constat
567 2601 661 2619 crassa
684 2601 708 2619 c.
733 2587 768 2626 i.]
798 2594 906 2617 constat
949 2589 1008 2618 bus
1025 2598 1042 2617 e
1059 2588 1203 2618 mortuis.

207 2634 275 2665 sine
290 2635 388 2664 dubio
403 2634 553 2664 vitiosum
570 2640 625 2663 est.
643 2632 779 2662 tenebrae
794 2632 903 2661 dicun·
993 2636 1031 2661 65
1057 2637 1154 2670 aperto
1168 2628 1249 2667 ostio]
1266 2630 1367 2668 Friget
1384 2630 1545 2668 epitheton
1561 2636 1646 2668 aper-

206 2685 258 2707 tur
272 2684 348 2707 stare
364 2687 428 2707 non
445 2683 581 2706 constare.
603 2678 706 2714 itaque
730 2686 777 2704 con
795 2674 902 2704 delen·
946 2682 983 2704 to.
1029 2673 1131 2713 placet
1145 2673 1295 2702 correctio
1312 2674 1360 2702 ed.
1377 2673 1457 2702 Dav.
1474 2679 1591 2712 opertae,
1609 2680 1646 2703 ut

207 2721 298 2750 dum.
945 2718 983 2746 ad
1006 2716 1106 2745 umbra
1130 2717 1288 2745 referatur.
1313 2722 1382 2754 post
1404 2716 1474 2745 dedi
1487 2715 1573 2756 falso
1588 2726 1645 2755 pro

251 2769 289 2793 62
315 2762 468 2805 qui—jam
490 2760 618 2790 sublatus
638 2757 771 2798 videtur]
794 2760 901 2790 Immo
944 2758 1016 2788 setlso
1028 2769 1068 2788 ex
1086 2759 1148 2789 Ms.
1171 2758 1278 2794 Guelf.
1300 2759 1369 2788 edd.
1388 2765 1462 2789 vett.
1479 2768 1553 2798 quae
1567 2769 1644 2790 con-

207 2806 375 2843 videbatur,
405 2806 490 2846 quod
522 2805 678 2834 consentit
714 2803 828 2834 melius
861 2803 901 2841 τῷ
945 2803 1087 2833 sentiunt
1103 2802 1135 2832 in
1152 2802 1212 2831 bac
1228 2801 1374 2832 lectione.

206 2849 317 2879 valuit.
