1778 3095
252 124 331 163 236
582 122 844 162 TUSCUL.
873 121 1319 162 QUAESTIONUM

303 233 427 277 miseri,
456 233 546 285 quod
573 234 623 271 nil
649 234 806 280 sentiant,
837 247 940 285 neque
967 233 1047 271 adeo
1076 247 1161 270 mors
1189 233 1326 270 malum.
1351 246 1381 270 c.
1407 237 1489 292 5-7.
1543 233 1675 273 Deinde

304 299 368 322 non
399 300 465 323 esse
491 288 616 324 malum
646 296 778 325 mortem
807 288 973 325 morituris
1004 301 1033 324 c.
1062 293 1099 324 8
1127 286 1347 323 demonstrare
1373 286 1520 346 suscipit.
1573 289 1673 325 Mors

304 339 388 389 quid
403 341 460 383 sit,
479 355 541 376 non
559 349 707 378 constare
722 342 806 378 inter
821 340 1033 391 philosophos,
1060 340 1118 390 qui
1143 339 1184 376 de
1209 350 1335 376 natura
1361 339 1467 376 animi
1481 339 1585 376 valde
1603 341 1672 378 dis-

304 394 479 430 sentiant.-
508 407 534 430 c.
557 401 594 440 9.
618 400 677 431 10.
694 407 762 445 qua
789 408 851 431 non
876 394 1020 443 cognita,
1049 406 1087 429 ne
1114 407 1196 430 mors
1223 393 1352 453 quidem
1379 393 1487 444 qualis
1507 393 1565 437 sit,
1579 404 1673 443 posse

301 445 457 495 intelligi.
519 447 586 496 Qui
603 448 750 484 animum
767 461 841 483 cum
860 460 986 496 corpore
1007 446 1226 493 confundant,
1253 447 1420 483 interitum
1440 447 1539 482 etiam
1558 447 1673 483 mentis

301 508 335 535 et
351 500 490 549 corporis
511 500 714 550 conjungere,
743 500 880 550 reliquos
905 511 994 549 spem
1021 500 1280 536 immortalitatis
1308 499 1441 548 affirre.
1497 499 1677 550 ‚Quicquid

301 551 359 594 sit,
379 559 512 589 mortem
531 567 593 590 non
610 566 675 589 esse
689 554 824 590 malum.
853 553 944 589 Nam
964 553 992 588 si
1005 554 1145 588 intereat
1163 554 1308 596 animus,
1329 567 1391 589 non
1411 566 1478 589 esse
1496 553 1648 588 miserum
1656 568 1670 589 .-

301 604 355 641 sin
380 616 539 656 superstes
566 606 611 642 sit
636 606 775 656 corporis
804 605 923 648 ruinis,
958 604 1089 641 beatum
1119 618 1197 641 esse.
1218 619 1245 641 c.
1273 613 1329 642 11.
1385 605 1672 642 Immortalitatem

300 666 412 694 autem
430 660 534 696 animi
552 658 741 705 confirmari
767 659 965 695 auctoritate
991 657 1200 707 antiquitatis
1225 660 1340 702 omnis,
1361 673 1388 696 c.
1412 666 1470 696 12.
1497 665 1553 696 13.
1575 672 1672 703 cura,

300 723 404 760 quam
427 713 562 762 quisque
590 725 697 748 rerum
722 719 795 760 post
823 717 954 747 mortem
970 710 1177 758 futurarum
1200 720 1314 759 gerat,
1342 725 1370 747 c.
1392 717 1449 749 14.
1471 725 1497 748 s.
1518 725 1672 748 consensu

300 765 472 801 nationum
490 765 644 807 omnium,
664 777 692 801 e.
715 764 774 801 16.
794 771 920 800 natura
947 764 1128 800 animorum
1155 763 1214 799 vel
1237 765 1388 807 animali,
1406 763 1438 801 h.
1459 777 1486 801 e.
1506 764 1671 814 spirabili‚

299 817 360 853 vel
384 817 496 866 ignea,
528 830 610 867 qua,
641 830 714 853 cum
743 827 869 867 corpore
899 816 1103 857 excesserint,
1120 826 1251 875 propter
1270 817 1492 876 agilitatem
1480 831 1514 853 m
1532 817 1672 855 sublime

287 869 469 929 ferantur·
486 884 515 906 c.
540 875 599 916 17.
618 868 745 907 divinis
763 870 899 923 denique
917 869 1024 912 rebus,
1043 883 1121 920 quae
1137 870 1247 906 animo
1264 869 1375 911 insint,
1395 884 1473 920 quae
1487 883 1542 906 nec
1559 884 1582 908 a
1599 884 1671 907 cor-

295 932 374 973 pore
391 923 482 967 oriri,
500 936 557 960 nec
575 924 609 960 in
629 932 718 960 terra
737 933 830 960 natae
842 936 909 960 esse
922 923 1062 974 possint.
1081 936 1109 959 c
1130 928 1197 960 24-
1185 929 1264 968 -.27
1311 923 1419 970 Quod
1436 931 1544 959 autem
1565 924 1671 973 primo

292 985 465 1026 propterea
483 975 618 1027 quidam
632 976 778 1013 animum
798 991 821 1014 a
840 987 966 1027 corpore
993 975 1169 1012 discretum
1196 986 1325 1026 negent,
1345 975 1442 1027 quod,
1462 975 1520 1012 ubi
1532 976 1589 1020 sit,
1607 985 1670 1013 aut

297 1029 384 1087 qual
382 1030 410 1065 is
437 1030 495 1074 sit,
524 1043 587 1066 non
612 1030 816 1080 intelligant,
846 1029 884 1066 id
906 1042 972 1066 esse
999 1029 1095 1074 leve·
1125 1028 1214 1080 quod
1237 1043 1293 1066 nec
1310 1029 1421 1066 oculus
1439 1042 1473 1066 se
1489 1029 1619 1072 videat,
1638 1038 1671 1067 et

297 1095 444 1142 animus,
464 1096 667 1134 quamquam
687 1097 750 1119 non
768 1096 866 1120 suam
880 1083 1051 1131 firmam,
1080 1089 1188 1119 tamen
1217 1084 1449 1132 sagacitatem,
1469 1083 1670 1127 memoriam,

297 1134 465 1184 ingenium
484 1135 614 1173 videat.
634 1149 663 1173 c.
685 1142 748 1173 28.
773 1143 836 1182 29.
892 1135 1033 1178 Deinde,
1060 1135 1149 1195 quod
1173 1145 1290 1184 negent
1316 1136 1462 1172 animum
1490 1145 1670 1172 vacantem

296 1199 425 1238 corpore
450 1202 517 1226 esse
537 1200 642 1239 posse,
661 1188 750 1239 quod
769 1188 877 1238 qualis
904 1187 1060 1247 ejusmodi
1090 1189 1222 1224 animus
1253 1190 1309 1232 sit,
1336 1198 1367 1225 et
1393 1188 1548 1247 quomodo
1565 1189 1670 1238 possit

295 1254 424 1279 vacare
436 1255 577 1292 corpore,
597 1255 660 1278 non
678 1241 890 1290 intelligant;
920 1254 959 1278 ne
977 1242 1011 1277 in
1027 1251 1155 1291 corpore
1179 1241 1307 1291 quidem
1326 1241 1435 1292 qualis
1455 1242 1499 1277 sit
1515 1241 1670 1291 intelligi,

294 1292 526 1345 difficiliusque
542 1308 622 1338 esse,
640 1293 913 1345 comprehendere,
937 1293 1092 1344 quomodo
1118 1294 1153 1330 in
1182 1294 1286 1331 alieno
1313 1301 1343 1330 et
1370 1292 1518 1331 diversae
1534 1303 1671 1332 naturae

293 1357 421 1397 corpore
437 1361 516 1391 esse,
534 1360 637 1398 quam
652 1347 806 1398 quomodo
828 1359 954 1384 vacare
974 1358 1102 1397 corpore
1115 1348 1229 1397 possit.
1249 1361 1277 1383 c.
1298 1353 1362 1384 22.
1419 1347 1541 1386 Stoicos
1557 1356 1670 1384 autem

292 1411 360 1436 esse
368 1400 602 1451 perabsurdos‚
620 1401 678 1451 qui
690 1401 814 1437 animos
832 1413 961 1437 manere
976 1399 1103 1442 dicant,
1122 1413 1194 1436 cum
1214 1413 1230 1437 e
1247 1411 1374 1451 corpore
1387 1401 1593 1446 excesserint,
1612 1400 1673 1438 sed

292 1467 356 1490 non
374 1464 521 1504 semper3
552 1453 640 1505 quod
656 1452 734 1490 dent
750 1454 799 1498 id,
820 1453 910 1504 quod
924 1452 1155 1502 difficillimum
1173 1454 1207 1490 in
1218 1467 1321 1491 causa
1336 1454 1393 1498 sit,
1407 1465 1503 1504 posse
1520 1455 1669 1491 animum

291 1519 425 1544 manere
441 1518 567 1558 corpore
583 1516 776 1551 vacantem,
795 1506 885 1557 quod
889 1506 996 1552 facile
1019 1507 1074 1550 sit,
1099 1507 1231 1551 tollant,
1249 1517 1373 1566 semper
1390 1520 1532 1544 manere.
1551 1521 1581 1545 c.
1600 1513 1666 1546 32.

292 1560 348 1599 N
332 1572 411 1610 eque
431 1560 584 1598 Panaetii
610 1559 768 1596 rationem
797 1559 958 1609 duplicem
986 1560 1117 1603 valere,
1148 1560 1205 1610 qui
1235 1561 1359 1596 animos
1388 1560 1541 1597 mortales
1567 1560 1666 1605 velit,

282 1614 408 1663 primo,
433 1613 531 1672 *quod
559 1612 717 1663 quicquid
743 1622 918 1657 nascatur,
950 1612 1114 1656 intereat5
1144 1612 1270 1656 deinde,
1301 1612 1392 1664 quod
1419 1614 1552 1650 animus
1578 1624 1666 1665 saepe

289 1679 382 1726 aeger
410 1667 483 1703 sit.-
512 1666 600 1717 quod
627 1673 737 1703 autem
763 1680 833 1715 aegr
842 1679 896 1702 um
922 1678 1002 1710 esse,
1031 1675 1063 1702 et
1094 1666 1129 1701 in
1160 1665 1309 1703 morbum
1339 1665 1456 1703 cadere
1480 1667 1600 1717 possit,
1629 1667 1669 1703 id

288 1720 389 1756 etiam
407 1719 541 1756 interire
552 1720 669 1779 possit.
725 1719 820 1756 Nam
846 1732 918 1755 cum
946 1718 986 1755 de
1011 1719 1261 1756 immortalitate
1286 1718 1483 1769 disputetur,
1504 1719 1544 1757 de
1562 1729 1665 1757 mente

287 1771 365 1814 dici,
396 1786 476 1822 quae
502 1773 588 1809 omni
619 1770 750 1809 turbido
779 1780 867 1808 motu
897 1781 1008 1815 vacet,
1041 1785 1104 1808 non
1135 1771 1176 1808 de
1210 1772 1250 1808 iis
1279 1771 1448 1822 partibus,
1478 1773 1513 1809 in
1542 1772 1664 1823 quibus

286 1824 504 1874 ‘egritudines
529 1834 717 1863 versentur.
738 1838 766 1863 c.
786 1831 848 1862 32.
871 1830 934 1862 33.
993 1824 1094 1874 Quod
1115 1825 1146 1861 si
1169 1837 1249 1861 vero
1273 1825 1404 1862 animus
1428 1825 1582 1871 intereat,
1600 1840 1664 1863 non

287 1891 354 1915 esse
372 1886 495 1923 tamen,
524 1892 628 1929 quare
655 1886 786 1915 mortem
814 1878 1000 1922 timeamus,
1030 1891 1103 1914 cum
1123 1885 1254 1928 propter
1280 1891 1354 1916 eam
1372 1879 1543 1924 rationem,
1561 1892 1664 1930 quam

285 1943 390 1982 supra
409 1932 574 1974 attulerit,
594 1946 622 1968 c.
643 1938 702 1968 11.
731 1941 802 1968 tum
822 1940 957 1981 propter
983 1931 1108 1968 multas
1133 1931 1234 1968 alias.
1289 1932 1436 1969 Mortem
1454 1945 1517 1969 non
1529 1939 1664 1983 propter

285 1997 329 2028 se,
333 1984 418 2031 fieri
435 1986 519 2023 enim
537 1985 571 2021 in
586 1993 720 2034 puncto,
749 1995 835 2035 saepe
861 1984 960 2021 etiam
988 1983 1057 2020 sine
1086 1997 1196 2027 sensu,
1223 1984 1342 2029 timeri,
1369 1984 1430 2021 sed
1438 1994 1573 2036 propter
1590 1985 1662 2023 dis-

284 2052 407 2076 cessum
427 2038 472 2075 αὖ
490 2038 639 2075 omnibus
657 2038 744 2075 vitae
769 2038 884 2074 bonis:
913 2036 972 2074 sed
998 2050 1037 2074 ea
1069 2050 1136 2074 esse
1166 2046 1228 2074 aut
1256 2038 1395 2087 opinata
1421 2047 1566 2080 tantum,
1596 2047 1660 2076 aut

286 2100 355 2127 tam
379 2102 490 2141 pauca
517 2098 549 2128 et
570 2102 701 2141 parva,
732 2100 770 2127 ut
803 2105 826 2127 a
858 2091 1017 2126 malorum
1040 2100 1071 2126 et
1099 2090 1330 2140 magnitudine
1361 2099 1424 2128 aut
1449 2091 1662 2129 multitudine

284 2144 491 2181 obruantur·
483 2162 492 2190 3
523 2152 554 2181 et
573 2159 603 2180 m
606 2153 677 2181 orte
694 2158 766 2180 omi
770 2145 804 2180 ia
825 2143 917 2180 mala
935 2151 966 2180 et
980 2144 1130 2203 pericula
1147 2143 1264 2193 effugi.
1288 2158 1315 2181 c.
1336 2145 1471 2182 34-36.
1542 2145 1661 2182 Nullis

274 2197 375 2240 ,bonis
405 2196 499 2234 rebus
529 2210 640 2235 carere
671 2206 824 2240 mortuos,
856 2195 944 2247 quod
972 2210 1084 2233 carere
1109 2197 1138 2233 is
1165 2198 1293 2234 demum
1321 2197 1469 2242 dicatur,
1495 2198 1550 2234 cui
1563 2198 1659 2244 desit,

282 2250 373 2301 quod
395 2249 578 2287 desi.deret·
607 2264 636 2287 c.
656 2250 719 2287 36.
747 2262 860 2300 neque,
892 2251 961 2286 sine
990 2263 1084 2286 sensu
1113 2263 1191 2293 esse,
1219 2249 1362 2286 odiosum
1389 2263 1455 2287 esse
1479 2260 1564 2295 tum,
1584 2265 1658 2288 cum

280 2316 393 2340 sensus
411 2303 549 2340 ablatus
564 2304 619 2340 sit.
639 2317 667 2340 c.
689 2309 752 2349 37.
807 2305 860 2340 Ac
868 2312 1039 2353 propterea
1063 2316 1184 2340 omnem
1203 2310 1324 2339 metum
1343 2304 1456 2339 mortis
1468 2303 1658 2353 pellendum

281 2370 360 2400 esse,
388 2370 490 2407 neque
516 2357 668 2393 miserum
689 2355 881 2406 putandum
907 2365 1036 2393 mature
1061 2357 1153 2399 mori,
1171 2367 1216 2400 et,
1236 2365 1273 2392 ut
1291 2356 1400 2398 aiunt,
1421 2363 1498 2393 ante
1517 2365 1656 2407 tempus,

279 2409 369 2460 quod
385 2410 514 2446 nullum
531 2419 655 2446 certum
673 2408 816 2445 ‘vivendi
841 2408 987 2459 spatium
1014 2418 1139 2446 natura
1163 2409 1300 2452 dederit,
1319 2408 1379 2445 sed
1393 2410 1550 2446 incertam
1569 2411 1656 2448 vitae

279 2476 429 2499 usuram.
450 2476 477 2499 c.
496 2469 632 2509 39-41.
688 2463 745 2499 De
761 2462 947 2498 humatione
965 2471 1075 2498 autem
1093 2471 1125 2498 et
1142 2463 1312 2512 sepultura
1330 2475 1393 2498 nen
1411 2476 1479 2499 esse
1494 2463 1655 2500 laboran-

278 2515 372 2560 dum,
387 2515 477 2565 quod
487 2515 572 2551 nihil
587 2515 635 2552 ad
647 2524 808 2552 mortuum
814 2515 980 2565 pertineat
996 2530 1008 2551 .·
1036 2528 1065 2552 c.
1081 2521 1218 2553 42-45.
1234 2526 1363 2565 operam
1378 2516 1488 2565 potius
1501 2515 1652 2553 dandam
1695 2548 1699 2552 ,

276 2580 357 2609 esse,
377 2577 414 2604 ut
433 2568 637 2605 laudabilem
655 2569 766 2605 vitam
789 2568 936 2617 gloriosa
963 2568 1087 2604 ratione
1101 2567 1270 2615 finiamus
1285 2584 1298 2604 .·
1326 2581 1398 2604 eam
1412 2581 1479 2606 esse
1495 2570 1652 2619 optimam

276 2633 373 2670 aequo
399 2622 508 2657 animo
534 2620 720 2672 oppetendae
746 2622 858 2657 mortis
884 2621 1055 2658 rationem.
1081 2634 1109 2657 c.
1130 2621 1194 2658 46.
1211 2626 1277 2666 47.
1333 2621 1467 2672 Epilogi
1501 2622 1566 2659 Ioco
1593 2624 1652 2671 af-

263 2674 433 2722 feruntur
450 2675 593 2724 ipsorum
612 2673 743 2710 deorum
763 2673 802 2712 de
829 2683 930 2711 morte
956 2674 1150 2718 testimonia,
1178 2684 1209 2712 et
1235 2674 1401 2712 hominum
1418 2674 1459 2714 de
1476 2685 1576 2713 morte
1588 2686 1652 2727 pra

272 2727 388 2777 patria
405 2728 546 2779 oppetita
562 2727 734 2778 opiniones.
