1778 3095
586 104 773 149 LIBER
802 101 1094 148 QUINTUS.
1480 116 1554 150 225

139 219 182 259 in
211 220 437 274 republica,
462 228 517 270 et,
549 233 642 274 quae
673 232 747 273 per
778 218 859 257 vim
892 215 1084 257 oblatum
1106 223 1298 270 stuprum
1329 214 1558 261 voluntaria

138 284 274 317 morte
304 277 450 327 lueret,
470 277 634 316 inventa
654 284 741 324 est3
773 282 815 313 et
845 273 917 328 qui
946 272 1195 313 interficeret
1225 271 1364 322 filiam,
1386 288 1436 313 ne
1467 284 1556 316 stu-

137 342 353 386 praretur:
390 347 482 388 quae
519 330 688 386 quidem
726 330 881 379 omnia,
915 338 958 369 et
990 327 1307 369 innumerabilia
1341 337 1554 382 praeterea,

137 388 229 442 quis
263 397 339 438 est,
359 389 430 443 qui
458 401 541 428 non
569 385 795 442 intelligat,
815 396 858 426 et
890 399 976 434 eOS‚
1007 385 1079 440 qui
1112 385 1313 434 fecerunt,
1339 383 1555 439 dignitatis

135 444 354 498 splendore
374 443 537 493 ductos,
555 443 820 483 immemores
851 441 977 482 fuisse
1006 441 1234 482 utilitatum
1256 454 1439 491 suarum,
1458 456 1555 482 nos-

134 513 228 555 que,
250 513 344 540 cum
365 514 414 540 ea
431 499 661 549 laudemus,
680 498 795 540 nulla
814 497 894 538 alia
911 511 970 547 re,
990 497 1068 538 nisi
1088 497 1304 538 honestate
1324 496 1449 538 duci?

190 556 354 612 Quibus
388 556 512 597 rebus
546 556 724 596 breviter
753 554 951 610 expositis
985 557 1079 606 (nec
1109 553 1221 594 enim
1249 568 1341 594 sum
1371 554 1552 609 copiam,
1566 552 1635 600 :23

133 625 257 666 quam
278 612 411 666 potui,
434 613 532 669 quia
559 612 766 653 dubitatio
793 613 835 652 in
864 625 907 651 re
936 610 1051 651 nulla
1078 619 1179 661 erat,
1198 612 1455 664 persecutus)
1480 611 1554 653 sed

131 666 196 708 his
226 668 351 708 rebus
380 668 646 710 concluditur
676 669 881 723 profecto,
902 676 944 708 et
975 667 1145 708 virtutes
1175 681 1337 716 omneS,
1354 677 1397 708 et
1419 667 1553 709 hone-

131 732 242 764 stum
273 724 393 775 illud,
414 725 529 781 quod
559 740 609 766 ex
639 724 704 766 his
734 724 953 766 virtutibus
978 723 1176 774 exoritur,
1196 731 1239 763 et
1259 723 1301 763 in
1321 723 1384 764 his
1407 723 1552 776 haeret,

130 793 220 820 esse
248 794 323 836 per
342 796 385 822 se
406 781 701 837 expetendum.
762 781 811 821 In
841 781 958 820 omni
988 789 1129 821 autem
1160 780 1356 835 honesto,
1383 779 1434 820 de
1464 796 1548 836 quo
1562 789 1611 825 65

128 834 357 891 loquimur,
378 838 480 879 nihil
501 847 563 879 est
582 848 668 879 tam
689 837 861 887 illustre,
879 850 954 877 nec
971 836 1087 892 quod
1102 836 1226 877 latius
1246 844 1401 891 pateat,
1422 848 1549 892 quam
1561 841 1597 873 b,-

127 893 372 948 conjunctio
391 895 497 936 inter
517 894 708 936 homines
728 893 963 944 hominum,
983 901 1026 933 et
1055 892 1173 948 quasi
1202 892 1395 948 quaedam
1417 894 1551 935 socie-—

127 957 191 989 tas
223 958 266 990 et
297 952 623 992 communicatio
653 950 897 1000 utilitatum,
919 957 960 990 et
990 950 1080 1004 ipsa
1108 948 1257 989 caritas
1283 949 1449 1004 generis
1469 950 1551 991 hu-

127 1006 238 1046 mani
256 1023 265 1047 ε
295 1022 388 1063 quae
409 1017 506 1049 nata
524 1023 548 1049 a
568 1008 704 1063 primo
725 1016 831 1057 satu,
853 1021 938 1062 quo
959 1020 984 1046 a
1004 1005 1339 1061 procreatoribus
1370 1006 1456 1047 nati
1485 1006 1549 1048 di-

125 1060 327 1116 liguntur,
341 1072 384 1104 et
403 1073 493 1105 tota
512 1064 664 1106 domus
685 1063 885 1119 conjugio
907 1071 949 1103 et
966 1063 1094 1117 stirpe
1113 1061 1400 1117 conjungitur,
1420 1062 1551 1118 serpit

126 1119 279 1160 sensim
310 1121 435 1171 foras,
461 1120 784 1176 cognationibus
816 1120 1014 1175 primum,
1047 1128 1139 1160 tum
1170 1118 1453 1170 affinitatibus,
1475 1121 1548 1160 de-

125 1175 222 1217 inde
253 1177 460 1228 amicitiis,
496 1189 593 1233 post
622 1177 901 1219 vicinitatibus
919 1192 931 1226 3
967 1185 1058 1216 tum
1092 1175 1265 1224 civibus,
1301 1183 1343 1215 et
1377 1175 1441 1226 iis,
1476 1176 1549 1232 qui

125 1232 293 1286 publice
332 1234 435 1274 socii
470 1245 596 1290 atque
636 1234 759 1275 amici
793 1242 915 1274 sunt:
965 1231 1114 1272 deinde
1150 1231 1279 1273 totius
1325 1232 1549 1288 complexu

124 1290 261 1343 gentis
295 1289 516 1331 humanae:
547 1306 640 1346 quae
673 1290 800 1330 animi
830 1287 996 1330 affectio
1026 1302 1146 1328 suum
1173 1288 1324 1343 cuique
1345 1288 1548 1341 tribuens,

122 1354 248 1400 atque
284 1346 406 1397 hanc,
436 1361 562 1402 quam
594 1347 704 1397 dico,
735 1346 978 1387 societatem
1011 1344 1318 1400 conjunctionis
1352 1344 1549 1387 humanae

124 1402 318 1443 munifice
348 1413 391 1443 et
420 1418 538 1458 aeque
568 1412 703 1453 tuens,
719 1402 885 1458 justitia
913 1400 1096 1442 dicitur:
1127 1401 1197 1441 cui
1220 1399 1428 1456 adjunctae
1451 1411 1550 1444 sunt

121 1457 269 1510 pietas,
289 1459 467 1509 bonitas,
488 1459 727 1508 liberalitas,
755 1457 1005 1513 benignitas,
1027 1457 1219 1505 comitae,
1241 1467 1419 1512 quaeque
1450 1468 1548 1500 sunt

120 1515 288 1568 generis
321 1515 524 1570 ejusdem.
564 1524 688 1570 atque
724 1515 815 1554 haec
850 1515 909 1555 ita
937 1513 1113 1570 justitiae
1150 1513 1318 1568 propria
1350 1523 1461 1564 sunt,
1498 1519 1546 1555 ut

121 1569 204 1610 sint
223 1571 422 1612 virtutum
445 1571 693 1626 reliquarum
713 1569 970 1611 communia.
1028 1570 1143 1609 Nam
1165 1584 1261 1610 cum
1283 1570 1341 1609 sic
1363 1569 1544 1612 hominis
1557 1586 1610 1622 55

121 1635 266 1668 natura
285 1636 483 1682 generata
505 1628 571 1678 sit,
593 1638 642 1668 ut
663 1627 817 1667 habeat
837 1625 1038 1682 quiddam
1068 1625 1258 1666 innatum
1289 1626 1407 1681 quasi
1427 1627 1545 1668 civile

119 1691 244 1739 atque
266 1684 481 1739 populare,
503 1684 617 1739 quod
637 1683 777 1724 Graeci
794 1684 978 1724 πολιτικὸν
1006 1691 1181 1724 vocant:
1212 1681 1416 1739 quidquid
1446 1693 1546 1738 aget

119 1749 295 1795 quaeque
322 1741 464 1791 virtus,
488 1741 529 1781 id
549 1755 574 1781 a
593 1740 912 1791 communitate,
931 1747 973 1779 et
993 1752 1056 1788 ea,
1078 1753 1204 1793 quam
1225 1739 1413 1794 exposui,
1436 1740 1544 1780 cari-

118 1804 204 1836 tate
243 1806 369 1853 atque
406 1797 603 1838 societate
640 1797 824 1837 humana
858 1811 943 1836 non
976 1795 1244 1837 abhorrebit:
1280 1794 1544 1851 vicissimque

110 1851 288 1906 justitia,
321 1862 369 1894 ut
401 1855 490 1909 ipsa
522 1868 566 1894 se
598 1853 745 1894 fundet
775 1868 855 1894 usu
884 1852 928 1893 in
958 1861 1116 1892 ceteras
1145 1851 1330 1903 virtutes,
1365 1852 1423 1893 sic
1453 1852 1544 1894 illas

117 1918 298 1963 expetet.
330 1911 481 1950 servari
500 1910 608 1950 enim
626 1909 805 1965 justitia,
828 1909 906 1949 nisi
926 1923 951 1949 a
971 1907 1069 1949 forti
1088 1908 1190 1959 viro,
1213 1909 1290 1949 nisi
1311 1923 1335 1949 a
1355 1908 1543 1964 sapiente

117 1979 200 2005 non
233 1974 387 2020 potest.
446 1967 594 2008 Qualis
624 1975 687 2006 est
715 1965 848 2020 igitur
875 1964 1012 2006 omnis
1031 1964 1136 2016 haec,
1159 1980 1283 2021 quam
1306 1964 1418 2015 dico,
1439 1981 1543 2006 con-

115 2021 301 2075 spiratio,
323 2037 635 2078 consensusque
665 2022 880 2073 virtutum,
902 2021 985 2062 tale
1016 2029 1081 2062 est
1109 2021 1215 2062 illud
1244 2021 1382 2077 ipsum
1408 2022 1541 2063 hone—

114 2086 224 2118 stum
243 2096 252 2119 :
285 2079 623 2135 quandoquidem
646 2078 885 2129 honestum,
906 2087 979 2119 aut
1008 2078 1098 2133 ipsa
1125 2078 1255 2119 virtus
1275 2087 1352 2128 est,
1373 2088 1445 2120 aut
1475 2094 1541 2120 res

112 2142 234 2188 gesta
254 2136 418 2176 virtute.
449 2136 601 2192 quibus
622 2135 664 2175 in
684 2135 807 2175 rebus
828 2135 910 2175 vita
934 2134 1212 2185 consentiens,
1232 2134 1540 2191 virtutibusque

112 2191 381 2245 respondens,
415 2202 541 2242 recta,
573 2201 617 2232 et
645 2191 834 2242 honesta,
862 2199 905 2231 et
934 2199 1146 2241 constanS,
1174 2199 1215 2231 et
1247 2201 1405 2232 naturae
1436 2198 1546 2232 con-³

110 2259 266 2300 gruens
286 2248 510 2290 existimari
537 2256 690 2303 potest.
749 2248 894 2302 Atque
924 2246 1015 2287 haec
1049 2247 1294 2302 conjunctio
1322 2248 1537 2288 confusio-
1549 2263 1598 2307 57

112 2318 192 2357 que
224 2305 438 2356 virtutum,
459 2315 600 2346 tamen
632 2319 656 2345 a
687 2303 950 2359 philosophis
985 2302 1144 2343 ratione
1174 2302 1357 2359 quadam
1387 2304 1537 2345 distin-

110 2360 267 2413 guitur.
300 2376 397 2402 nam
418 2376 515 2402 oum
546 2361 604 2401 ita
632 2360 840 2415 copul-atae
872 2373 1154 2414 connexaeque
1185 2368 1296 2410 sunt,
1318 2368 1365 2401 ut
1389 2374 1534 2402 omnes
1549 2383 1578 2408 o.
1599 2381 1668 2405 141.

110 2415 299 2458 omnium
329 2418 549 2473 participes
580 2417 676 2465 sint,
696 2430 771 2457 nec
792 2416 873 2456 alia
891 2416 944 2456 ab
963 2415 1044 2456 alia·
1069 2415 1202 2471 possit
1231 2417 1438 2471 separari:
1471 2427 1533 2458 ta*
1545 2425 1573 2446 a.

109 2486 205 2512 men
225 2474 438 2529 proprium
461 2489 586 2515 suum
604 2472 810 2529 cujusque
829 2487 982 2513 munus
1013 2479 1089 2522 est,
1110 2480 1158 2512 ut
1188 2471 1392 2513 fortitudo
1411 2473 1454 2513 in
1473 2473 1534 2514 la·-

108 2527 294 2580 boribus,
327 2530 607 2586 periculisque
641 2537 864 2570 cernatur:
900 2528 1177 2583 temperantia
1208 2529 1250 2569 in
1283 2530 1536 2584 praetermit-

108 2585 244 2625 tendis
275 2587 584 2642 voluptatibus:
615 2585 836 2641 prudentia
864 2586 906 2626 in
936 2585 1105 2626 delectu
1134 2586 1358 2635 bonorum,
1380 2596 1423 2626 et
1440 2601 1531 2626 ma-

108 2638 244 2682 lorum
264 2659 273 2682 z
298 2642 464 2698 justitia
483 2644 524 2684 in
546 2657 623 2683 suo
643 2642 795 2697 cuique
817 2640 1055 2683 tribuendo.
1087 2640 1256 2697 quando
1275 2641 1404 2697 igitur
1424 2642 1532 2684 inest

108 2696 151 2735 in
180 2699 293 2739 omni
313 2699 462 2739 virtute
482 2714 581 2740 cura
601 2699 796 2754 quaedam
823 2698 941 2753 quasi
970 2698 1081 2738 foras
1115 2705 1321 2752 spectans,
1343 2699 1531 2754 aliosque

108 2763 318 2806 appetens,
331 2764 464 2810 *atque
491 2756 790 2810 complectens,
810 2754 971 2794 exsistit
999 2752 1121 2805 illud,
1142 2764 1191 2794 ut
1220 2754 1358 2805 amici,
1378 2764 1427 2795 ut
1446 2755 1529 2796 fra-

107 2818 204 2856 ἶπες,
239 2818 285 2849 ut
322 2811 558 2866 propinqui,
592 2820 640 2851 ut
674 2811 830 2860 affines,
860 2819 909 2850 ut
937 2810 1062 2860 cives,
1094 2820 1143 2851 ut
1176 2825 1322 2852 omnes
1351 2810 1531 2864 denique

161 2877 274 2905 voi„
296 2879 361 2905 ιν.
385 2880 428 2905 Ρ,
447 2879 479 2905 1.
831 2879 863 2904 α
