1778 3095
606 46 784 83 LIBER
822 41 1102 82 TERTIUS.

1498 48 1573 81 321

130 155 230 207 sint,
252 170 347 212 quae
374 162 521 199 natura
543 152 778 194 desideret:
812 160 886 192 aut
912 165 937 191 a
961 149 1206 205 disputandi
1231 149 1463 192 subtilitate
1483 165 1578 197 ora-

131 213 293 254 tionem
313 213 367 255 ad
388 210 581 265 exempla
601 208 877 249 traducimus.

938 207 1024 248 Hic
1050 206 1244 248 Socrates
1263 220 1576 250 commemora-

130 277 214 321 tur,
236 270 304 312 hic
325 270 559 323 Diogenes,
581 265 650 306 hic
674 264 950 306 Caecilianum
973 263 1094 314 illud,

238 350 336 400 Saepe
352 358 400 386 est
418 348 518 385 etiam
537 345 599 383 sub
613 345 748 396 palliolo
767 343 898 382 sordido
914 343 1090 395 sapientia.

132 434 246 476 Cum
277 434 387 475 enim
418 430 676 487 paupertatis
710 445 806 480 una,
827 429 1061 484 eademque
1090 427 1145 469 sit
1169 427 1243 478 vis,
1265 427 1468 483 quidnam
1483 427 1574 470 -dici

128 500 284 546 potest,
305 489 580 546 quamobrem
606 486 658 527 C.
682 486 874 527 Fabricio
904 484 1136 527 tolerabilis
1164 498 1214 525 ea
1243 485 1384 536 fuerit,
1407 484 1477 525 alii
1499 499 1573 526 ne—

128 557 235 603 gent
264 562 308 589 se
342 547 448 587 ferre
475 545 628 600 posse?
664 544 781 585 Huic
809 543 940 598 igitur
965 542 1085 583 alteri
1105 541 1250 597 generi
1271 541 1417 582 similis
1438 550 1503 583 est
1523 556 1572 582 ea
1584 550 1633 591 57

127 604 234 645 ratio
269 602 532 652 consolandi,
563 616 658 656 quae
688 600 814 641 docet
842 600 1028 641 humana
1058 613 1163 649 esse,
1198 613 1292 653 quae
1327 598 1570 640 acciderint.

128 675 210 701 non
238 660 352 701 enim
382 658 522 700 solum
551 658 595 698 id
628 658 818 698 continet
843 671 893 697 ea
925 655 1173 711 disputatio,
1199 664 1248 695 ut
1279 655 1569 710 cognitionem

125 716 271 757 afferat
300 715 468 772 generis
496 714 698 755 humani:
730 713 806 754 sed
837 713 1060 768 significat,
1082 712 1318 753 tolerabilia
1349 726 1454 763 esse,
1475 727 1570 767 quae

124 781 167 813 et
195 773 384 824 tulerint,
418 782 461 813 et
494 772 630 812 ferant
660 770 827 811 ceteri..
863 771 933 810 De
962 778 1209 825 paupertate
1239 769 1411 824 agitur:
1446 769 1572 811 multi
1585 764 1656 813 24

122 830 330 885 patientes
361 843 566 884 pauperes
596 836 1000 869 commemorantur.

1060 826 1128 867 De
1155 824 1466 866 contemnendo
1488 825 1570 867 ho-

125 900 256 926 nore:
304 886 429 927 multi
466 883 706 926 inhonorati
735 883 1018 939 proferuntur,
1049 891 1092 923 et
1122 882 1291 938 quidem
1328 891 1499 937 propter
1527 882 1570 924 id

120 941 264 997 ipsum
303 943 541 984 beatiores:
587 955 835 996 eorumque,
872 940 945 996 qui
976 939 1183 995 privatum
1217 939 1354 980 otium
1387 939 1570 994 negotiis

122 999 305 1054 publicis
336 999 638 1050 antetulerunt,
668 997 916 1038 nominatim
948 997 1031 1037 vita
1063 996 1287 1038 laudatur:
1321 1010 1396 1036 nec
1425 996 1572 1037 siletur

123 1063 162 1089 9⁵
177 1055 283 1097 illud
313 1055 597 1112 potentissimi
625 1054 737 1110 regis
767 1063 1044 1109 anapaestum,
1078 1054 1150 1109 qui
1178 1053 1322 1094 laudat
1349 1067 1505 1103 senem,
1526 1063 1571 1094 et

121 1112 388 1154 fortunatum
420 1127 511 1153 esse
540 1111 658 1162 dicit,
680 1111 798 1167 quod
825 1111 1033 1166 inglorius
1055 1110 1121 1161 sit,
1145 1120 1273 1165 atque
1295 1109 1494 1165 ignobilis
1516 1109 1569 1150 ad

121 1182 368 1224 supremum
390 1169 501 1210 diem
523 1177 812 1224 perventurus.

868 1167 1069 1208 Similiter
1089 1166 1474 1208 commemorandis
1494 1181 1568 1208 ex·
1581 1180 1631 1212 53

120 1226 289 1281 emplis,
312 1233 351 1260 96
368 1226 570 1267 orbitates
604 1239 775 1281 quoque
808 1224 1036 1265 liberorum
1069 1224 1365 1279 praedicantur,
1395 1238 1568 1265 eorum-
1580 1234 1696 1267 9-202-

120 1296 204 1337 que
237 1283 311 1338 qui
340 1283 508 1339 gravius
539 1283 696 1331 ferunt,
720 1281 874 1331 luctus,
895 1281 1074 1321 aliorum
1105 1280 1306 1335 exemplis
1339 1281 1609 1322 leniuntur.²²·

121 1339 181 1379 sic
205 1340 423 1395 perpessio
454 1349 694 1380 ceterorum
729 1338 843 1389 facit,
863 1348 912 1378 ut
938 1352 1001 1388 ea,
1031 1352 1125 1392 quae
1157 1337 1399 1388 acciderint,
1430 1337 1568 1379 multo

119 1394 300 1447 minora,
318 1411 446 1452 quam
468 1405 624 1451 quanta
646 1395 730 1435 sint
748 1395 998 1446 existimata,
1016 1394 1247 1435 videantur.
1269 1394 1326 1435 ita
1348 1395 1392 1435 fit
1412 1393 1566 1435 sensim

115 1452 423 1507 cogitantibus,
445 1462 507 1503 ut,
528 1461 733 1507 quantum
765 1451 817 1492 sit
845 1452 1049 1491 ementita
1073 1451 1231 1506 opinio,
1258 1461 1471 1507 appareat.
1504 1460 1566 1491 at·

121 1522 205 1564 que
226 1508 310 1550 hoc
332 1509 445 1551 idem
467 1518 510 1550 et
531 1508 708 1549 Telamo
729 1507 799 1548 ille
821 1508 1022 1558 declarat,

226 1592 302 1641 Ego
318 1605 392 1641 cum
408 1593 529 1642 genui,

116 1671 161 1706 et
180 1664 386 1718 Theseus,

225 1746 374 1783 Futuras
396 1761 520 1784 mecum
541 1746 787 1785 commentabar
807 1746 967 1782 miserias.

116 1826 161 1860 et
200 1819 495 1876 Anaxagoras,
532 1821 717 1863 Sciebam
749 1836 812 1861 me
847 1819 1036 1876 genuisse
1073 1818 1299 1860 mortalem.

1360 1819 1421 1860 Hi
1454 1819 1567 1861 enim

116 1890 265 1917 onmes
298 1876 370 1918 diu
405 1879 641 1934 cogitantes
674 1878 726 1918 de
760 1879 883 1918 rebus
914 1876 1128 1927 humanis,
1157 1875 1466 1931 intelligebant,
1497 1891 1567 1918 eas

114 1946 384 1989 nequaquam
415 1949 492 1989 pro
523 1935 720 1990 opinione
752 1934 867 1989 vulgi
900 1948 989 1974 esse
1018 1933 1365 1975 extimescendas.
1397 1943 1441 1974 et
1462 1933 1568 1975 mihi

114 1989 289 2044 quidem
322 1990 484 2031 videtur
516 1991 628 2032 idem
663 1992 749 2032 fere
783 1990 971 2032 accidere
992 1990 1056 2040 iis,
1077 1990 1149 2045 qui
1171 1999 1269 2030 ante
1289 1990 1565 2041 meditantur,

113 2045 233 2102 quod
262 2046 327 2097 iis,
359 2047 512 2103 quibus
544 2048 739 2089 medetur
769 2048 888 2088 dies:
930 2047 1012 2087 nisi·
1043 2054 1079 2082 97
1098 2047 1213 2103 quod
1247 2047 1354 2088 ratio
1392 2046 1564 2103 quidem

112 2113 233 2144 sanat
252 2103 363 2154 illos,
386 2104 464 2145 hos
494 2105 585 2160 ipsa
618 2118 781 2155 natura,
803 2103 1019 2146 intellecto
1041 2118 1107 2153 eo,
1130 2111 1168 2137 98
1188 2104 1304 2159 quod
1325 2104 1563 2145 remedium

109 2158 219 2201 illud
251 2160 456 2212 continet,
480 2170 518 2195 99
533 2162 709 2213 malum,
731 2161 849 2217 quod
878 2160 1039 2215 opinati
1069 2161 1166 2211 sint,
1187 2174 1279 2201 esse
1313 2161 1563 2211 niaximum,

154 2272 193 2298 95
219 2264 296 2294 illud
312 2265 506 2305 potentissimi
523 2265 598 2303 regis
614 2263 808 2304 anapaestum]

108 2307 362 2347 Agamemnonis
385 2318 435 2348 ap.
460 2308 643 2348 Euripidem
660 2309 763 2348 Iphig.
781 2308 813 2337 in

108 2351 186 2381 Aul.
207 2359 256 2382 15.

151 2398 191 2426 96
214 2394 351 2423 orbitates
378 2405 408 2435 q.
438 2392 461 2424 l.
484 2392 705 2433 praedicantur]
734 2393 758 2423 I.
781 2402 810 2422 e.

107 2444 419 2474 commemorantur,
436 2443 472 2466 ut
487 2444 518 2466 et
538 2436 618 2466 infra
633 2445 662 2467 e.
679 2442 732 2466 3-3.
748 2437 811 2465 1100

107 2480 243 2511 verbum
259 2480 395 2510 dicitur:
419 2487 452 2509 ut
468 2480 542 2508 enirn
566 2477 667 2508 tulerit
691 2479 810 2521 quisque

106 2522 369 2562 ——praedicandum
382 2529 433 2552 est.
456 2522 488 2552 in
504 2522 641 2551 orbitates
657 2521 826 2555 liberorum,

108 2566 188 2596 mihi
220 2565 373 2595 liberorum
403 2565 541 2605 glossam
569 2575 676 2604 sapere
701 2566 809 2595 visum

107 2615 165 2638 est.
190 2618 267 2639 nam
283 2608 381 2647 vulgo
397 2618 463 2638 non
476 2610 601 2638 additur
615 2609 741 2638 orbitati
758 2618 810 2647 ge-

107 2652 238 2688 nitivus,
259 2660 338 2681 cum
360 2652 405 2681 sic
428 2658 460 2681 et
481 2653 604 2691 proprie
626 2652 753 2688 dicitur,
771 2652 809 2681 de

106 2692 211 2723 liberis
226 2704 271 2725 sc.
287 2701 319 2724 at
333 2695 412 2724 cum*
427 2695 556 2733 tropice.
601 2694 652 2724 Sic
669 2696 702 2725 in
718 2695 807 2734 epist.

106 2737 147 2766 ad
159 2737 221 2766 div.
235 2744 281 2767 est
292 2737 399 2766 orbitas
415 2745 529 2767 senatus
543 2738 674 2767 virorum
691 2738 807 2767 talium.

151 2785 187 2814 97
225 2780 300 2821 quod
328 2780 404 2809 ratio
432 2779 564 2822 quidem]
604 2781 719 2823 quidem
753 2791 808 2820 pro

162 2833 279 2864 VOL.
302 2834 371 2863 lv.
395 2835 435 2863 P.
458 2836 491 2863 1.

857 2262 992 2305 quaednm
1007 2264 1078 2292 dedi
1095 2272 1172 2293 curn
1189 2264 1331 2293 Davisio.

902 2313 939 2338 95
964 2307 1040 2347 quod
1059 2307 1213 2335 remedium
1236 2306 1313 2336 illud
1333 2305 1469 2345 continet]
1491 2307 1516 2337 ἴ.
1533 2317 1561 2337 e.

858 2350 891 2378 in
908 2359 972 2388 quo
988 2355 1034 2379 est
1050 2350 1095 2379 vis
1112 2350 1197 2380 illius
1215 2350 1359 2385 remedii,
1377 2350 1408 2378 in
1430 2360 1496 2389 quo
1514 2360 1562 2380 re-

856 2393 1002 2422 medium
1024 2393 1116 2429 inest‚
1134 2393 1282 2423 cernitur.
1320 2393 1469 2423 Davisius
1494 2403 1562 2423 cor-

855 2436 947 2472 rexit,
965 2436 1040 2476 quod
1061 2446 1119 2465 rem
1143 2436 1278 2473 continet,
1303 2434 1379 2464 illud
1400 2447 1438 2466 m.
1463 2444 1492 2466 et
1515 2437 1561 2467 sic

855 2479 974 2508 habent
1007 2478 1087 2508 Mss.
1115 2479 1260 2518 quidam,
1293 2488 1358 2508 non
1388 2479 1482 2510 male.
1522 2480 1559 2510 In

856 2521 964 2551 Guels.
983 2529 1029 2551 est
1046 2533 1086 2552 re.

899 2572 937 2597 99
962 2576 1000 2594 m.
1028 2564 1105 2605 quod
1129 2564 1278 2603 opinatum
1302 2564 1352 2601 sit,
1380 2576 1435 2593 esse
1463 2564 1558 2593 maxi-

855 2608 945 2647 mum]
966 2608 1038 2637 Hoc
1055 2608 1187 2646 quidem
1208 2608 1345 2638 stultum
1361 2609 1412 2643 sit,
1431 2618 1490 2637 nec
1506 2608 1558 2637 Ci-

853 2661 924 2681 cero
941 2652 1031 2680 dixit.
1055 2650 1229 2689 legendum
1247 2659 1293 2681 est
1309 2651 1420 2691 opinati
1437 2652 1504 2683 sim,
1525 2659 1558 2680 uz

853 2702 883 2724 et
900 2694 1030 2724 Davisio
1044 2694 1151 2724 visum
1168 2702 1224 2724 est.
1250 2704 1308 2724 nec
1322 2695 1462 2724 dubitari
1481 2695 1558 2723 reci-

852 2747 924 2776 pere
949 2739 1033 2767 hane
1057 2739 1328 2768 emendationem.
1369 2738 1428 2766 Seri
1452 2744 1481 2765 et
1503 2747 1558 2764 esc(

851 2780 995 2810 deletum
1011 2780 1121 2811 veiim.

866 2835 895 2861 V
