1778 3095
190 147 272 188 478
576 142 655 179 DE
683 142 947 180 NATURA
975 141 1240 180 DEORUM

192 258 257 291 est
277 258 488 306 acceptus,
505 250 632 291 etiam
653 265 677 291 a
698 265 848 292 somno
867 252 1112 293 excitamur.
1171 251 1424 292 Flexuosum
1447 250 1537 291 iter
1541 249 1636 292 ha-r'*

192 305 281 357 bet,
301 322 352 348 ne
383 307 483 363 quid
513 307 666 348 intrare
696 308 842 363 possit,
864 309 896 349 si
926 308 1116 363 simplex,
1138 316 1179 349 et
1210 307 1416 348 directum
1447 316 1621 371 pateret.

190 363 404 419 provisum
428 364 570 413 etiam,
593 374 641 404 ut
669 365 702 405 si
733 380 816 420 qua
840 365 1013 406 minima
1033 365 1210 406 bestiola
1232 372 1452 404 conaretur
1472 364 1623 404 irrum-

190 433 303 475 pere,
330 421 370 462 in
402 395 594 461 sordibiis
624 422 804 471 aurium,
834 433 1049 478 tamquam
1081 422 1121 462 in
1155 422 1280 471 visco,
1315 419 1622 461 inliaeresceret.

191 477 321 518 Extra
359 486 498 517 autem
536 479 734 528 eminent,
774 493 867 533 quae
907 478 1169 533 appellantur
1205 492 1336 527 aures,
1373 487 1415 517 et
1451 476 1622 531 tegendi

191 547 317 574 causa
339 534 475 584 factae,
497 534 746 589 tutandique
768 549 926 585 sensus,
947 545 988 575 et
1019 550 1069 575 ne
1092 534 1266 589 adjectae
1289 548 1410 574 voces
1432 533 1624 573 laberen-

191 597 275 638 tur,
305 599 432 646 atque
462 601 660 640 errarent,
693 591 934 645 priusquam
972 605 1115 631 sensus
1145 592 1198 632 ab
1229 591 1291 631 bis
1323 590 1468 645 pulsus
1497 589 1621 630 esset.

191 646 277 686 Sed
292 645 419 688 duros
437 657 478 687 et
495 648 610 702 quasi
633 646 854 686 corneolos
876 647 1032 687 liabent
1053 647 1261 695 introitus,
1279 647 1506 702 multisque
1523 660 1621 687 cum

191 702 385 753 flexibus3
407 710 446 735 68
457 703 570 758 quod
592 703 654 743 liis
678 703 833 743 naturis
854 703 1007 743 relatus
1029 702 1305 757 amplificatur
1327 718 1468 744 sonus.
1499 703 1624 759 Quo-

191 758 303 800 circa
328 768 370 800 et
399 760 496 799 691n
530 759 679 800 fidibus
712 758 920 799 testudine
952 769 1183 808 resonatur,
1212 768 1282 800 aut
1313 774 1472 801 cornu:
1503 769 1544 800 et
1573 773 1624 799 ex

106 828 176 860 145
192 816 392 858 tortuosis
414 816 530 865 locis,
552 824 594 855 et
618 815 788 855 inclusis
817 823 855 852 70
873 815 965 856 soni
995 816 1231 855 referuntur
1260 815 1497 870 ampliores.
1557 815 1623 857 Si-

192 872 346 913 militer
365 886 499 922 nares,
520 887 613 927 quae
644 886 809 927 semper
839 881 1009 936 propter
1037 872 1286 912 necessarias
1317 872 1518 913 utilitates
1547 887 1623 927 pa·

190 937 295 978 tent,
317 929 616 969 contractiores
640 928 796 969 habent
816 928 1024 979 introitus,
1047 943 1097 969 ne
1121 928 1252 983 quid
1244 943 1283 968 in
1305 943 1388 978 eas,
1411 928 1524 983 quod
1546 944 1624 969 no-

190 993 298 1035 ceat,
321 985 455 1040 possit
478 984 724 1040 perxadeie:
754 985 1061 1041 humoremque
1090 999 1256 1040 semper
1277 985 1434 1025 habent
1455 984 1506 1025 ad
1528 986 1624 1040 pul·

189 1054 342 1092 verem,
373 1042 590 1097 multaque
620 1042 701 1082 alia
730 1041 991 1106 depellenda,
1024 1058 1107 1082 non
1137 1041 1345 1083 inutilem.
1418 1042 1624 1082 Gustatus

189 1098 388 1152 praeclare
408 1109 550 1153 septus
570 1108 646 1139 est.
671 1114 742 1139 ore
765 1100 873 1139 enim
899 1099 1152 1148 continetur,
1173 1108 1214 1139 et
1234 1098 1287 1139 ad
1309 1113 1431 1139 usum
1453 1108 1565 1153 apte,
1582 1105 1627 1139 et

146 1166 167 1196 b
191 1153 244 1193 ad
283 1154 585 1196 incolumitatis
626 1155 877 1196 custodiam.
939 1156 1171 1210 Omnisque
1215 1170 1359 1195 sensus
1400 1155 1623 1195 hominum

109 1211 328 1263 58multo
349 1211 561 1252 antecellit
585 1212 773 1252 sensibus
802 1213 1044 1253 bestiarum.
1107 1212 1292 1252 Primum
1315 1211 1424 1251 enini
1449 1211 1593 1252 oculi
1582 1227 1626 1252 m

191 1266 240 1307 iis
261 1269 437 1319 artibus,
460 1284 636 1323 quarum
661 1268 871 1324 judicium
905 1277 968 1309 est
999 1268 1276 1318 oculorum,
1267 1284 1307 1309 1n
1338 1268 1476 1323 pictis,
1504 1268 1626 1318 fietis,

189 1324 431 1380 caelatisque
452 1325 646 1374 formis,
638 1340 677 1365 m
708 1340 932 1380 corporum
965 1325 1088 1366 etiam
1122 1325 1311 1365 motione
1343 1335 1469 1380 atque
1499 1335 1626 1379 gestu

188 1381 326 1421 multa
346 1390 521 1422 cernunt
542 1382 751 1422 subtilius.
784 1382 975 1422 colorum
999 1382 1140 1432 etiam,
1162 1392 1204 1422 et
1225 1381 1453 1436 figurarum
1477 1389 1513 1418 71
1532 1390 1624 1422 tum

188 1447 451 1479 venustatem
474 1447 599 1494 atque
621 1438 825 1503 ordinem,
843 1448 899 1490 et,
921 1448 968 1480 ut
991 1439 1047 1479 ita
1069 1438 1221 1489 dicam,
1243 1438 1496 1488 decentiam,
1513 1437 1627 1479 oculi

181 1493 406 1549 judicant:
438 1503 564 1559 atque
594 1496 720 1536 etiam
752 1496 832 1536 alia
860 1492 1033 1552 majora.
1067 1511 1161 1536 nam
1192 1505 1233 1536 et
1260 1495 1489 1546 virtutes,e
1467 1504 1508 1536 et
1529 1495 1628 1535 vitia

188 1561 487 1615 cognoscunt:
519 1552 688 1603 iratum,
718 1553 978 1608 propitium:
1011 1553 1240 1602 laetantem,
1262 1551 1507 1592 dolentem:
1539 1551 1627 1592 for-

102 1619 177 1656 146
189 1614 291 1659 tem,
313 1608 540 1663 ignavum:
563 1609 783 1660 audacem,
805 1609 1084 1664 timidumque
1106 1619 1386 1673 cognoscunt.
1416 1608 1622 1648 Aurium-

189 1678 272 1720 que
296 1665 395 1705 item
425 1673 488 1706 est
517 1665 762 1707 admirabile
784 1667 1023 1730 quoddam,
1037 1673 1074 1702 72
1090 1665 1446 1720 artificiosumque
1469 1663 1628 1720 judici-

187 1735 277 1771 um,
298 1736 384 1776 quo
407 1721 625 1786 judicatur
654 1732 696 1763 et
724 1724 765 1762 in
799 1723 924 1772 vocis,
945 1732 986 1763 et
1014 1723 1053 1762 in
1089 1722 1285 1762 tibiarum
1317 1734 1624 1786 nervorumque

187 1777 380 1818 cantibus
394 1779 566 1819 varietas
581 1793 708 1820 sono]
710 1794 797 1828 um,
814 1779 1024 1819 intervalla
1029 1778 1277 1830 ,distinctio,
1289 1786 1330 1818 et
1344 1794 1365 1818 v
1368 1778 1455 1818 ocis
1468 1791 1627 1833 genera

186 1834 424 1889 permulta:
446 1850 663 1886 canorum,
684 1836 872 1877 fuscum:
893 1836 1009 1886 laexe,
1030 1850 1248 1890 asperum:
1270 1848 1410 1890 grave,
1430 1845 1627 1875 acutum.

188 1890 384 1942 flexibile,
411 1891 589 1934 durum:
621 1908 715 1948 quae
747 1892 966 1933 hominum
999 1893 1135 1933 solum
1167 1891 1339 1932 auribus
1363 1890 1625 1946 judicantur.

186 1947 454 2012 Nariumque
486 1949 604 1999 item,
625 1958 669 1989 et
698 1957 735 1985 73
751 1949 950 2004 gustandi
982 1949 1137 2003 pariter
1167 1957 1210 1989 et
1239 1948 1442 2003 tangendi
1470 1961 1626 2002 magna

181 2001 344 2059 judicia
365 2014 476 2047 sunt.
519 2006 590 2046 Ad
611 2021 718 2061 quos
739 2020 883 2046 sensus
905 2005 1130 2061 capiendos
1152 2013 1195 2046 et
1216 2004 1507 2060 perfruendos,
1528 2004 1625 2059 plu-

187 2073 252 2101 res
272 2061 414 2112 etiam,
435 2077 563 2118 quam
585 2062 748 2113 vellem,
769 2071 877 2103 artes
898 2071 1073 2118 repertae
1095 2070 1205 2103 sunt.
1268 2061 1536 2116 Perspicuum
1560 2068 1626 2101 est

186 2116 313 2169 enim,
334 2133 419 2174 quo
440 2119 772 2174 compositiones
799 2128 1133 2175 unguentorum,
1155 2133 1240 2174 quo
1262 2118 1456 2159 ciborum
1477 2116 1627 2159 condi-

229 2273 269 2299 68
293 2268 371 2310 quod
392 2269 436 2298 his
461 2268 574 2298 naturis
602 2266 724 2308 relatus]
752 2270 885 2300 Videtur

185 2312 369 2342 addendum
382 2312 430 2349 ab,
443 2312 479 2341 ab
491 2312 534 2340 his
547 2313 660 2341 naturis
673 2312 779 2342 relatus
793 2324 883 2344 sonus.

184 2355 221 2384 ab
237 2355 280 2384 his
295 2355 420 2392 naturis,
438 2355 457 2385 i.
471 2365 498 2385 e.
516 2356 609 2385 rebus
621 2365 693 2394 quae
706 2363 782 2386 sunt
796 2358 883 2387 durae

186 2403 308 2427 natura.

229 2445 270 2473 69
301 2440 331 2469 in
348 2439 464 2479 fidibus
493 2440 633 2470 testudine
662 2449 808 2471 resonatur
833 2449 886 2471 aut

185 2481 284 2520 cornu]
304 2484 324 2512 i.
337 2491 364 2512 e.
381 2483 413 2512 in
431 2483 547 2513 fidibus
571 2485 685 2523 tegitur
707 2493 822 2523 corpus
837 2485 884 2515 in-

184 2526 353 2555 strumenti
371 2526 527 2555 testudine
543 2533 597 2555 aut
610 2536 722 2563 cornu,
736 2535 772 2556 ut
787 2537 884 2558 sonus

185 2568 300 2598 fidium
329 2576 481 2605 augeatur
503 2578 521 2597 a
545 2570 662 2599 duriori
685 2572 815 2600 materia
838 2580 884 2600 re-

183 2610 296 2650 pulsus
312 2617 342 2639 et
359 2610 485 2641 relatus.

230 2658 271 2688 70
287 2653 451 2692 referuntur
464 2652 627 2692 ampliores]
644 2654 694 2684 Sc.
705 2655 787 2692 soni,
797 2655 884 2694 quod

183 2705 203 2726 e
217 2696 314 2726 verbo
330 2703 477 2725 resonatur
493 2695 625 2735 intelligi
642 2703 760 2735 potest:
784 2699 838 2728 sed
855 2705 884 2727 et

185 2739 307 2769 addunt
329 2738 398 2768 libri
422 2739 567 2777 quidam,
585 2740 764 2780 recepitque
786 2741 884 2771 Davi-

183 2782 262 2817 sius,
278 2782 363 2821 quod
380 2781 496 2812 melius
513 2788 599 2820 pum.

230 2830 265 2859 71
297 2831 357 2855 tum
382 2828 579 2863 venustatemj
609 2831 671 2855 tum
695 2832 883 2865 suspectum

184 2873 243 2907 cst,
260 2868 336 2908 quia
350 2868 377 2899 ei
401 2867 448 2898 nii
469 2869 644 2908 respondet.
689 2868 723 2900 Si
738 2875 786 2900 est
799 2878 818 2900 a
833 2868 884 2899 Ci-

927 2279 1054 2306 cerone,
1076 2271 1103 2300 ei
1126 2271 1292 2310 respondet
1315 2278 1342 2300 et
1364 2278 1436 2302 ante
1459 2279 1492 2301 ut
1513 2271 1558 2302 ita
1579 2272 1625 2302 ds·-

927 2323 1000 2343 cam.
1026 2314 1200 2344 Lambinus
1216 2321 1247 2344 et
1261 2315 1408 2344 Davisius
1421 2314 1536 2344 delent.

972 2362 1010 2390 7⁶2
1034 2356 1221 2396 artificiosum
1231 2357 1393 2396 judicium,
1410 2368 1464 2398 quo
1469 2357 1625 2396 judicatur

925 2410 1035 2440 —quae
1065 2400 1207 2429 hominum
1235 2411 1258 2429 s.
1292 2400 1409 2428 auribus
1427 2400 1622 2442 judicantur]

930 2442 1009 2472 Haee
1026 2444 1170 2481 periodus
1186 2452 1251 2472 non
1266 2450 1312 2472 est
1327 2443 1365 2472 ad
1381 2443 1623 2475 Ciceronianam

927 2485 1118 2523 elegantiam
1148 2492 1275 2515 structa.
1324 2485 1503 2516 Deleverim
1534 2487 1626 2517 initio

927 2538 982 2568 quo
999 2528 1167 2567 judicatur,
1192 2529 1415 2567 interpungam
1439 2536 1508 2568 post
1530 2530 1623 2559 canti.

927 2571 987 2599 bus.
1028 2571 1064 2600 In
1082 2571 1145 2600 fine
1161 2571 1264 2609 legam
1282 2582 1326 2606 ea,
1340 2571 1390 2601 vel
1407 2582 1474 2613 quae
1487 2572 1623 2603 deleam.

971 2618 1009 2646 73
1025 2613 1163 2652 gustandi
1171 2615 1286 2652 pariter
1302 2620 1328 2642 et
1341 2615 1492 2654 tangendi]
1505 2615 1557 2645 Sic
1571 2617 1626 2645 be-

928 2665 967 2684 ne
983 2665 999 2685 e
1017 2656 1078 2686 Ms.
1095 2656 1196 2686 Aldus
1217 2666 1327 2696 nepos,
1344 2658 1457 2688 Lamb.
1476 2665 1506 2687 et
1527 2659 1625 2688 Davi-

926 2700 1004 2734 sius,
1028 2707 1179 2738 sequente
1208 2700 1346 2730 Buherio
1375 2708 1406 2731 et
1430 2701 1625 2732 Alemanno.

927 2741 1033 2780 Vulgo
1050 2749 1125 2779 arte,
1140 2743 1191 2772 vel
1214 2749 1322 2782 aperte.
1346 2745 1490 2774 lectionis
1507 2744 1624 2783 pariter

926 2786 1097 2823 vestigium
1116 2793 1163 2816 est
1185 2786 1219 2816 in
1235 2792 1337 2826 parte,
1355 2793 1389 2818 ut
1405 2787 1475 2818 libri
1490 2787 1622 2826 quidam

927 2827 1059 2860 habent.
