1778 3095
742 169 1075 207 SECUNDUS.

528 170 703 207 LIBER
1444 173 1521 214 437

94 276 305 319 sensiones
326 290 463 318 rerum
484 276 718 316 futurarum
749 273 848 329 quid
883 273 993 325 aliud
1026 272 1251 323 declarant,
1273 273 1351 314 nisi
1379 274 1552 323 homi-7

94 333 217 375 nibus
242 343 260 366 4
277 349 339 384 ea,
369 347 462 388 quae
492 331 587 381 sint,
618 331 798 380 ostendi,
820 330 1056 380 monstrari,
1086 328 1292 384 portendi,
1314 331 1482 383 praedici
1503 334 1515 374 ?

91 404 144 431 ex
176 406 260 446 quo
292 390 362 431 illa
394 397 571 438 ostenta,
603 392 804 437 monstra,
842 397 1048 441 portenta,
1081 385 1275 441 prodigia
1308 386 1518 428 dicuntur.

92 447 223 502 Quod
258 447 291 487 si
326 460 375 486 ea
410 445 505 485 ficta
539 443 746 484 credimus
780 443 947 483 licentia
976 442 1226 491 fabularum,
1263 451 1276 473 ⁵
1297 443 1518 496 Mopsum,

89 503 304 553 Tiresiam,
325 500 647 555 Amphiaraum,
672 499 962 547 Calchantem,
987 499 1218 546 l-lelenum3
1249 513 1354 553 quos
1378 510 1517 540 tamen

88 572 267 614 augures
289 573 339 598 ne
361 557 460 612 ipsae
483 556 649 612 quidem
674 556 826 596 sabulae
849 556 1100 603 ascivissent,
1123 555 1156 610 si
1177 569 1240 594 res
1262 555 1434 595 omnino
1456 570 1517 596 re-

88 616 333 669 pudiarent:
373 628 423 653 ne
455 613 696 653 domesticis
731 611 901 668 quidem
933 611 1133 665 exemplis·
1165 611 1326 660 fidocti‚
1363 625 1516 652 numen

86 671 262 712 deorum
283 669 651 724 comprobabimus
671 671 682 709 ?
718 668 820 709 nihil
852 683 926 709 nos
949 669 992 708 P.
1015 667 1195 717 Claudii,
1218 667 1329 707 bello
1359 667 1516 709 Punico

86 727 237 781 primo,
257 726 470 767 temeritas
488 726 685 775 movebit,
707 726 777 780 qui
798 725 924 765 etiam
946 739 1018 779 per
1034 725 1183 779 jocum
1201 724 1303 764 deos
1327 724 1513 775 irridens,

86 797 184 823 cum
217 797 340 823 cavea
375 782 537 823 liberati
577 782 681 837 pulli
716 797 799 822 non
836 791 1117 836 pascerentur,
1155 789 1169 817 7
1191 781 1324 836 mergi
1362 795 1435 821 eos
1472 781 1556 822 inb.

82 852 234 893 aquam
262 839 404 894 jussit,
427 847 472 879 ut
504 839 708 888 biberent,
730 839 929 893 quoniam
963 852 1051 878 esse
1085 837 1259 877 nollent.
1292 837 1363 892 qui
1394 837 1513 889 risus,

80 893 214 935 classe
234 895 408 946 devicta,
423 896 575 936 multas
596 895 675 950 ipsi
694 895 901 943 lacrimas,
918 908 1114 949 magnam
1139 893 1297 948 populo
1321 896 1514 935 Romano

81 950 245 991 cladem
285 951 439 993 attulit.
497 951 642 1007 Quid?
691 950 856 1005 collega
893 950 982 1005 ejus
1021 951 1170 991 Junius
1210 950 1359 990 eodem
1400 951 1514 992 bello

83 1021 221 1047 nonne
243 1016 492 1062 tempestate
523 1008 697 1048 classem
728 1007 881 1057 amisit,
902 1021 997 1047 cum
1030 1006 1223 1061 auspiciis
1244 1022 1326 1047 non
1350 1008 1513 1062 paruis-

79 1065 174 1104 set?
210 1065 359 1119 Itaque
393 1063 628 1104 SClaudius
660 1079 684 1104 a
714 1063 875 1119 populo
906 1062 1210 1103 condemnatus
1242 1074 1328 1104 est:
1360 1063 1547 1108 ,Iuniuss

79 1133 224 1160 necem
247 1120 325 1161 sibi
343 1121 432 1175 ipse
461 1120 675 1161 conscivit.
739 1119 789 1160 C.
813 1119 1062 1160 Flaminium
1090 1118 1278 1159 9Caelius
1310 1120 1513 1175 religione

78 1176 273 1231 neglecta
305 1176 504 1217 cecidisse
540 1176 652 1231 apud
683 1176 1007 1217 Thrasimenum
1041 1176 1186 1216 scribit
1221 1190 1318 1216 cum
1356 1191 1512 1231 magno

77 1232 321 1288 reipublicae
350 1233 532 1274 vulnere.
592 1234 789 1275 Quorum
821 1233 947 1273 exitio
979 1232 1158 1287 intelligi
1190 1242 1343 1287 potest,
1365 1248 1509 1274 eorum

77 1287 263 1344 imperiis
286 1289 587 1344 rempublicam
610 1289 923 1344 amplificatam,
945 1289 1017 1344 qui
1048 1289 1321 1344 religionibus
1350 1290 1510 1344 paruis-

79 1354 184 1386 sent.
242 1346 310 1395 Et,
331 1346 362 1386 si
394 1345 586 1386 conferre
616 1347 809 1386 volumus
840 1356 981 1386 nostra
1015 1360 1112 1385 cum
1145 1346 1341 1395 externis,
1364 1347 1510 1387 ceteris

78 1400 201 1442 rebus
232 1411 304 1442 aut
324 1416 457 1456 pareS,
479 1411 552 1443 aut
581 1403 706 1443 etiam
736 1402 949 1442 inferiores
976 1401 1258 1457 reperiemur:
1292 1402 1510 1457 religione,

76 1456 119 1496 id
149 1466 226 1506 est,
248 1459 366 1498 cultu
397 1458 586 1509 deorum,
608 1458 743 1499 multo
776 1459 1023 1513 superiores.
1082 1459 1151 1498 An
1183 1458 1291 1498 Attii
1314 1459 1434 1498 Navii
1458 1459 1547 1511 li-9

79 1520 176 1554 tuus
198 1514 281 1565 ille,
300 1529 385 1569 quo
410 1523 447 1546 10
463 1514 515 1555 ad
536 1515 871 1570 investigandum
905 1530 1022 1555 suem
1056 1515 1249 1569 regiones
1268 1515 1397 1555 vineae
1427 1528 1510 1556 ter·
1556 1565 1560 1568 Δ

77 1570 263 1619 minavit,
286 1571 618 1611 contemnendus
649 1581 712 1612 est
731 1573 742 1611 ?
776 1571 1005 1620 crederem,
1027 1572 1105 1611 nisi
1127 1571 1216 1626 ejus
1237 1571 1417 1626 augurio
1439 1587 1509 1613 rex

77 1633 112 1655 11
131 1626 338 1666 Hostilius
359 1627 541 1667 maxima
561 1627 670 1667 bella
687 1627 897 1682 gessisset.
958 1628 1040 1668 Sed
1073 1627 1330 1682 negligentia
1356 1629 1508 1669 nobili-

74 1682 185 1732 tatis,
221 1683 387 1737 augurii
423 1683 642 1738 disciplina
673 1684 840 1732 omissa,
873 1684 1022 1725 veritas
1056 1683 1337 1738 auspiciorum
1370 1694 1510 1738 spreta

73 1747 151 1789 est,
188 1739 347 1793 species
384 1748 548 1780 tantum
587 1748 761 1780 retenta.
822 1741 970 1794 Itaque
1021 1741 1213 1781 maximae
1265 1741 1507 1796 reipublicae

72 1804 226 1849 parteS,
248 1795 288 1835 in
310 1795 374 1836 his
395 1796 520 1847 bella,
543 1797 694 1851 quibus
716 1797 957 1851 reipublicae
980 1797 1088 1837 salus
1110 1797 1360 1846 continetur,
1384 1798 1508 1839 nullis

73 1851 268 1906 auspiciis
291 1851 662 1902 administrantur3
694 1853 808 1893 nulla
828 1855 1041 1908 peremnia
1071 1864 1300 1903 servantur,
1324 1854 1438 1894 nulla
1458 1869 1508 1896 ex

72 1907 358 1958 acuminibus3
392 1918 428 1940 12
446 1909 549 1949 nulli
570 1909 641 1949 viri
664 1920 878 1960 vocantur,
899 1924 949 1950 ex
969 1925 1054 1965 quo
1074 1910 1116 1950 in
1138 1910 1359 1965 procinctu
1380 1920 1508 1952 testa-

114 2051 131 2074 4
149 2056 193 2080 ea,
210 2054 275 2085 quae
291 2042 364 2084 sint]
386 2043 518 2073 Quoties
542 2046 603 2074 hoc
624 2044 697 2082 legi,
714 2054 766 2073 ve-

69 2086 116 2115 nit
145 2087 176 2116 in
206 2093 348 2116 mentem
379 2087 529 2117 excidisse
549 2089 675 2126 futura,
707 2088 766 2116 nisi

69 2129 222 2159 malimus
247 2139 263 2158 e
289 2130 538 2168 praecedentibus
566 2142 659 2159 rerum
676 2130 767 2169 futu-

69 2183 168 2201 rarum
194 2172 390 2210 intelligere3
414 2174 499 2212 quod
527 2181 632 2203 tamen
657 2173 766 2202 durius

70 2222 128 2244 est.

115 2265 129 2287 5
149 2258 296 2296 Mopsum,
315 2257 454 2288 Tiresiam
471 2256 546 2296 δῖα]
576 2258 615 2287 Ηί
639 2267 767 2287 accusa-

65 2300 119 2329 tivi
137 2300 245 2338 eficra
261 2301 399 2330 credimus
422 2302 580 2340 pendent:
604 2302 628 2331 si
654 2301 765 2330 fictum

68 2343 226 2373 credimus
252 2345 403 2383 Mopsum
423 2346 481 2373 &o
502 2354 576 2373 mox
606 2354 660 2383 pro
684 2351 767 2382 repu-

67 2385 182 2414 diarent
198 2387 311 2416 malim
329 2387 534 2426 repudiassent.

112 2428 229 2466 fidocti]
259 2430 310 2459 Sc.
331 2439 397 2460 esse
422 2430 498 2459 tales
525 2429 761 2467 praedictiones:

68 2469 179 2500 frustra
192 2472 244 2502 hic
261 2473 351 2503 haesit
366 2480 397 2502 et
412 2472 563 2502 laboravit
588 2473 632 2501 vir
652 2473 762 2502 doctus

72 2513 239 2543 Buherius.

113 2561 128 2590 7
147 2556 236 2594 mergi
252 2567 294 2585 eos
309 2557 339 2586 in
351 2558 470 2599 aquam]
489 2558 540 2587 Sic
552 2557 620 2588 libri
637 2567 763 2588 ornnes.

68 2604 166 2636 atque
188 2598 258 2628 inde
274 2600 357 2628 hanc
372 2602 640 2630 constructionem
658 2601 763 2630 firmat

68 2640 272 2671 Burmannus
297 2642 365 2671 Sec.
389 2644 426 2672 V.
452 2644 488 2673 C.
522 2643 655 2673 Anthol.
678 2644 717 2673 T.
738 2644 762 2673 1.

68 2692 98 2722 p.
115 2690 188 2716 394.
213 2691 353 2713 ceterum
377 2695 457 2724 saepe
480 2687 560 2716 mihi
585 2687 654 2716 haec
670 2687 764 2716 verba

68 2725 99 2754 in
113 2737 219 2766 aquam
233 2728 270 2756 de
286 2727 387 2765 glossa
406 2738 550 2768 suspecta
573 2730 659 2758 fuere
673 2741 679 2758 ε
704 2739 763 2758 nec

69 2774 191 2804 metuo,
206 2779 246 2799 ne
262 2770 351 2799 falso.

112 2817 129 2840 8
149 2810 300 2851 Claudius]
325 2811 435 2842 Delevi
451 2821 527 2843 cum
542 2814 671 2844 Davisio
684 2823 762 2853 prae-

67 2861 189 2883 nomen
209 2854 242 2884 P.
269 2856 351 2893 quod
381 2856 413 2884 in
440 2855 529 2885 nullo
554 2857 616 2887 Ms.
630 2858 760 2896 reperit:

69 2895 157 2926 abest
171 2902 201 2926 et
215 2897 321 2929 Guelf.
338 2904 367 2928 et
383 2898 414 2928 in
431 2907 529 2938 marg.
546 2900 594 2929 ed.
611 2899 722 2930 Lamb.

853 2052 871 2076 9
891 2043 1018 2083 Caelius}
1039 2045 1215 2075 Historicus
1240 2046 1431 2085 cognomine
1444 2046 1507 2077 An-

810 2087 928 2125 tipater,
946 2089 983 2118 de
1006 2098 1070 2126 quo
1094 2099 1124 2117 v.
1149 2089 1238 2118 ClaV.
1263 2090 1294 2118 in
1319 2089 1354 2118 C.
1373 2096 1403 2119 et
1417 2090 1507 2121 Anti-

810 2137 905 2168 pater,

856 2181 892 2202 10
908 2172 948 2201 ad
969 2172 1202 2212 investigandum
1229 2172 1320 2202 ruens⁸
1348 2174 1427 2205 Haec
1442 2184 1508 2205 ver-

811 2215 850 2244 ba
866 2225 941 2244 cum
956 2216 1091 2245 Euherio
1107 2215 1240 2245 delenda
1253 2218 1406 2255 judicavit
1422 2217 1508 2247 Pear-

810 2259 890 2287 cius.
916 2267 991 2287 nam
1017 2268 1080 2287 non
1103 2269 1178 2286 suem
1202 2260 1255 2289 sed
1278 2270 1368 2288 uvam
1387 2269 1507 2299 quaere-

810 2300 904 2329 bant:
930 2311 960 2330 v.
984 2302 1022 2330 de
1046 2301 1153 2330 Divin.
1179 2302 1205 2336 1,
1227 2309 1273 2336 17.
1298 2304 1383 2332 unde
1408 2310 1437 2332 et
1460 2304 1504 2333 sic

810 2343 868 2381 legi
896 2344 1024 2382 quidam
1053 2345 1178 2378 volunt,
1206 2344 1246 2372 ad
1271 2345 1504 2382 investigandam

808 2397 899 2414 uvam
916 2387 1072 2415 maximam
1086 2398 1093 2423 ¹,
1120 2394 1154 2415 ut
1176 2388 1336 2423 DavisiUS‚
1353 2388 1504 2427 probante

807 2429 943 2458 Buherio
959 2442 964 2457 z
990 2439 1054 2458 non
1071 2430 1161 2458 bene.

853 2479 886 2502 11
908 2471 1061 2508 Hostilius]
1083 2471 1254 2513 Tarquinius
1272 2481 1324 2501 rex
1350 2473 1419 2509 fuit,
1437 2483 1502 2504 non

810 2513 958 2544 Hostilius.
981 2515 1086 2553 itaque
1102 2524 1156 2543 aut
1173 2515 1357 2544 Ciceronem
1381 2526 1503 2547 memo-

806 2567 850 2586 ria
867 2557 1003 2596 lapsum,
1023 2565 1079 2587 aut
1103 2567 1220 2587 nomen
1248 2558 1373 2587 Hostilii
1396 2559 1503 2589 delen-

806 2601 884 2630 dum
902 2608 1024 2638 putant.
1049 2601 1110 2630 hoc
1134 2600 1247 2629 melius
1269 2602 1401 2631 videtur.
1425 2612 1500 2633 narn

807 2653 853 2672 res
877 2651 951 2673 nota
974 2644 1034 2673 fuit
1056 2644 1212 2679 Ciceroni,
1229 2644 1282 2681 qni
1300 2643 1321 2673 l.
1337 2654 1366 2674 c.
1388 2655 1501 2676 verum

807 2696 926 2715 nornen
949 2686 1054 2716 habet.
1099 2687 1254 2716 ssuherius
1275 2694 1370 2716 ettam
1395 2689 1502 2726 conje—

807 2730 850 2758 cit
861 2728 1013 2767 posterius.

851 2779 887 2802 12
913 2770 986 2799 nulli
1013 2771 1075 2800 viri
1099 2778 1252 2807 vocantvr,
1281 2783 1316 2800 ex
1342 2782 1395 2813 quo
1423 2769 1499 2811 δῖα]

805 2814 941 2844 Pertinet
956 2815 993 2843 ad
1016 2815 1125 2844 omina
1149 2814 1306 2849 militaria,
1323 2815 1407 2852 quod
1425 2824 1501 2844 cum

806 2857 838 2886 in
850 2857 973 2887 delectu
986 2857 1077 2896 primi
1093 2858 1226 2886 vocandi
1242 2864 1356 2891 essent,
1375 2857 1449 2886 item
1467 2856 1499 2887 in

805 2900 959 2938 principio
982 2900 1176 2939 praeliorum,
1192 2900 1348 2930 vocabant
1363 2908 1427 2935 eos,
1442 2899 1499 2938 qui

801 2940 907 2993 ng
