1778 3095
627 109 804 147 LIBER
832 107 1074 146 PRIMUS.
1496 112 1572 146 243

131 232 311 275 corpore
329 226 480 275 putent
499 230 589 258 esse
610 225 808 257 mortem.
831 225 942 266 sunt,
977 215 1049 271 qui
1080 213 1242 255 nullum
1271 225 1468 257 censeant
1487 215 1575 257 fieri

129 275 379 326 discessum,
403 274 475 316 sed
495 287 579 314 una
600 273 805 324 animum,
836 282 880 313 et
908 286 1062 327 corpus
1080 270 1286 322 occidere,
1306 280 1346 304 36
1360 272 1571 314 animum-

133 346 216 388 que
232 347 331 374 cum
360 344 538 385 corpore
565 329 791 384 exstingui.
822 329 895 384 qui
925 327 1139 370 discedere
1167 327 1356 368 animum
1386 338 1572 380 censent,

133 389 205 430 alii
226 389 367 430 statim
388 386 593 442 dissipari,
622 386 692 427 alii
722 386 796 427 diu
825 399 1084 441 permanere,
1115 383 1184 424 alii
1214 398 1394 440 semper.
1455 385 1573 440 Quid

131 445 186 486 sit
204 459 330 500 porro
359 444 448 498 ipse
477 443 656 493 animus,
689 450 763 483 aut
796 443 884 492 ubi,
924 452 996 483 aut
1027 440 1154 492 unde,
1189 456 1346 498 magna
1366 440 1571 482 dissensio

129 510 208 542 est.
238 500 328 541 aliis
356 514 430 540 cor
458 500 612 555 ipsum,
646 499 811 540 animus
848 499 1035 541 videtur:
1068 513 1117 539 ex
1147 512 1233 553 quo
1263 497 1480 548 excordes,
1500 512 1569 538 ve-

130 556 291 607 cordeS,
313 556 628 612 concordesque
659 556 883 597 dicuntur:
916 565 959 597 et
988 556 1146 597 Nasica
1175 554 1246 595 ille
1275 554 1474 611 prudens,
1504 554 1570 595 bis

130 612 293 663 consul,
316 612 566 663 Corculum,
589 622 631 653 et

241 693 382 743 Egregie
399 693 554 729 cordatus
574 693 664 729 homo
683 701 779 730 catus
799 692 918 731 AEliu'
939 694 1073 732 Sextus.

128 756 411 812 Empedocles
431 757 619 797 animum
642 771 733 798 esse
752 766 909 808 censet,
930 757 1047 799 cordi
1075 757 1280 799 suffusum
1303 757 1564 812 sanguinem.
1583 771 1630 811 19

128 812 220 854 aliis
242 828 337 869 pars
358 813 553 869 quaedam
574 813 733 854 cerebri
757 814 841 855 visa
866 824 929 856 est
954 815 1082 855 animi
1108 814 1391 870 principatum
1411 823 1566 855 tenere.

128 869 220 911 aliis
241 883 317 910 nec
339 884 413 910 cor
428 870 567 926 ipsum
588 870 740 926 placet,
761 885 836 911 nec
859 871 1018 912 cerebri
1045 870 1255 926 quandam
1274 880 1453 926 partem,
1476 885 1567 911 esse

128 926 348 968 animum:
379 927 453 968 sed
483 927 554 968 alii
583 927 626 967 in
661 927 803 978 corde,
837 928 906 969 alii
943 928 985 969 in
1020 929 1192 969 cerebro
1224 927 1418 969 dixerunt
1438 928 1566 968 animi

127 997 217 1024 esse
239 983 383 1024 sedem
403 992 446 1025 et
466 983 625 1025 locum.
655 985 843 1025 animum
872 994 1014 1026 autem
1044 984 1113 1025 alii
1141 985 1340 1036 animam,
1360 992 1397 1021 37
1410 994 1458 1026 ut
1481 985 1568 1025 fere

128 1040 261 1081 nostri
300 1039 514 1082 declarant
545 1055 713 1082 nomen.
748 1055 846 1081 nam
882 1050 924 1082 et
954 1056 1079 1097 agere
1117 1041 1316 1088 animam,
1353 1052 1394 1083 et
1428 1041 1568 1083 efflare

127 1097 324 1147 dicimus,
343 1107 385 1137 et
404 1098 632 1148 animosos,
651 1108 692 1138 et
714 1099 819 1138 bene
843 1098 1066 1148 animatos,
1097 1108 1140 1139 et
1169 1113 1220 1139 ex
1250 1099 1379 1139 animi
1400 1108 1566 1139 senten-

127 1154 212 1195 tia:
243 1154 332 1208 ipse
354 1162 496 1194 autem
517 1155 681 1196 animus
702 1154 755 1195 ab
777 1156 917 1195 anima
941 1154 1077 1196 dictus
1097 1164 1175 1196 est.
1235 1156 1399 1196 Zenoni
1420 1155 1567 1196 Stoico

129 1211 292 1251 animus
333 1210 443 1265 ignis
480 1211 656 1252 videtur.
714 1211 797 1252 Sed
843 1211 934 1252 haec
983 1211 1167 1267 quidem,
1209 1227 1303 1268 quae
1341 1212 1439 1260 dixi,
1478 1226 1567 1263 cor,
1586 1211 1652 1258 10

129 1267 367 1318 cerebrum,
402 1268 599 1318 animam,
631 1268 791 1323 ignem,
821 1268 976 1323 vulgo:
1010 1268 1169 1324 reliqua
1198 1269 1282 1309 fere
1318 1269 1487 1324 singuli,
1521 1278 1570 1311 ut

129 1323 253 1364 multi
279 1331 374 1365 ante
405 1332 576 1364 veteres.
608 1331 646 1356 38
660 1325 849 1365 Proxime
878 1334 1019 1365 autem
1041 1325 1336 1376 Aristoxenus,
1366 1326 1567 1377 musicus,
1580 1338 1633 1370 20

128 1380 330 1436 idemque
359 1379 653 1435 philosophus,
689 1382 820 1436 ipsius
855 1381 1042 1436 corporis
1071 1381 1402 1423 ij§tintentionem
1435 1397 1568 1438 quan-

129 1436 243 1487 dam,
264 1435 377 1477 velut
393 1436 437 1476 in
458 1448 598 1487 cantu,
619 1447 660 1478 et
693 1437 857 1488 fidibus,
885 1452 979 1492 quae
1006 1437 1226 1478 harmonia
1251 1439 1417 1488 dicitur,
1439 1440 1497 1480 sic
1518 1454 1571 1480 ex

129 1493 319 1547 corporis
353 1493 484 1533 totius
522 1503 684 1544 natura,
719 1502 761 1534 et
798 1494 946 1548 figura,
982 1495 1114 1535 varios
1142 1505 1284 1535 motus
1313 1495 1426 1546 cieri,
1458 1504 1569 1537 tam-

132 1563 260 1605 quam
280 1548 323 1588 in
343 1558 471 1589 cantu
493 1564 633 1590 sonos.
695 1550 780 1590 Hic
810 1552 863 1590 ab
895 1550 1070 1591 artificio
1101 1566 1177 1591 suo
1207 1566 1291 1591 non
1322 1552 1508 1604 recessit,
1527 1561 1572 1594 et

128 1614 272 1647 tamen
303 1604 408 1646 dixit
439 1605 612 1661 aliquid,
648 1606 763 1662 quod
796 1606 932 1661 ipsum
977 1607 1100 1662 quale
1140 1617 1265 1657 esset,
1304 1619 1393 1650 erat
1430 1610 1567 1651 multo
1580 1623 1611 1654 b.

127 1670 226 1703 ante
246 1670 289 1702 et
309 1661 486 1712 dictum,
509 1673 552 1703 et
577 1663 846 1718 explanatum
867 1678 891 1703 a
911 1664 1097 1705 Platone.
1158 1665 1418 1706 Xenocrates
1440 1666 1569 1707 animi

129 1718 324 1774 figuram,
346 1728 389 1759 et
409 1719 529 1774 quasi
548 1734 716 1776 corpus,
739 1721 905 1775 negavit
933 1735 1039 1771 esse,
1058 1736 1201 1762 verum
1219 1736 1443 1764 numerum
1466 1722 1572 1764 dixit

128 1789 234 1826 esse,
254 1775 374 1831 cujus
404 1776 477 1827 vis,
509 1785 557 1817 ut
579 1776 671 1832 jam
702 1788 824 1818 antea
856 1777 1109 1833 Pythagorae
1141 1778 1274 1819 visum
1305 1789 1409 1829 erat,
1432 1780 1474 1820 in
1496 1795 1570 1821 na-

128 1839 224 1872 tura
244 1831 427 1872 maxima
442 1842 565 1873 esset.
586 1833 620 1889 ej
630 1848 675 1873 us
692 1833 842 1874 doctor
859 1834 977 1874 Plato
995 1834 1204 1889 triplicem
1219 1835 1337 1876 finxit
1357 1836 1542 1878 animam
1560 1854 1570 1879 z

128 1887 252 1944 cujus
272 1888 569 1943 principatum,
600 1890 642 1930 id
671 1900 736 1930 est
765 1891 984 1941 rationem,
1016 1892 1057 1931 in
1088 1891 1239 1946 capite,
1266 1892 1376 1934 sicut
1396 1893 1437 1933 in
1458 1908 1571 1944 arce,

128 1944 298 1999 posuit:
328 1953 369 1976 40
383 1955 426 1986 et
447 1945 550 1986 duas
570 1955 705 2001 partes
726 1961 871 2002 parere
892 1947 1037 1998 voluit,
1069 1949 1173 1989 iram
1197 1959 1240 1989 et
1261 1949 1537 2004 cupiditatem
1558 1967 1567 1991 :

130 2015 235 2056 quas
270 2000 375 2042 locis
416 2001 633 2052 disclusit,
665 2003 769 2043 iram
804 2004 845 2044 in
886 2013 1072 2059 pectore,
1109 2005 1385 2060 cupiditatem.
1424 2007 1570 2048 subter

128 2057 362 2112 praecordia
382 2057 548 2099 locavit.
610 2059 881 2101 Dicaearchus
899 2071 1041 2101 autem
1072 2062 1114 2102 in
1137 2076 1187 2102 eo
1208 2077 1415 2114 sermone,
1440 2079 1566 2119 quem
1580 2071 1626 2102 21

132 2113 330 2155 Corinthi
351 2114 544 2155 habitum
575 2116 709 2156 tribus
737 2117 852 2157 libris
881 2118 1065 2172 exponit,
1097 2118 1321 2160 doctorum
1343 2120 1569 2162 hominum

129 2170 452 2226 disputantium,
483 2171 621 2227 primo
651 2172 760 2214 libro
793 2174 950 2214 multos
990 2175 1211 2230 loquentes
1241 2176 1368 2218 facit:
1401 2177 1572 2218 duobus

130 2226 425 2269 Pherecratem
456 2228 667 2284 quendam
700 2230 943 2271 Phthiotam
982 2245 1138 2282 senem,
1169 2247 1299 2288 quem
1328 2234 1387 2275 ait
1406 2249 1430 2274 a
1451 2235 1572 2275 Deu-

172 2335 212 2361 36
236 2330 419 2372 animumque
442 2342 504 2360 cum
528 2329 654 2371 corpore]
680 2332 731 2362 Sic
755 2334 825 2363 edd.

128 2380 203 2404 vett.
221 2374 307 2403 Med.
325 2374 396 2404 Ald.
409 2375 500 2404 Junt.
517 2375 574 2404 &c.
591 2375 661 2405 aliae
677 2376 717 2405 in.

172 2422 210 2452 37
235 2417 344 2457 atsere
359 2418 447 2446 nostri
467 2416 616 2446 declarant
637 2419 748 2457 nomen]
768 2419 826 2449 Lo·

128 2467 186 2489 cus
211 2460 264 2489 hic
291 2460 375 2489 varie
399 2460 524 2499 legitur.
550 2461 603 2490 sed
630 2461 722 2491 nulla
745 2462 825 2491 dum

130 2502 223 2532 lectio
246 2503 326 2533 mihi
352 2510 470 2542 reperta
492 2510 550 2540 est,
575 2513 648 2542 quae
672 2505 744 2535 satis
762 2505 829 2544 pla-

127 2551 222 2576 ceret.
245 2545 393 2574 declarant
416 2557 513 2574 nomen
539 2547 563 2576 si
588 2547 720 2584 abesset,
747 2547 828 2577 nihil

128 2587 344 2619 laboraremus
358 2599 365 2617 t
390 2589 559 2627 vulgatum
573 2597 630 2626 est,
644 2600 707 2628 quo
719 2591 826 2628 verbo,

129 2630 236 2660 animae
257 2641 301 2662 sc.
326 2633 422 2662 nostri
446 2642 500 2672 pro
523 2641 705 2672 synonymo
732 2641 828 2664 utunr

129 2679 191 2703 tur.

174 2721 214 2746 38
238 2716 374 2746 Proxime
389 2723 485 2746 autem
506 2716 564 2757 A.]
588 2718 750 2749 Bentleius
766 2720 828 2750 hoc

130 2765 208 2787 cum
244 2760 449 2790 antecedente
479 2761 659 2801 conjungit,
689 2769 722 2791 ut
744 2762 829 2792 multi

132 2806 199 2829 ante
214 2807 336 2839 veteres,
345 2803 479 2842 proxime
501 2811 606 2834 autem.
623 2814 740 2844 nempe
755 2806 830 2845 quia

131 2849 163 2871 et
191 2842 280 2873 Plato
307 2845 498 2884 hujusmodi
535 2846 611 2886 quid
648 2848 758 2878 statuit
795 2849 829 2878 in

869 2333 1029 2363 Phaedone
1058 2339 1091 2363 u!
1117 2341 1197 2371 ante,
1216 2336 1350 2374 proxime
1378 2343 1475 2366 autem
1505 2347 1572 2367 non

869 2376 950 2406 bene
966 2377 1183 2407 consentiunt.
1208 2379 1314 2418 itaque
1339 2380 1499 2410 Bentleius
1516 2390 1572 2420 pro

870 2418 956 2449 multi
972 2420 1098 2450 volebat
1114 2421 1174 2460 legi
1192 2421 1291 2451 multo.

914 2468 954 2495 39
978 2463 998 2492 i.
1017 2463 1270 2504 quandam,velut
1287 2464 1361 2503 δια]
1379 2466 1442 2495 Hic
1458 2476 1572 2497 Sensus

872 2515 937 2535 non
967 2509 1040 2536 satis
1080 2507 1205 2546 planus.
1252 2509 1330 2538 Edd.
1366 2519 1412 2548 pr.
1453 2510 1574 2540 habent

871 2556 940 2588 post
956 2549 1101 2590 quandam
1117 2550 1306 2581 semicolon,
1329 2551 1414 2582 clara
1429 2553 1485 2582 erit
1501 2563 1573 2583 sen-

872 2593 981 2627 tentia,
998 2594 1021 2622 si
1040 2602 1079 2622 ex
1102 2592 1185 2622 velut
1209 2594 1377 2625 fecerimus
1401 2602 1428 2624 et
1451 2602 1495 2633 ut,
1519 2597 1573 2626 cui

872 2636 984 2665 deinde
1002 2637 1168 2675 respondet
1180 2637 1229 2667 sic.

916 2685 957 2708 40
981 2685 1008 2707 et
1023 2679 1093 2708 duas
1105 2686 1206 2718 partes
1222 2687 1356 2719 separare
1371 2680 1482 2721 voluit]
1502 2681 1574 2712 Hoc

874 2721 1006 2761 intelligi
1031 2732 1097 2752 non
1121 2730 1233 2762 potest.
1259 2724 1322 2753 Ms.
1346 2724 1448 2754 Vatic.
1479 2725 1575 2754 habet

873 2764 945 2793 duas
954 2771 989 2804 p.
1002 2770 1106 2804 parere
1127 2765 1236 2803 voluit,
1261 2768 1348 2805 quod
1371 2774 1401 2796 et
1424 2768 1574 2797 Davisius

873 2814 904 2836 et
932 2807 1134 2839 Alemannus
1164 2818 1319 2849 recepere.
1350 2810 1491 2840 imitatus
1523 2820 1575 2841 eos

873 2859 960 2880 sum.

873 2903 949 2933 112
