1768 3095
227 130 275 162 12
557 117 836 161 ACADEM.
866 120 1314 161 QUAESTIONUM

223 242 320 286 quae
338 225 400 268 ad*
409 225 574 268 virtutis
593 232 719 268 usum
740 226 934 269 valerent.
991 227 1089 269 Jam
1107 227 1252 279 virtus,
1272 236 1313 263 ⁴9
1329 226 1457 269 animi
1475 226 1605 270 bonis⁵
1617 232 1664 270 et

223 283 412 342 corporis
431 283 614 325 cernitur
641 283 685 324 in
714 283 983 340 quibusdam,
1004 299 1099 349 quae
1121 299 1205 326 non
1224 293 1312 326 tam
1339 293 1514 336 naturae,
1533 286 1662 341 q'uam

222 342 358 384 beatae
377 341 472 381 vitae
493 340 692 397 adjuncta
722 350 833 382 sunt.
893 342 1127 382 Hominem
1159 355 1249 382 esse
1276 341 1517 392 censebant,
1543 340 1671 397 quasi*

222 407 385 455 partem
405 397 616 453 quandam
637 397 831 449 civitatis,
850 406 893 439 et
922 398 1099 439 universi
1128 397 1292 453 generis
1320 398 1510 448 humani,
1541 405 1662 438 eum-

224 469 306 512 que
326 468 415 495 esse
434 455 711 510 conjunctum
735 463 774 486 ⁵0
789 469 886 495 cum
907 454 1150 495 hominibus
1181 455 1367 496 humana
1392 453 1574 511 quadam
1595 453 1672 496 soa-¹

224 512 389 553 cietate.
447 511 514 551 Ac
553 510 605 550 de
643 525 811 551 summo
849 510 1034 566 quidem,
1071 520 1198 567 atque
1237 511 1417 553 naturali
1452 511 1568 552 bono
1605 511 1666 552 sic

223 576 371 624 agunt.
392 575 532 608 cetera
557 576 698 608 autem
722 576 755 599 ⁵1
773 568 980 622 pertinere
1010 567 1063 608 ad
1092 567 1133 608 id
1163 577 1329 623 putant,
1348 575 1423 609 aut
1450 567 1666 623 adaugen-

225 625 343 676 dum,
363 632 437 665 aut
457 623 678 674 tuendum,
709 633 759 664 ut
787 623 964 674 divitias,
984 634 1033 665 ut
1048 637 1179 679 ·opeS‚
1198 635 1247 666 ut
1275 624 1472 680 gloriam,
1491 632 1541 666 ut
1567 638 1667 680 gra·

163 690 213 721 22
225 682 343 722 tiam.
403 682 470 722 Ita
488 680 697 735 tripartita
716 681 769 720 ab
789 681 838 721 iis
857 680 1070 721 inducitur
1099 681 1207 721 ratio
1237 681 1463 721 bonorum.
1522 681 1669 736 Atque

179 738 318 788 6haec
337 737 407 779 illa
427 745 525 778 sunt
545 738 624 777 tria
651 751 822 792 genera,
844 752 936 792 qua?
969 746 1121 792 putant
1152 737 1339 794 plerique
1372 736 1673 792 Peripateticos*

225 795 378 836 dicere.
408 794 450 835 id
470 793 639 849 quidem
662 809 745 834 non
766 793 871 834 falso
893 811 901 833 :
934 803 999 834 est
1017 793 1127 833 enirn
1163 795 1252 835 hrec
1273 793 1445 849 partitio
1466 792 1635 834 illorum
1655 808 1666 833 ε

226 851 330 893 illud
349 850 649 906 imprudenter,
670 850 702 891 si
723 849 826 890 alios
845 864 933 891 esse
954 849 1250 901 Academicos,
1272 850 1344 906 qui
1363 858 1454 890 tum
1481 848 1676 905 appella-'

225 918 384 958 rentur,
404 907 508 948 alios
540 907 837 962 Peripateticos
868 906 1136 948 arbitrantur.
1198 905 1450 947 Communis
1478 905 1571 947 haec
1602 917 1676 947 ra-‘

227 965 302 1015 tio,
334 974 378 1005 et
409 963 597 1019 utrisque
633 963 700 1004 hic
732 964 941 1004 bonorum
979 963 1069 1004 finis
1100 963 1332 1013 videbatur,
1368 962 1542 1018 adipisci
1572 976 1669 1019 quae

227 1030 365 1062 essent
384 1020 519 1076 prima
538 1020 580 1060 in
603 1030 763 1070 natura,
783 1034 961 1076 quaeque
991 1019 1081 1075 ipsa
1109 1034 1182 1075 per
1210 1033 1298 1061 sese
1328 1018 1576 1075 expetenda,
1596 1024 1677 1060 aut*

228 1077 384 1127 omnia,
401 1085 476 1118 aut
493 1077 692 1118 maxima.
722 1091 771 1117 ea
791 1086 887 1117 sunt
908 1085 1049 1117 autem
1071 1076 1267 1127 maxima,
1287 1091 1381 1132 quae
1401 1076 1443 1117 in
1464 1075 1556 1130 ipso
1579 1075 1672 1116 ani·

227 1149 315 1184 mo,
335 1143 462 1189 atque
481 1132 524 1173 in
544 1133 636 1188 ipsa
654 1132 804 1174 virtute
824 1136 1052 1174 versantur.
1113 1134 1261 1189 Itaque
1291 1132 1430 1174 omnis
1459 1131 1531 1173 illa
1561 1131 1671 1173 anti-

228 1205 312 1246 qua
344 1189 614 1246 philosophia
645 1189 773 1230 sensit
804 1189 845 1230 in
879 1204 962 1230 una
992 1189 1142 1231 virtute
1172 1203 1261 1230 esse
1291 1190 1474 1244 positam
1501 1188 1670 1230 beatam

228 1247 356 1288 vitam
376 1263 384 1287 :
417 1260 492 1287 nec
514 1257 654 1287 tamen
679 1245 978 1296 beatissirnam,
998 1245 1077 1287 nisi
1107 1244 1437 1301 adjungerentur
1456 1244 1672 1300 etcorpo-

228 1304 300 1354 ris,
320 1311 363 1344 et
380 1312 532 1353 cetera,
554 1317 648 1357 quae
680 1315 806 1357 supra
824 1301 938 1342 dicta
957 1311 1069 1352 sunt,
1088 1301 1141 1342 ad
1160 1301 1326 1343 virtutis
1351 1315 1475 1342 usum
1505 1301 1671 1342 idonea.

168 1369 215 1400 23
231 1360 295 1401 Ex
319 1359 398 1400 hac
428 1358 722 1413 descriptione,
743 1356 897 1412 agendi
929 1371 1014 1413 quo
1046 1371 1098 1399 ue
1126 1357 1284 1413 aliquid
1303 1358 1345 1398 in
1365 1357 1463 1409 vita,
1484 1367 1527 1398 et
1546 1357 1673 1399 officii

229 1415 360 1470 ipsius
389 1415 557 1456 initium
589 1413 900 1470 reperiebatur:
931 1428 1016 1469 quo
1073 1423 1162 1455 erat
1193 1416 1236 1455 in
1266 1414 1584 1455 conservatione
1600 1429 1673 1456 ea-

229 1481 321 1512 rum
345 1485 499 1522 rerum,
519 1485 622 1527 quas
654 1478 802 1511 natura
831 1469 1130 1525 praescriberet.
1162 1469 1259 1510 hinc
1288 1469 1545 1525 gignebatur
1568 1471 1674 1527 fuga

185 1527 416 1578 b,desidiae,
446 1526 797 1582 voluptatumque
827 1526 1085 1568 contemtio:
1116 1540 1167 1567 ex
1200 1541 1285 1582 quo
1317 1526 1528 1577 laborum,
1549 1526 1673 1568 dolo—

228 1599 407 1641 rumque
442 1583 653 1639 susceptio
687 1583 934 1634 multorum,
973 1596 1241 1638 magnorum,
1280 1582 1383 1624 recti
1422 1581 1673 1640 honestique

229 1655 384 1691 causa;
421 1649 465 1681 et
496 1655 642 1681 earum
678 1653 832 1690 rerum,
868 1654 961 1696 quae
993 1648 1112 1680 erant
1144 1648 1427 1695 congruentes
1463 1654 1563 1681 cum
1597 1639 1673 1681 de-

229 1697 458 1754 scriptione
488 1705 662 1738 naturae.
695 1705 733 1729 ⁵²
750 1695 862 1737 unde
891 1705 933 1737 et
962 1695 1147 1737 amicitia
1165 1696 1405 1747 exsistebat,
1425 1704 1468 1738 et
1489 1696 1674 1752 justitia,

229 1762 356 1810 atque
377 1752 564 1810 aequitas.
597 1753 748 1809 haeque
767 1761 809 1793 et
829 1753 1130 1809 voluptatibus,
1151 1760 1190 1785 ⁵8
1208 1761 1250 1793 et
1269 1752 1414 1794 multis
1435 1752 1529 1794 vitae
1550 1767 1672 1795 com-

228 1811 367 1852 modis
398 1810 771 1865 anteponebantur.
831 1810 938 1851 Haec
969 1809 1139 1866 quidem
1159 1809 1239 1851 fuit
1259 1809 1371 1865 apud
1397 1823 1470 1850 eos
1501 1824 1672 1852 morum

227 1866 453 1917 institutio,
485 1875 527 1907 et
557 1867 646 1923 ejus
679 1865 823 1922 partis,
851 1881 977 1922 quam
1011 1866 1190 1922 primam
1221 1865 1360 1922 posui,
1379 1866 1517 1907 forma
1546 1875 1673 1924 atque

229 1920 470 1979 descriptio.

165 1994 217 2028 24
284 1980 355 2020 De
374 1988 523 2021 natura
542 1987 683 2021 autem
708 1979 767 2034 (id
787 1978 899 2020 enim
919 1979 1186 2035 sequebatur)
1207 1979 1265 2020 ita
1280 1978 1491 2030 dicebant,
1510 1987 1559 2021 ut
1578 1982 1689 2020 eam³

229 2035 459 2078 dividerent
484 2037 526 2077 in
554 2050 618 2077 res
648 2036 750 2078 duas
770 2053 779 2077 :
812 2044 859 2078 ut
879 2036 1009 2077 altera
1026 2045 1136 2078 esset
1156 2036 1354 2088 efficiens,
1374 2035 1508 2077 altera
1526 2039 1692 2078 autem'

270 2167 312 2193 49
327 2159 420 2189 animi
441 2159 517 2190 bonis
540 2167 568 2189 et
588 2159 727 2201 corporis]
756 2160 832 2190 bonis
854 2161 926 2200 qui-

227 2203 362 2234 busdam
379 2203 579 2242 superfluum
595 2205 701 2234 visum
717 2210 748 2233 et
767 2203 925 2234 omissum

227 2253 283 2277 est.
327 2246 496 2276 Walkerus
526 2254 631 2276 totum
661 2248 724 2276 hoc
752 2246 925 2277 delendum

228 2290 369 2328 putabat.
395 2290 486 2320 bene.
513 2290 625 2320 saltem
649 2291 725 2320 ordo
752 2291 926 2320 mutandus

228 2333 396 2362 verborum
423 2332 522 2362 virtus
548 2332 674 2362 cernitur
704 2333 735 2361 ἱη
759 2333 929 2374 quibusdam

228 2375 320 2404 animi
343 2382 371 2403 e!
394 2375 517 2414 corporis
540 2375 628 2411 bonis,
645 2385 718 2415 quae
741 2385 805 2405 non
831 2382 895 2405 tam
912 2385 929 2404 a

229 2427 341 2447 natura
356 2425 444 2454 sunt,
461 2420 514 2448 scd
535 2419 689 2457 acquisita
711 2419 815 2448 studio
829 2419 866 2448 ad
884 2419 928 2447 vi-

228 2467 295 2490 tam
311 2461 449 2490 beatam.

274 2511 313 2534 :20
330 2515 392 2532 cum
408 2503 564 2532 hominihus
580 2504 705 2532 humana
720 2515 746 2545 q.
765 2503 803 2542 s.]
819 2503 929 2534 Haese-

231 2555 261 2575 re
278 2546 332 2576 hic
354 2547 410 2576 viri
434 2547 566 2585 quidam
589 2548 686 2583 docti,
703 2555 929 2585 correxereque

230 2590 380 2620 communi.
427 2590 492 2628 Ego
516 2597 626 2628 putem
650 2590 838 2620 Ciceronem
854 2590 928 2619 scri-

230 2633 326 2671 psisse
353 2643 415 2661 cum
438 2632 565 2661 omnihus
590 2633 716 2661 humana
738 2645 767 2674 q.
785 2632 927 2662 societate.

230 2684 306 2705 narn
323 2675 444 2704 homines
461 2682 492 2712 et
505 2686 597 2704 omnes
611 2685 694 2714 saepe
711 2676 741 2705 in
758 2675 844 2706 libris
859 2685 928 2715 per-

230 2724 407 2748 mutantur.
425 2719 466 2748 ita
488 2717 579 2748 nulla
599 2719 733 2749 offensio
755 2719 811 2749 erit
827 2719 859 2748 in
876 2719 927 2747 hu-

230 2772 327 2791 mana.
359 2762 459 2791 homo
488 2761 682 2800 conjunctus
708 2768 754 2791 est
784 2762 927 2801 primum

229 2812 307 2834 curn
334 2805 455 2834 civibus
481 2805 559 2842 suis,
583 2805 696 2835 deinde
719 2814 796 2835 cum
820 2805 928 2834 omni-

229 2847 302 2886 bus,
318 2848 475 2886 societate,
492 2857 565 2887 quae
586 2848 731 2879 humana
751 2854 863 2879 natura
879 2848 927 2877 ni—

971 2168 1058 2192 titur.

1014 2212 1049 2235 51
1063 2199 1210 2243 pertin'ere
1225 2201 1266 2231 ad
1286 2200 1320 2230 id
1332 2207 1443 2240 putant
1457 2206 1510 2231 au!
1524 2200 1676 2242 adaugen-

969 2246 1036 2276 dum
1063 2252 1115 2275 au!
1139 2243 1289 2284 tuendum]
1320 2245 1355 2274 In
1383 2245 1453 2274 edd.
1476 2251 1523 2275 est
1552 2251 1605 2274 aut
1633 2244 1676 2276 ad

969 2300 1038 2327 aug.
1058 2295 1111 2318 aut
1134 2288 1282 2324 tuendum,
1306 2288 1482 2318 Lambinus
1498 2294 1689 2328 utrumque'

972 2332 1013 2360 ad
1025 2332 1138 2362 delevit
1155 2339 1184 2361 et
1199 2331 1294 2361 edidit
1309 2337 1361 2359 aut
1375 2329 1536 2370 augendum
1551 2337 1604 2360 aut
1626 2337 1675 2361 tu-

973 2374 1086 2411 endum,
1101 2376 1180 2415 utin
1195 2374 1273 2404 Cod.
1290 2374 1492 2404 Memmiano
1506 2371 1682 2413 repererat.'

973 2418 1004 2447 in
1029 2417 1126 2448 altero
1153 2427 1228 2448 eum
1254 2417 1396 2446 imitatus
1422 2426 1510 2453 sum,
1534 2416 1673 2447 alterum

973 2460 1083 2500 reliqui
1100 2462 1153 2491 scd
1170 2467 1204 2491 ut
1220 2469 1297 2490 curn
1314 2459 1475 2500 augendum
1497 2459 1673 2499 conjunge-

973 2513 1052 2534 rem.

1016 2553 1054 2577 52
1072 2546 1145 2576 unde
1168 2553 1195 2575 et
1217 2543 1363 2584 amic-itia]
1387 2545 1499 2576 Addidi
1516 2551 1544 2575 e!
1559 2554 1575 2576 e
1591 2544 1674 2576 MSS.

971 2597 1002 2619 et
1017 2591 1089 2620 edd.
1102 2596 1176 2620 vett.

1017 2639 1054 2663 53
1087 2639 1114 2661 e!
1138 2631 1237 2662 mullis
1264 2630 1341 2660 vitae
1370 2629 1533 2669 commodis]
1565 2629 1672 2669 Magis

972 2676 1127 2706 consentit
1159 2674 1281 2715 placitis
1308 2673 1572 2714 philosophorum
1599 2673 1674 2703 isto·

972 2729 1044 2749 rum
1059 2726 1086 2748 et
1101 2718 1210 2748 cunctis
1221 2728 1256 2746 v.
1273 2728 1298 2746 c.
1315 2723 1350 2746 ut
1366 2717 1490 2756 corrigit
1512 2716 1672 2746 Davisius,

974 2762 1052 2792 Mox
1071 2761 1168 2801 partis
1183 2761 1264 2792 edidi
1281 2769 1337 2799 pro
1351 2759 1438 2796 artis,
1456 2769 1488 2790 re
1503 2759 1671 2790 manifeste
1692 2758 1694 2760 ’

972 2805 1163 2845 postulante.
1208 2804 1260 2835 Sic
1275 2810 1306 2834 et
1321 2802 1468 2834 Davisius
1484 2802 1590 2834 edidit.
