<?xml version="1.0" encoding="UTF-8"?>
<!DOCTYPE html PUBLIC "-//W3C//DTD XHTML 1.0 Transitional//EN"
    "http://www.w3.org/TR/xhtml1/DTD/xhtml1-transitional.dtd">
<html xmlns="http://www.w3.org/1999/xhtml" xml:lang="en" lang="en">
 <head>
  <title>
</title>
<meta http-equiv="Content-Type" content="text/html;charset=utf-8" />
  <meta name='ocr-system' content='tesseract 3.04.00' />
  <meta name='ocr-capabilities' content='ocr_page ocr_carea ocr_par ocr_line ocrx_word'/>
</head>
<body>
  <div class='ocr_page' id='page_1' title='image "./p1operaomnia04ciceuoft_0348.png"; bbox 0 0 1778 3095; ppageno 0'>
   <div class='ocr_carea' id='block_1_1' title="bbox 82 101 1645 2242">
    <p class='ocr_par' dir='ltr' id='par_1_1' title="bbox 199 101 1634 325">
     <span class='ocr_line' id='line_1_1' title="bbox 199 101 1285 143; baseline 0 -1"><span class='ocrx_word' id='word_1_1' title='bbox 199 109 289 142; x_wconf 74' lang='lat'>&#39;340</span> <span class='ocrx_word' id='word_1_2' title='bbox 552 101 806 142; x_wconf 90' lang='lat' dir='ltr'>TUSCUL.</span> <span class='ocrx_word' id='word_1_3' title='bbox 837 104 1285 143; x_wconf 77' lang='lat' dir='ltr'><strong>QUAESTIONUM</strong></span> 
     </span>
     <span class='ocr_line' id='line_1_2' title="bbox 211 210 1634 269; baseline 0.001 -17"><span class='ocrx_word' id='word_1_4' title='bbox 211 219 352 252; x_wconf 83' lang='lat' dir='ltr'>autem</span> <span class='ocrx_word' id='word_1_5' title='bbox 373 210 554 263; x_wconf 87' lang='lat' dir='ltr'>avaritia,</span> <span class='ocrx_word' id='word_1_6' title='bbox 576 212 762 269; x_wconf 88' lang='lat' dir='ltr'>opinatio</span> <span class='ocrx_word' id='word_1_7' title='bbox 791 212 1012 254; x_wconf 90' lang='lat' dir='ltr'>vehemens</span> <span class='ocrx_word' id='word_1_8' title='bbox 1033 220 1070 250; x_wconf 78' lang='lat'>³7</span> <span class='ocrx_word' id='word_1_9' title='bbox 1086 213 1138 255; x_wconf 90' lang='lat' dir='ltr'>de</span> <span class='ocrx_word' id='word_1_10' title='bbox 1168 211 1360 268; x_wconf 90' lang='lat' dir='ltr'>pecunia,</span> <span class='ocrx_word' id='word_1_11' title='bbox 1381 211 1501 268; x_wconf 87' lang='lat' dir='ltr'>quasi</span> <span class='ocrx_word' id='word_1_12' title='bbox 1517 211 1634 254; x_wconf 80' lang='lat' dir='ltr'>valde</span> 
     </span>
     <span class='ocr_line' id='line_1_3' title="bbox 211 267 1633 325; baseline 0.001 -17"><span class='ocrx_word' id='word_1_13' title='bbox 211 267 455 324; x_wconf 85' lang='lat' dir='ltr'>expetenda,</span> <span class='ocrx_word' id='word_1_14' title='bbox 484 268 704 320; x_wconf 84' lang='lat' dir='ltr'>inhaerens,</span> <span class='ocrx_word' id='word_1_15' title='bbox 734 279 778 311; x_wconf 90' lang='lat' dir='ltr'>et</span> <span class='ocrx_word' id='word_1_16' title='bbox 808 269 973 325; x_wconf 91' lang='lat' dir='ltr'>penitus</span> <span class='ocrx_word' id='word_1_17' title='bbox 1003 270 1140 311; x_wconf 89' lang='lat' dir='ltr'>insita.</span> <span class='ocrx_word' id='word_1_18' title='bbox 1170 269 1399 324; x_wconf 87' lang='lat' dir='ltr'>similisque</span> <span class='ocrx_word' id='word_1_19' title='bbox 1428 278 1493 309; x_wconf 90' lang='lat' dir='ltr'>est</span> <span class='ocrx_word' id='word_1_20' title='bbox 1521 268 1633 323; x_wconf 89' lang='lat' dir='ltr'>ejus-</span> 
     </span>
    </p>

    <p class='ocr_par' dir='ltr' id='par_1_2' title="bbox 151 323 1636 607">
     <span class='ocr_line' id='line_1_4' title="bbox 151 323 1634 382; baseline -0.002 -14"><span class='ocrx_word' id='word_1_21' title='bbox 151 329 200 368; x_wconf 86' lang='lat'>27</span> <span class='ocrx_word' id='word_1_22' title='bbox 213 323 309 365; x_wconf 92' lang='lat' dir='ltr'>dem</span> <span class='ocrx_word' id='word_1_23' title='bbox 329 325 494 381; x_wconf 88' lang='lat' dir='ltr'>generis</span> <span class='ocrx_word' id='word_1_24' title='bbox 516 325 701 367; x_wconf 88' lang='lat' dir='ltr'>definitio</span> <span class='ocrx_word' id='word_1_25' title='bbox 724 326 991 382; x_wconf 89' lang='lat' dir='ltr'>reliquarum.</span> <span class='ocrx_word' id='word_1_26' title='bbox 1052 327 1340 368; x_wconf 89' lang='lat' dir='ltr'>Offensionum</span> <span class='ocrx_word' id='word_1_27' title='bbox 1368 333 1509 365; x_wconf 84' lang='lat' dir='ltr'>autem</span> <span class='ocrx_word' id='word_1_28' title='bbox 1531 325 1634 366; x_wconf 87' lang='lat' dir='ltr'>defi-</span> 
     </span>
     <span class='ocr_line' id='line_1_5' title="bbox 212 381 1634 438; baseline -0.001 -16"><span class='ocrx_word' id='word_1_29' title='bbox 212 381 389 423; x_wconf 88' lang='lat' dir='ltr'>nitiones</span> <span class='ocrx_word' id='word_1_30' title='bbox 425 391 523 423; x_wconf 87' lang='lat' dir='ltr'>sunt</span> <span class='ocrx_word' id='word_1_31' title='bbox 559 382 782 438; x_wconf 88' lang='lat' dir='ltr'>ejusmodi,</span> <span class='ocrx_word' id='word_1_32' title='bbox 816 392 860 423; x_wconf 90' lang='lat' dir='ltr'>ut</span> <span class='ocrx_word' id='word_1_33' title='bbox 895 383 1216 438; x_wconf 82' lang='lat' dir='ltr'>inhospitalitas,</span> <span class='ocrx_word' id='word_1_34' title='bbox 1247 382 1301 423; x_wconf 88' lang='lat' dir='ltr'>sit</span> <span class='ocrx_word' id='word_1_35' title='bbox 1336 381 1479 436; x_wconf 88' lang='lat' dir='ltr'>opinio</span> <span class='ocrx_word' id='word_1_36' title='bbox 1510 381 1634 422; x_wconf 89' lang='lat' dir='ltr'>vehe-</span> 
     </span>
     <span class='ocr_line' id='line_1_6' title="bbox 212 438 1636 494; baseline -0.001 -16"><span class='ocrx_word' id='word_1_37' title='bbox 212 452 345 489; x_wconf 82' lang='lat' dir='ltr'><strong>mens,</strong></span> <span class='ocrx_word' id='word_1_38' title='bbox 376 438 492 479; x_wconf 83' lang='lat' dir='ltr'>valde</span> <span class='ocrx_word' id='word_1_39' title='bbox 525 438 770 494; x_wconf 84' lang='lat' dir='ltr'>fugiendum</span> <span class='ocrx_word' id='word_1_40' title='bbox 807 453 897 479; x_wconf 88' lang='lat' dir='ltr'>esse</span> <span class='ocrx_word' id='word_1_41' title='bbox 931 439 1156 494; x_wconf 88' lang='lat' dir='ltr'>hospitem,</span> <span class='ocrx_word' id='word_1_42' title='bbox 1187 452 1318 494; x_wconf 89' lang='lat' dir='ltr'>eaque</span> <span class='ocrx_word' id='word_1_43' title='bbox 1347 438 1567 488; x_wconf 87' lang='lat' dir='ltr'>inhaerens,</span> <span class='ocrx_word' id='word_1_44' title='bbox 1593 446 1636 477; x_wconf 91' lang='lat' dir='ltr'>et</span> 
     </span>
     <span class='ocr_line' id='line_1_7' title="bbox 211 494 1636 550; baseline -0.001 -15"><span class='ocrx_word' id='word_1_45' title='bbox 211 496 377 549; x_wconf 90' lang='lat' dir='ltr'>penitus</span> <span class='ocrx_word' id='word_1_46' title='bbox 416 494 553 536; x_wconf 90' lang='lat' dir='ltr'>insita.</span> <span class='ocrx_word' id='word_1_47' title='bbox 593 495 865 550; x_wconf 75' lang='lat' dir='ltr'>similiterque</span> <span class='ocrx_word' id='word_1_48' title='bbox 901 494 1095 536; x_wconf 86' lang='lat' dir='ltr'>definitur</span> <span class='ocrx_word' id='word_1_49' title='bbox 1130 505 1172 535; x_wconf 89' lang='lat' dir='ltr'>et</span> <span class='ocrx_word' id='word_1_50' title='bbox 1212 495 1434 535; x_wconf 78' lang='lat' dir='ltr'>mulierum</span> <span class='ocrx_word' id='word_1_51' title='bbox 1474 494 1636 544; x_wconf 88' lang='lat' dir='ltr'>odium,</span> 
     </span>
     <span class='ocr_line' id='line_1_8' title="bbox 211 551 1368 607; baseline 0 -16"><span class='ocrx_word' id='word_1_52' title='bbox 211 559 250 582; x_wconf 65' lang='lat'>38</span> <span class='ocrx_word' id='word_1_53' title='bbox 268 561 316 592; x_wconf 90' lang='lat' dir='ltr'>ut</span> <span class='ocrx_word' id='word_1_54' title='bbox 338 552 565 607; x_wconf 86' lang='lat' dir='ltr'>Hippolyti</span> <span class='ocrx_word' id='word_1_55' title='bbox 582 568 593 601; x_wconf 83' lang='lat'><em>3</em></span> <span class='ocrx_word' id='word_1_56' title='bbox 624 560 680 601; x_wconf 90' lang='lat' dir='ltr'>et,</span> <span class='ocrx_word' id='word_1_57' title='bbox 702 560 749 592; x_wconf 91' lang='lat' dir='ltr'>ut</span> <span class='ocrx_word' id='word_1_58' title='bbox 767 551 972 601; x_wconf 82' lang='lat' dir='ltr'>Timonis,</span> <span class='ocrx_word' id='word_1_59' title='bbox 994 552 1159 605; x_wconf 83' lang='lat' dir='ltr'>generis</span> <span class='ocrx_word' id='word_1_60' title='bbox 1181 551 1368 592; x_wconf 88' lang='lat' dir='ltr'>humani.</span> 
     </span>
    </p>

    <p class='ocr_par' dir='ltr' id='par_1_3' title="bbox 132 606 1642 1282">
     <span class='ocr_line' id='line_1_9' title="bbox 132 606 1636 662; baseline -0.001 -14"><span class='ocrx_word' id='word_1_61' title='bbox 132 610 195 656; x_wconf 73' lang='lat'>12</span> <span class='ocrx_word' id='word_1_62' title='bbox 266 609 410 662; x_wconf 86' lang='lat' dir='ltr'><strong>Atque</strong></span> <span class='ocrx_word' id='word_1_63' title='bbox 438 614 478 641; x_wconf 75' lang='lat'>39</span> <span class='ocrx_word' id='word_1_64' title='bbox 491 616 537 648; x_wconf 93' lang='lat' dir='ltr'>ut</span> <span class='ocrx_word' id='word_1_65' title='bbox 565 607 617 647; x_wconf 89' lang='lat' dir='ltr'>ad</span> <span class='ocrx_word' id='word_1_66' title='bbox 637 606 872 648; x_wconf 87' lang='lat' dir='ltr'>valitudinis</span> <span class='ocrx_word' id='word_1_67' title='bbox 906 607 1222 648; x_wconf 88' lang='lat' dir='ltr'>similitudinem</span> <span class='ocrx_word' id='word_1_68' title='bbox 1252 607 1482 657; x_wconf 83' lang='lat' dir='ltr'>veniamus,</span> <span class='ocrx_word' id='word_1_69' title='bbox 1504 620 1636 662; x_wconf 89' lang='lat' dir='ltr'>eaque</span> 
     </span>
     <span class='ocr_line' id='line_1_10' title="bbox 210 662 1638 718; baseline -0.001 -14"><span class='ocrx_word' id='word_1_70' title='bbox 210 663 435 704; x_wconf 86' lang='lat' dir='ltr'>collatione</span> <span class='ocrx_word' id='word_1_71' title='bbox 456 673 624 704; x_wconf 87' lang='lat' dir='ltr'>utamur</span> <span class='ocrx_word' id='word_1_72' title='bbox 645 662 884 718; x_wconf 86' lang='lat' dir='ltr'>aliquando,</span> <span class='ocrx_word' id='word_1_73' title='bbox 904 662 978 703; x_wconf 86' lang='lat' dir='ltr'>sed</span> <span class='ocrx_word' id='word_1_74' title='bbox 1007 663 1186 717; x_wconf 89' lang='lat' dir='ltr'>parcius,</span> <span class='ocrx_word' id='word_1_75' title='bbox 1206 677 1333 718; x_wconf 89' lang='lat' dir='ltr'>quam</span> <span class='ocrx_word' id='word_1_76' title='bbox 1358 663 1493 704; x_wconf 85' lang='lat' dir='ltr'>solent</span> <span class='ocrx_word' id='word_1_77' title='bbox 1525 663 1638 703; x_wconf 91' lang='lat' dir='ltr'>Stoi-</span> 
     </span>
     <span class='ocr_line' id='line_1_11' title="bbox 210 719 1638 775; baseline -0.001 -14"><span class='ocrx_word' id='word_1_78' title='bbox 210 720 277 761; x_wconf 89' lang='lat' dir='ltr'>ci:</span> <span class='ocrx_word' id='word_1_79' title='bbox 309 729 355 761; x_wconf 90' lang='lat' dir='ltr'>ut</span> <span class='ocrx_word' id='word_1_80' title='bbox 386 729 483 760; x_wconf 91' lang='lat' dir='ltr'>sunt</span> <span class='ocrx_word' id='word_1_81' title='bbox 514 719 584 760; x_wconf 91' lang='lat' dir='ltr'>alii</span> <span class='ocrx_word' id='word_1_82' title='bbox 615 719 666 759; x_wconf 90' lang='lat' dir='ltr'>ad</span> <span class='ocrx_word' id='word_1_83' title='bbox 697 719 800 759; x_wconf 90' lang='lat' dir='ltr'>alios</span> <span class='ocrx_word' id='word_1_84' title='bbox 830 719 1002 759; x_wconf 88' lang='lat' dir='ltr'>morbos</span> <span class='ocrx_word' id='word_1_85' title='bbox 1027 719 1322 773; x_wconf 84' lang='lat' dir='ltr'>procliviores:</span> <span class='ocrx_word' id='word_1_86' title='bbox 1357 720 1513 775; x_wconf 89' lang='lat' dir='ltr'>(itaque</span> <span class='ocrx_word' id='word_1_87' title='bbox 1534 719 1638 759; x_wconf 90' lang='lat' dir='ltr'>dici-</span> 
     </span>
     <span class='ocr_line' id='line_1_12' title="bbox 208 774 1639 831; baseline 0.001 -14"><span class='ocrx_word' id='word_1_88' title='bbox 208 791 304 817; x_wconf 88' lang='lat' dir='ltr'>mus</span> <span class='ocrx_word' id='word_1_89' title='bbox 333 776 629 831; x_wconf 85' lang='lat' dir='ltr'>gravedinosos</span> <span class='ocrx_word' id='word_1_90' title='bbox 660 774 880 830; x_wconf 88' lang='lat' dir='ltr'>quosdam,</span> <span class='ocrx_word' id='word_1_91' title='bbox 903 775 1110 830; x_wconf 89' lang='lat' dir='ltr'>quosdam</span> <span class='ocrx_word' id='word_1_92' title='bbox 1141 775 1410 826; x_wconf 84' lang='lat' dir='ltr'>torminosos,</span> <span class='ocrx_word' id='word_1_93' title='bbox 1431 791 1513 816; x_wconf 88' lang='lat' dir='ltr'>non</span> <span class='ocrx_word' id='word_1_94' title='bbox 1540 775 1639 831; x_wconf 81' lang='lat' dir='ltr'>quia</span> 
     </span>
     <span class='ocr_line' id='line_1_13' title="bbox 202 831 1639 889; baseline 0 -16"><span class='ocrx_word' id='word_1_95' title='bbox 202 833 294 889; x_wconf 90' lang='lat' dir='ltr'>jam</span> <span class='ocrx_word' id='word_1_96' title='bbox 323 834 418 881; x_wconf 88' lang='lat' dir='ltr'>sint,</span> <span class='ocrx_word' id='word_1_97' title='bbox 440 841 478 864; x_wconf 70' lang='lat'>40</span> <span class='ocrx_word' id='word_1_98' title='bbox 497 831 570 872; x_wconf 87' lang='lat' dir='ltr'>sed</span> <span class='ocrx_word' id='word_1_99' title='bbox 596 832 694 887; x_wconf 88' lang='lat' dir='ltr'>quia</span> <span class='ocrx_word' id='word_1_100' title='bbox 722 846 834 887; x_wconf 80' lang='lat' dir='ltr'>saepe</span> <span class='ocrx_word' id='word_1_101' title='bbox 863 831 943 872; x_wconf 88' lang='lat' dir='ltr'>sint</span> <span class='ocrx_word' id='word_1_102' title='bbox 960 833 988 884; x_wconf 83' lang='lat'>3)</span> <span class='ocrx_word' id='word_1_103' title='bbox 1024 831 1082 872; x_wconf 89' lang='lat' dir='ltr'>sic</span> <span class='ocrx_word' id='word_1_104' title='bbox 1111 831 1181 871; x_wconf 84' lang='lat' dir='ltr'>alii</span> <span class='ocrx_word' id='word_1_105' title='bbox 1211 831 1264 871; x_wconf 87' lang='lat' dir='ltr'>ad</span> <span class='ocrx_word' id='word_1_106' title='bbox 1292 840 1468 883; x_wconf 90' lang='lat' dir='ltr'>metum,</span> <span class='ocrx_word' id='word_1_107' title='bbox 1490 832 1559 873; x_wconf 87' lang='lat' dir='ltr'>alii</span> <span class='ocrx_word' id='word_1_108' title='bbox 1586 831 1639 873; x_wconf 89' lang='lat' dir='ltr'>ad</span> 
     </span>
     <span class='ocr_line' id='line_1_14' title="bbox 209 887 1637 944; baseline 0 -15"><span class='ocrx_word' id='word_1_109' title='bbox 209 890 330 930; x_wconf 86' lang='lat' dir='ltr'>aliam</span> <span class='ocrx_word' id='word_1_110' title='bbox 355 888 727 943; x_wconf 84' lang='lat' dir='ltr'>perturbationem.</span> <span class='ocrx_word' id='word_1_111' title='bbox 758 903 808 929; x_wconf 87' lang='lat' dir='ltr'>ex</span> <span class='ocrx_word' id='word_1_112' title='bbox 839 902 924 944; x_wconf 90' lang='lat' dir='ltr'>quo</span> <span class='ocrx_word' id='word_1_113' title='bbox 955 888 996 929; x_wconf 90' lang='lat' dir='ltr'>in</span> <span class='ocrx_word' id='word_1_114' title='bbox 1027 888 1117 929; x_wconf 87' lang='lat' dir='ltr'>aliis</span> <span class='ocrx_word' id='word_1_115' title='bbox 1146 887 1348 938; x_wconf 82' lang='lat' dir='ltr'>anxietas,</span> <span class='ocrx_word' id='word_1_116' title='bbox 1368 888 1480 928; x_wconf 88' lang='lat' dir='ltr'>unde</span> <span class='ocrx_word' id='word_1_117' title='bbox 1501 889 1637 938; x_wconf 81' lang='lat' dir='ltr'>anxii3</span> 
     </span>
     <span class='ocr_line' id='line_1_15' title="bbox 211 944 1640 1000; baseline 0.001 -15"><span class='ocrx_word' id='word_1_118' title='bbox 211 955 247 977; x_wconf 79' lang='lat'>⁴1</span> <span class='ocrx_word' id='word_1_119' title='bbox 268 946 309 986; x_wconf 92' lang='lat' dir='ltr'>in</span> <span class='ocrx_word' id='word_1_120' title='bbox 332 945 422 986; x_wconf 88' lang='lat' dir='ltr'>aliis</span> <span class='ocrx_word' id='word_1_121' title='bbox 442 944 654 986; x_wconf 87' lang='lat' dir='ltr'>iracundia</span> <span class='ocrx_word' id='word_1_122' title='bbox 674 944 842 995; x_wconf 87' lang='lat' dir='ltr'>dicitur,</span> <span class='ocrx_word' id='word_1_123' title='bbox 863 960 958 1000; x_wconf 87' lang='lat' dir='ltr'>quae</span> <span class='ocrx_word' id='word_1_124' title='bbox 988 945 1041 986; x_wconf 90' lang='lat' dir='ltr'>ab</span> <span class='ocrx_word' id='word_1_125' title='bbox 1072 944 1133 985; x_wconf 89' lang='lat' dir='ltr'>ira</span> <span class='ocrx_word' id='word_1_126' title='bbox 1159 944 1299 985; x_wconf 87' lang='lat' dir='ltr'>differt.</span> <span class='ocrx_word' id='word_1_127' title='bbox 1318 961 1328 986; x_wconf 75' lang='lat' dir='ltr'>z</span> <span class='ocrx_word' id='word_1_128' title='bbox 1359 953 1506 999; x_wconf 88' lang='lat' dir='ltr'>estque</span> <span class='ocrx_word' id='word_1_129' title='bbox 1524 944 1640 986; x_wconf 90' lang='lat' dir='ltr'>aliud</span> 
     </span>
     <span class='ocr_line' id='line_1_16' title="bbox 210 1000 1638 1055; baseline -0.001 -13"><span class='ocrx_word' id='word_1_130' title='bbox 210 1001 456 1043; x_wconf 90' lang='lat' dir='ltr'>iracundum</span> <span class='ocrx_word' id='word_1_131' title='bbox 476 1016 581 1052; x_wconf 88' lang='lat' dir='ltr'>esse,</span> <span class='ocrx_word' id='word_1_132' title='bbox 601 1001 715 1043; x_wconf 89' lang='lat' dir='ltr'>aliud</span> <span class='ocrx_word' id='word_1_133' title='bbox 736 1002 887 1043; x_wconf 90' lang='lat' dir='ltr'>iratum</span> <span class='ocrx_word' id='word_1_134' title='bbox 906 1016 917 1051; x_wconf 85' lang='lat'><em>3</em></span> <span class='ocrx_word' id='word_1_135' title='bbox 948 1010 995 1042; x_wconf 88' lang='lat' dir='ltr'>ut</span> <span class='ocrx_word' id='word_1_136' title='bbox 1025 1000 1164 1042; x_wconf 85' lang='lat' dir='ltr'>differt</span> <span class='ocrx_word' id='word_1_137' title='bbox 1188 1000 1373 1042; x_wconf 83' lang='lat' dir='ltr'>anxietas</span> <span class='ocrx_word' id='word_1_138' title='bbox 1395 1001 1448 1041; x_wconf 87' lang='lat' dir='ltr'>ab</span> <span class='ocrx_word' id='word_1_139' title='bbox 1463 1014 1638 1055; x_wconf 67' lang='lat' dir='ltr'>angore.</span> 
     </span>
     <span class='ocr_line' id='line_1_17' title="bbox 211 1056 1641 1114; baseline -0.001 -15"><span class='ocrx_word' id='word_1_140' title='bbox 211 1073 347 1114; x_wconf 86' lang='lat' dir='ltr'>neque</span> <span class='ocrx_word' id='word_1_141' title='bbox 378 1058 491 1099; x_wconf 91' lang='lat' dir='ltr'>enim</span> <span class='ocrx_word' id='word_1_142' title='bbox 525 1072 672 1099; x_wconf 89' lang='lat' dir='ltr'>omnes</span> <span class='ocrx_word' id='word_1_143' title='bbox 703 1057 827 1108; x_wconf 88' lang='lat' dir='ltr'>anxii,</span> <span class='ocrx_word' id='word_1_144' title='bbox 859 1057 930 1112; x_wconf 94' lang='lat' dir='ltr'>qui</span> <span class='ocrx_word' id='word_1_145' title='bbox 960 1065 1172 1113; x_wconf 85' lang='lat' dir='ltr'>anguntur</span> <span class='ocrx_word' id='word_1_146' title='bbox 1201 1056 1441 1113; x_wconf 85' lang='lat' dir='ltr'>aliquandO,</span> <span class='ocrx_word' id='word_1_147' title='bbox 1462 1071 1538 1098; x_wconf 91' lang='lat' dir='ltr'>nec</span> <span class='ocrx_word' id='word_1_148' title='bbox 1569 1057 1641 1112; x_wconf 90' lang='lat' dir='ltr'>qui</span> 
     </span>
     <span class='ocr_line' id='line_1_18' title="bbox 208 1113 1638 1171; baseline -0.001 -15"><span class='ocrx_word' id='word_1_149' title='bbox 208 1115 333 1166; x_wconf 76' lang='lat' dir='ltr'>anxii,</span> <span class='ocrx_word' id='word_1_150' title='bbox 354 1130 518 1171; x_wconf 88' lang='lat' dir='ltr'>semper</span> <span class='ocrx_word' id='word_1_151' title='bbox 537 1124 749 1169; x_wconf 85' lang='lat' dir='ltr'>anguntur</span> <span class='ocrx_word' id='word_1_152' title='bbox 767 1130 777 1154; x_wconf 88' lang='lat'>:</span> <span class='ocrx_word' id='word_1_153' title='bbox 807 1124 854 1155; x_wconf 86' lang='lat' dir='ltr'>ut</span> <span class='ocrx_word' id='word_1_154' title='bbox 874 1115 979 1154; x_wconf 90' lang='lat' dir='ltr'>inter</span> <span class='ocrx_word' id='word_1_155' title='bbox 1010 1113 1271 1164; x_wconf 88' lang='lat' dir='ltr'>ebrietatem,</span> <span class='ocrx_word' id='word_1_156' title='bbox 1290 1121 1334 1154; x_wconf 86' lang='lat' dir='ltr'>et</span> <span class='ocrx_word' id='word_1_157' title='bbox 1351 1113 1638 1155; x_wconf 82' lang='lat' dir='ltr'>ebriositatem</span> 
     </span>
     <span class='ocr_line' id='line_1_19' title="bbox 209 1169 1640 1226; baseline -0.001 -14"><span class='ocrx_word' id='word_1_158' title='bbox 209 1173 383 1213; x_wconf 89' lang='lat' dir='ltr'>interest</span> <span class='ocrx_word' id='word_1_159' title='bbox 401 1189 410 1211; x_wconf 73' lang='grc' dir='ltr'>ε</span> <span class='ocrx_word' id='word_1_160' title='bbox 439 1169 635 1226; x_wconf 85' lang='lat' dir='ltr'>aliudque</span> <span class='ocrx_word' id='word_1_161' title='bbox 655 1179 719 1211; x_wconf 88' lang='lat' dir='ltr'>est</span> <span class='ocrx_word' id='word_1_162' title='bbox 737 1180 969 1211; x_wconf 86' lang='lat' dir='ltr'>amatorem</span> <span class='ocrx_word' id='word_1_163' title='bbox 1000 1184 1104 1220; x_wconf 88' lang='lat' dir='ltr'>esse,</span> <span class='ocrx_word' id='word_1_164' title='bbox 1124 1169 1239 1211; x_wconf 85' lang='lat' dir='ltr'>aliud</span> <span class='ocrx_word' id='word_1_165' title='bbox 1258 1179 1484 1211; x_wconf 86' lang='lat' dir='ltr'>amantem.</span> <span class='ocrx_word' id='word_1_166' title='bbox 1514 1179 1640 1225; x_wconf 82' lang='lat' dir='ltr'>atque</span> 
     </span>
     <span class='ocr_line' id='line_1_20' title="bbox 210 1226 1642 1282; baseline -0.002 -13"><span class='ocrx_word' id='word_1_167' title='bbox 210 1228 300 1269; x_wconf 83' lang='lat' dir='ltr'>haec</span> <span class='ocrx_word' id='word_1_168' title='bbox 322 1228 500 1269; x_wconf 86' lang='lat' dir='ltr'>aliorum</span> <span class='ocrx_word' id='word_1_169' title='bbox 522 1227 575 1268; x_wconf 92' lang='lat' dir='ltr'>ad</span> <span class='ocrx_word' id='word_1_170' title='bbox 595 1227 701 1268; x_wconf 88' lang='lat' dir='ltr'>alios</span> <span class='ocrx_word' id='word_1_171' title='bbox 720 1227 892 1267; x_wconf 89' lang='lat' dir='ltr'>morbos</span> <span class='ocrx_word' id='word_1_172' title='bbox 912 1226 1149 1282; x_wconf 85' lang='lat' dir='ltr'>proclivitas</span> <span class='ocrx_word' id='word_1_173' title='bbox 1168 1226 1252 1266; x_wconf 91' lang='lat' dir='ltr'>late</span> <span class='ocrx_word' id='word_1_174' title='bbox 1270 1233 1401 1281; x_wconf 86' lang='lat' dir='ltr'>patet.</span> <span class='ocrx_word' id='word_1_175' title='bbox 1429 1240 1526 1266; x_wconf 90' lang='lat' dir='ltr'>nam</span> <span class='ocrx_word' id='word_1_176' title='bbox 1547 1240 1642 1281; x_wconf 89' lang='lat' dir='ltr'>per-</span> 
     </span>
    </p>

    <p class='ocr_par' dir='ltr' id='par_1_4' title="bbox 147 1281 1644 1394">
     <span class='ocr_line' id='line_1_21' title="bbox 147 1281 1641 1338; baseline -0.001 -13"><span class='ocrx_word' id='word_1_177' title='bbox 147 1287 196 1318; x_wconf 82' lang='lat'>28</span> <span class='ocrx_word' id='word_1_178' title='bbox 211 1285 314 1325; x_wconf 88' lang='lat' dir='ltr'>tinet</span> <span class='ocrx_word' id='word_1_179' title='bbox 334 1285 386 1325; x_wconf 85' lang='lat' dir='ltr'>ad</span> <span class='ocrx_word' id='word_1_180' title='bbox 407 1298 553 1324; x_wconf 86' lang='lat' dir='ltr'>omnes</span> <span class='ocrx_word' id='word_1_181' title='bbox 573 1283 922 1338; x_wconf 83' lang='lat' dir='ltr'>perturbationes.</span> <span class='ocrx_word' id='word_1_182' title='bbox 982 1283 1032 1323; x_wconf 93' lang='lat' dir='ltr'>In</span> <span class='ocrx_word' id='word_1_183' title='bbox 1061 1282 1206 1324; x_wconf 88' lang='lat' dir='ltr'>multis</span> <span class='ocrx_word' id='word_1_184' title='bbox 1232 1282 1361 1323; x_wconf 88' lang='lat' dir='ltr'>etiam</span> <span class='ocrx_word' id='word_1_185' title='bbox 1383 1281 1491 1323; x_wconf 89' lang='lat' dir='ltr'>vitiis</span> <span class='ocrx_word' id='word_1_186' title='bbox 1512 1295 1641 1337; x_wconf 88' lang='lat' dir='ltr'>appa-</span> 
     </span>
     <span class='ocr_line' id='line_1_22' title="bbox 210 1338 1644 1394; baseline -0.002 -13"><span class='ocrx_word' id='word_1_187' title='bbox 210 1349 273 1381; x_wconf 88' lang='lat' dir='ltr'>ret</span> <span class='ocrx_word' id='word_1_188' title='bbox 290 1358 299 1381; x_wconf 72' lang='grc' dir='ltr'><em>τ</em></span> <span class='ocrx_word' id='word_1_189' title='bbox 331 1340 404 1381; x_wconf 89' lang='lat' dir='ltr'>sed</span> <span class='ocrx_word' id='word_1_190' title='bbox 425 1354 580 1381; x_wconf 87' lang='lat' dir='ltr'>nomen</span> <span class='ocrx_word' id='word_1_191' title='bbox 605 1354 671 1380; x_wconf 90' lang='lat' dir='ltr'>res</span> <span class='ocrx_word' id='word_1_192' title='bbox 700 1354 784 1380; x_wconf 91' lang='lat' dir='ltr'>non</span> <span class='ocrx_word' id='word_1_193' title='bbox 804 1339 945 1380; x_wconf 88' lang='lat' dir='ltr'>habet.</span> <span class='ocrx_word' id='word_1_194' title='bbox 974 1353 1079 1394; x_wconf 84' lang='lat' dir='ltr'>ergo</span> <span class='ocrx_word' id='word_1_195' title='bbox 1100 1348 1143 1380; x_wconf 90' lang='lat' dir='ltr'>et</span> <span class='ocrx_word' id='word_1_196' title='bbox 1161 1338 1303 1391; x_wconf 88' lang='lat' dir='ltr'>invidi,</span> <span class='ocrx_word' id='word_1_197' title='bbox 1322 1347 1364 1380; x_wconf 90' lang='lat' dir='ltr'>et</span> <span class='ocrx_word' id='word_1_198' title='bbox 1383 1338 1580 1389; x_wconf 90' lang='lat' dir='ltr'>malivoli,</span> <span class='ocrx_word' id='word_1_199' title='bbox 1599 1346 1644 1379; x_wconf 86' lang='lat' dir='ltr'>et</span> 
     </span>
    </p>

    <p class='ocr_par' dir='ltr' id='par_1_5' title="bbox 82 1394 1641 1508">
     <span class='ocr_line' id='line_1_23' title="bbox 82 1394 1641 1452; baseline -0.004 -11"><span class='ocrx_word' id='word_1_200' title='bbox 82 1412 114 1441; x_wconf 72' lang='grc'>1»-</span> <span class='ocrx_word' id='word_1_201' title='bbox 127 1409 200 1432; x_wconf 74' lang='lat'>21⁵·</span> <span class='ocrx_word' id='word_1_202' title='bbox 212 1397 340 1449; x_wconf 86' lang='lat' dir='ltr'>lividi,</span> <span class='ocrx_word' id='word_1_203' title='bbox 359 1405 402 1438; x_wconf 87' lang='lat' dir='ltr'>et</span> <span class='ocrx_word' id='word_1_204' title='bbox 418 1396 571 1446; x_wconf 88' lang='lat' dir='ltr'>timidi,</span> <span class='ocrx_word' id='word_1_205' title='bbox 591 1404 634 1437; x_wconf 87' lang='lat' dir='ltr'>et</span> <span class='ocrx_word' id='word_1_206' title='bbox 654 1395 960 1446; x_wconf 87' lang='lat' dir='ltr'>misericordes,</span> <span class='ocrx_word' id='word_1_207' title='bbox 979 1397 1077 1452; x_wconf 89' lang='lat' dir='ltr'>quia</span> <span class='ocrx_word' id='word_1_208' title='bbox 1096 1394 1298 1451; x_wconf 87' lang='lat' dir='ltr'>proclives</span> <span class='ocrx_word' id='word_1_209' title='bbox 1318 1395 1373 1437; x_wconf 91' lang='lat' dir='ltr'>ad</span> <span class='ocrx_word' id='word_1_210' title='bbox 1390 1409 1460 1437; x_wconf 88' lang='lat' dir='ltr'>eas</span> <span class='ocrx_word' id='word_1_211' title='bbox 1479 1405 1641 1450; x_wconf 87' lang='lat' dir='ltr'>pertur-</span> 
     </span>
     <span class='ocr_line' id='line_1_24' title="bbox 172 1451 1641 1508; baseline -0.002 -13"><span class='ocrx_word' id='word_1_212' title='bbox 172 1453 419 1505; x_wconf 76' lang='lat' dir='ltr'>a‘bationes,</span> <span class='ocrx_word' id='word_1_213' title='bbox 452 1468 536 1494; x_wconf 92' lang='lat' dir='ltr'>non</span> <span class='ocrx_word' id='word_1_214' title='bbox 567 1452 668 1508; x_wconf 90' lang='lat' dir='ltr'>quia</span> <span class='ocrx_word' id='word_1_215' title='bbox 695 1466 860 1508; x_wconf 88' lang='lat' dir='ltr'>semper</span> <span class='ocrx_word' id='word_1_216' title='bbox 889 1453 1093 1494; x_wconf 81' lang='lat' dir='ltr'>feruntur.</span> <span class='ocrx_word' id='word_1_217' title='bbox 1124 1452 1216 1493; x_wconf 89' lang='lat' dir='ltr'>haec</span> <span class='ocrx_word' id='word_1_218' title='bbox 1245 1452 1375 1508; x_wconf 85' lang='lat' dir='ltr'>igitur</span> <span class='ocrx_word' id='word_1_219' title='bbox 1403 1451 1641 1507; x_wconf 81' lang='lat' dir='ltr'>proclivitas</span> 
     </span>
    </p>

    <p class='ocr_par' dir='ltr' id='par_1_6' title="bbox 202 1507 1644 1621">
     <span class='ocr_line' id='line_1_25' title="bbox 212 1507 1643 1566; baseline -0.002 -15"><span class='ocrx_word' id='word_1_220' title='bbox 212 1510 263 1551; x_wconf 88' lang='lat' dir='ltr'>ad</span> <span class='ocrx_word' id='word_1_221' title='bbox 285 1525 408 1553; x_wconf 90' lang='lat' dir='ltr'>suum</span> <span class='ocrx_word' id='word_1_222' title='bbox 430 1509 630 1566; x_wconf 90' lang='lat' dir='ltr'>quodque</span> <span class='ocrx_word' id='word_1_223' title='bbox 649 1523 799 1565; x_wconf 87' lang='lat' dir='ltr'>genus,</span> <span class='ocrx_word' id='word_1_224' title='bbox 819 1524 843 1550; x_wconf 92' lang='lat' dir='ltr'>a</span> <span class='ocrx_word' id='word_1_225' title='bbox 862 1509 1134 1550; x_wconf 78' lang='lat' dir='ltr'>similitudine</span> <span class='ocrx_word' id='word_1_226' title='bbox 1153 1507 1341 1565; x_wconf 90' lang='lat' dir='ltr'>corporis</span> <span class='ocrx_word' id='word_1_227' title='bbox 1362 1517 1402 1540; x_wconf 78' lang='lat'>42</span> <span class='ocrx_word' id='word_1_228' title='bbox 1419 1508 1643 1563; x_wconf 86' lang='lat' dir='ltr'>aegrotatio</span> 
     </span>
     <span class='ocr_line' id='line_1_26' title="bbox 202 1563 1644 1621; baseline -0.001 -15"><span class='ocrx_word' id='word_1_229' title='bbox 202 1567 387 1619; x_wconf 84' lang='lat' dir='ltr'>dicatur,</span> <span class='ocrx_word' id='word_1_230' title='bbox 409 1567 513 1608; x_wconf 90' lang='lat' dir='ltr'>dum</span> <span class='ocrx_word' id='word_1_231' title='bbox 533 1580 583 1607; x_wconf 92' lang='lat' dir='ltr'>ea</span> <span class='ocrx_word' id='word_1_232' title='bbox 603 1566 863 1621; x_wconf 84' lang='lat' dir='ltr'>intelligatur</span> <span class='ocrx_word' id='word_1_233' title='bbox 891 1565 945 1607; x_wconf 92' lang='lat' dir='ltr'>ad</span> <span class='ocrx_word' id='word_1_234' title='bbox 974 1565 1266 1620; x_wconf 79' lang='lat' dir='ltr'>aegrotandum</span> <span class='ocrx_word' id='word_1_235' title='bbox 1287 1564 1538 1620; x_wconf 88' lang='lat' dir='ltr'>proclivitas.</span> <span class='ocrx_word' id='word_1_236' title='bbox 1569 1563 1644 1605; x_wconf 85' lang='lat' dir='ltr'>sed</span> 
     </span>
    </p>

    <p class='ocr_par' dir='ltr' id='par_1_7' title="bbox 210 1620 1642 1734">
     <span class='ocr_line' id='line_1_27' title="bbox 210 1620 1642 1680; baseline -0.003 -15"><span class='ocrx_word' id='word_1_237' title='bbox 210 1623 302 1665; x_wconf 91' lang='lat' dir='ltr'>haec</span> <span class='ocrx_word' id='word_1_238' title='bbox 331 1625 373 1665; x_wconf 93' lang='lat' dir='ltr'>in</span> <span class='ocrx_word' id='word_1_239' title='bbox 401 1623 524 1665; x_wconf 90' lang='lat' dir='ltr'>bonis</span> <span class='ocrx_word' id='word_1_240' title='bbox 554 1623 693 1674; x_wconf 89' lang='lat' dir='ltr'>rebus,</span> <span class='ocrx_word' id='word_1_241' title='bbox 715 1622 830 1680; x_wconf 89' lang='lat' dir='ltr'>quod</span> <span class='ocrx_word' id='word_1_242' title='bbox 852 1622 921 1663; x_wconf 87' lang='lat' dir='ltr'>alii</span> <span class='ocrx_word' id='word_1_243' title='bbox 941 1621 993 1663; x_wconf 85' lang='lat' dir='ltr'>ad</span> <span class='ocrx_word' id='word_1_244' title='bbox 1014 1622 1094 1663; x_wconf 90' lang='lat' dir='ltr'>alia</span> <span class='ocrx_word' id='word_1_245' title='bbox 1114 1622 1227 1663; x_wconf 86' lang='lat' dir='ltr'>bona</span> <span class='ocrx_word' id='word_1_246' title='bbox 1246 1629 1345 1662; x_wconf 84' lang='lat' dir='ltr'>sunt</span> <span class='ocrx_word' id='word_1_247' title='bbox 1363 1620 1560 1676; x_wconf 87' lang='lat' dir='ltr'>aptiores,</span> <span class='ocrx_word' id='word_1_248' title='bbox 1578 1621 1642 1661; x_wconf 86' lang='lat' dir='ltr'>fa-</span> 
     </span>
     <span class='ocr_line' id='line_1_28' title="bbox 210 1677 1642 1734; baseline -0.002 -13"><span class='ocrx_word' id='word_1_249' title='bbox 210 1680 347 1721; x_wconf 87' lang='lat' dir='ltr'>cilitas</span> <span class='ocrx_word' id='word_1_250' title='bbox 378 1680 631 1730; x_wconf 89' lang='lat' dir='ltr'>nominetur,</span> <span class='ocrx_word' id='word_1_251' title='bbox 662 1679 703 1720; x_wconf 89' lang='lat' dir='ltr'>in</span> <span class='ocrx_word' id='word_1_252' title='bbox 735 1678 855 1720; x_wconf 88' lang='lat' dir='ltr'>malis</span> <span class='ocrx_word' id='word_1_253' title='bbox 884 1678 1137 1734; x_wconf 78' lang='lat' dir='ltr'>proclivitas,</span> <span class='ocrx_word' id='word_1_254' title='bbox 1166 1687 1215 1719; x_wconf 90' lang='lat' dir='ltr'>ut</span> <span class='ocrx_word' id='word_1_255' title='bbox 1248 1677 1457 1733; x_wconf 85' lang='lat' dir='ltr'>significet</span> <span class='ocrx_word' id='word_1_256' title='bbox 1485 1677 1642 1733; x_wconf 89' lang='lat' dir='ltr'>lapsio-</span> 
     </span>
    </p>

    <p class='ocr_par' dir='ltr' id='par_1_8' title="bbox 133 1733 1644 1848">
     <span class='ocr_line' id='line_1_29' title="bbox 133 1733 1641 1790; baseline -0.003 -12"><span class='ocrx_word' id='word_1_257' title='bbox 133 1742 198 1790; x_wconf 79' lang='lat'>13</span> <span class='ocrx_word' id='word_1_258' title='bbox 210 1750 307 1777; x_wconf 87' lang='lat' dir='ltr'>nem</span> <span class='ocrx_word' id='word_1_259' title='bbox 326 1754 334 1778; x_wconf 92' lang='lat'><strong>:</strong></span> <span class='ocrx_word' id='word_1_260' title='bbox 368 1737 409 1778; x_wconf 93' lang='lat' dir='ltr'>in</span> <span class='ocrx_word' id='word_1_261' title='bbox 429 1736 587 1778; x_wconf 87' lang='lat' dir='ltr'>neutris</span> <span class='ocrx_word' id='word_1_262' title='bbox 607 1735 760 1777; x_wconf 88' lang='lat' dir='ltr'>habeat</span> <span class='ocrx_word' id='word_1_263' title='bbox 779 1735 970 1790; x_wconf 89' lang='lat' dir='ltr'>superius</span> <span class='ocrx_word' id='word_1_264' title='bbox 1000 1749 1168 1775; x_wconf 88' lang='lat' dir='ltr'>nomen.</span> <span class='ocrx_word' id='word_1_265' title='bbox 1228 1735 1330 1776; x_wconf 77' lang='lat' dir='ltr'>Quo</span> <span class='ocrx_word' id='word_1_266' title='bbox 1351 1733 1480 1774; x_wconf 92' lang='lat' dir='ltr'>modo</span> <span class='ocrx_word' id='word_1_267' title='bbox 1501 1743 1641 1775; x_wconf 88' lang='lat' dir='ltr'>autem</span> 
     </span>
     <span class='ocr_line' id='line_1_30' title="bbox 211 1789 1644 1848; baseline -0.003 -14"><span class='ocrx_word' id='word_1_268' title='bbox 211 1794 252 1834; x_wconf 91' lang='lat' dir='ltr'>in</span> <span class='ocrx_word' id='word_1_269' title='bbox 282 1807 458 1848; x_wconf 90' lang='lat' dir='ltr'>corpore</span> <span class='ocrx_word' id='word_1_270' title='bbox 487 1801 551 1834; x_wconf 91' lang='lat' dir='ltr'>est</span> <span class='ocrx_word' id='word_1_271' title='bbox 578 1792 768 1844; x_wconf 85' lang='lat' dir='ltr'>morbus,</span> <span class='ocrx_word' id='word_1_272' title='bbox 797 1801 863 1834; x_wconf 89' lang='lat' dir='ltr'>est</span> <span class='ocrx_word' id='word_1_273' title='bbox 892 1791 1115 1848; x_wconf 62' lang='lat' dir='ltr'>aegrotatio</span> <span class='ocrx_word' id='word_1_274' title='bbox 1136 1800 1179 1833; x_wconf 85' lang='lat' dir='ltr'>et</span> <span class='ocrx_word' id='word_1_275' title='bbox 1206 1790 1353 1831; x_wconf 86' lang='lat' dir='ltr'>vitium</span> <span class='ocrx_word' id='word_1_276' title='bbox 1368 1806 1380 1840; x_wconf 84' lang='lat'><em>3</em></span> <span class='ocrx_word' id='word_1_277' title='bbox 1411 1790 1470 1831; x_wconf 89' lang='lat' dir='ltr'>sic</span> <span class='ocrx_word' id='word_1_278' title='bbox 1491 1789 1534 1830; x_wconf 89' lang='lat' dir='ltr'>in</span> <span class='ocrx_word' id='word_1_279' title='bbox 1553 1790 1644 1830; x_wconf 91' lang='lat' dir='ltr'>ani-</span> 
     </span>
    </p>

    <p class='ocr_par' dir='ltr' id='par_1_9' title="bbox 148 1846 1645 2242">
     <span class='ocr_line' id='line_1_31' title="bbox 148 1846 1643 1905; baseline -0.001 -18"><span class='ocrx_word' id='word_1_280' title='bbox 148 1855 296 1898; x_wconf 80' lang='lat'>291110.</span> <span class='ocrx_word' id='word_1_281' title='bbox 357 1849 563 1891; x_wconf 89' lang='lat' dir='ltr'>Morbum</span> <span class='ocrx_word' id='word_1_282' title='bbox 582 1848 795 1905; x_wconf 88' lang='lat' dir='ltr'>appellant</span> <span class='ocrx_word' id='word_1_283' title='bbox 816 1848 947 1891; x_wconf 89' lang='lat' dir='ltr'>totius</span> <span class='ocrx_word' id='word_1_284' title='bbox 967 1847 1154 1902; x_wconf 85' lang='lat' dir='ltr'>corporis</span> <span class='ocrx_word' id='word_1_285' title='bbox 1178 1846 1509 1902; x_wconf 86' lang='lat' dir='ltr'>corruptionem.</span> <span class='ocrx_word' id='word_1_286' title='bbox 1564 1846 1643 1887; x_wconf 92' lang='lat' dir='ltr'>AE-</span> 
     </span>
     <span class='ocr_line' id='line_1_32' title="bbox 210 1903 1645 1963; baseline -0.002 -16"><span class='ocrx_word' id='word_1_287' title='bbox 210 1906 494 1963; x_wconf 85' lang='lat' dir='ltr'>grotationem</span> <span class='ocrx_word' id='word_1_288' title='bbox 513 1906 711 1947; x_wconf 91' lang='lat' dir='ltr'>morbum</span> <span class='ocrx_word' id='word_1_289' title='bbox 732 1919 830 1946; x_wconf 92' lang='lat' dir='ltr'>cum</span> <span class='ocrx_word' id='word_1_290' title='bbox 852 1903 1140 1946; x_wconf 84' lang='lat' dir='ltr'>imbecillitate</span> <span class='ocrx_word' id='word_1_291' title='bbox 1158 1920 1168 1945; x_wconf 73' lang='lat'>2</span> <span class='ocrx_word' id='word_1_292' title='bbox 1198 1903 1362 1953; x_wconf 88' lang='lat' dir='ltr'>vitium,</span> <span class='ocrx_word' id='word_1_293' title='bbox 1381 1918 1478 1943; x_wconf 88' lang='lat' dir='ltr'>cum</span> <span class='ocrx_word' id='word_1_294' title='bbox 1505 1912 1645 1958; x_wconf 88' lang='lat' dir='ltr'>partes</span> 
     </span>
     <span class='ocr_line' id='line_1_33' title="bbox 211 1959 1642 2018; baseline -0.003 -14"><span class='ocrx_word' id='word_1_295' title='bbox 211 1963 400 2018; x_wconf 89' lang='lat' dir='ltr'>corporis</span> <span class='ocrx_word' id='word_1_296' title='bbox 419 1963 526 2004; x_wconf 87' lang='lat' dir='ltr'>inter</span> <span class='ocrx_word' id='word_1_297' title='bbox 553 1977 597 2003; x_wconf 91' lang='lat' dir='ltr'>se</span> <span class='ocrx_word' id='word_1_298' title='bbox 627 1961 843 2003; x_wconf 89' lang='lat' dir='ltr'>dissident.</span> <span class='ocrx_word' id='word_1_299' title='bbox 874 1975 924 2002; x_wconf 85' lang='lat' dir='ltr'>ex</span> <span class='ocrx_word' id='word_1_300' title='bbox 945 1975 1030 2018; x_wconf 92' lang='lat' dir='ltr'>quo</span> <span class='ocrx_word' id='word_1_301' title='bbox 1051 1959 1230 2016; x_wconf 86' lang='lat' dir='ltr'>pravitas</span> <span class='ocrx_word' id='word_1_302' title='bbox 1252 1960 1556 2010; x_wconf 88' lang='lat' dir='ltr'>membrorum,</span> <span class='ocrx_word' id='word_1_303' title='bbox 1577 1959 1642 2000; x_wconf 87' lang='lat' dir='ltr'>di-</span> 
     </span>
     <span class='ocr_line' id='line_1_34' title="bbox 211 2016 1645 2074; baseline -0.003 -14"><span class='ocrx_word' id='word_1_304' title='bbox 211 2019 377 2071; x_wconf 79' lang='lat' dir='ltr'>stortio,</span> <span class='ocrx_word' id='word_1_305' title='bbox 411 2019 670 2060; x_wconf 87' lang='lat' dir='ltr'>deformitas.</span> <span class='ocrx_word' id='word_1_306' title='bbox 701 2018 844 2074; x_wconf 89' lang='lat' dir='ltr'>itaque</span> <span class='ocrx_word' id='word_1_307' title='bbox 878 2017 951 2058; x_wconf 90' lang='lat' dir='ltr'>illa</span> <span class='ocrx_word' id='word_1_308' title='bbox 983 2017 1085 2068; x_wconf 90' lang='lat' dir='ltr'>duo,</span> <span class='ocrx_word' id='word_1_309' title='bbox 1115 2017 1304 2067; x_wconf 89' lang='lat' dir='ltr'>morbus,</span> <span class='ocrx_word' id='word_1_310' title='bbox 1336 2024 1378 2057; x_wconf 90' lang='lat' dir='ltr'>et</span> <span class='ocrx_word' id='word_1_311' title='bbox 1407 2016 1645 2071; x_wconf 81' lang='lat' dir='ltr'>aegrotatio,</span> 
     </span>
     <span class='ocr_line' id='line_1_35' title="bbox 213 2073 1644 2130; baseline -0.003 -13"><span class='ocrx_word' id='word_1_312' title='bbox 213 2084 251 2107; x_wconf 71' lang='lat'>⁴2³</span> <span class='ocrx_word' id='word_1_313' title='bbox 266 2091 316 2117; x_wconf 86' lang='lat' dir='ltr'>ex</span> <span class='ocrx_word' id='word_1_314' title='bbox 335 2075 466 2118; x_wconf 85' lang='lat' dir='ltr'>totius</span> <span class='ocrx_word' id='word_1_315' title='bbox 486 2074 723 2117; x_wconf 86' lang='lat' dir='ltr'>valitudinis</span> <span class='ocrx_word' id='word_1_316' title='bbox 746 2075 968 2130; x_wconf 88' lang='lat' dir='ltr'>[corporis]</span> <span class='ocrx_word' id='word_1_317' title='bbox 993 2073 1343 2129; x_wconf 87' lang='lat' dir='ltr'>conquassatione</span> <span class='ocrx_word' id='word_1_318' title='bbox 1363 2081 1406 2113; x_wconf 85' lang='lat' dir='ltr'>et</span> <span class='ocrx_word' id='word_1_319' title='bbox 1424 2073 1644 2127; x_wconf 90' lang='lat' dir='ltr'>perturba-</span> 
     </span>
     <span class='ocr_line' id='line_1_36' title="bbox 211 2129 1645 2188; baseline -0.003 -15"><span class='ocrx_word' id='word_1_320' title='bbox 211 2133 328 2174; x_wconf 86' lang='lat' dir='ltr'>tione</span> <span class='ocrx_word' id='word_1_321' title='bbox 346 2133 606 2188; x_wconf 85' lang='lat' dir='ltr'>gignuntur:</span> <span class='ocrx_word' id='word_1_322' title='bbox 638 2131 783 2172; x_wconf 90' lang='lat' dir='ltr'>vitium</span> <span class='ocrx_word' id='word_1_323' title='bbox 805 2139 962 2182; x_wconf 88' lang='lat' dir='ltr'>autem,</span> <span class='ocrx_word' id='word_1_324' title='bbox 983 2130 1149 2185; x_wconf 85' lang='lat' dir='ltr'>integra</span> <span class='ocrx_word' id='word_1_325' title='bbox 1174 2129 1413 2179; x_wconf 89' lang='lat' dir='ltr'>valitudine,</span> <span class='ocrx_word' id='word_1_326' title='bbox 1435 2129 1573 2183; x_wconf 90' lang='lat' dir='ltr'>ipsum</span> <span class='ocrx_word' id='word_1_327' title='bbox 1593 2143 1645 2168; x_wconf 82' lang='lat' dir='ltr'>ex</span> 
     </span>
     <span class='ocr_line' id='line_1_37' title="bbox 212 2185 1642 2242; baseline -0.003 -12"><span class='ocrx_word' id='word_1_328' title='bbox 212 2203 255 2235; x_wconf 72' lang='lat' dir='ltr'>se</span> <span class='ocrx_word' id='word_1_329' title='bbox 276 2190 474 2232; x_wconf 87' lang='lat' dir='ltr'>cernitur.</span> <span class='ocrx_word' id='word_1_330' title='bbox 505 2188 579 2230; x_wconf 89' lang='lat' dir='ltr'>sed</span> <span class='ocrx_word' id='word_1_331' title='bbox 599 2188 642 2230; x_wconf 88' lang='lat' dir='ltr'>in</span> <span class='ocrx_word' id='word_1_332' title='bbox 660 2188 801 2230; x_wconf 88' lang='lat' dir='ltr'>animo</span> <span class='ocrx_word' id='word_1_333' title='bbox 820 2187 1120 2229; x_wconf 88' lang='lat' dir='ltr'>tantummodo</span> <span class='ocrx_word' id='word_1_334' title='bbox 1137 2185 1397 2242; x_wconf 86' lang='lat' dir='ltr'>cogitatione</span> <span class='ocrx_word' id='word_1_335' title='bbox 1416 2199 1642 2241; x_wconf 88' lang='lat' dir='ltr'>possumus</span> 
     </span>
    </p>
   </div>
   <div class='ocr_carea' id='block_1_2' title="bbox 212 2321 1646 2407">
    <p class='ocr_par' dir='ltr' id='par_1_10' title="bbox 212 2321 1646 2407">
     <span class='ocr_line' id='line_1_38' title="bbox 256 2321 1646 2368; baseline -0.005 -11"><span class='ocrx_word' id='word_1_336' title='bbox 256 2333 293 2361; x_wconf 72' lang='lat'>³7</span> <span class='ocrx_word' id='word_1_337' title='bbox 312 2326 347 2356; x_wconf 83' lang='lat' dir='ltr'>de</span> <span class='ocrx_word' id='word_1_338' title='bbox 357 2325 493 2366; x_wconf 74' lang='lat' dir='ltr'>pecunia,</span> <span class='ocrx_word' id='word_1_339' title='bbox 511 2327 594 2368; x_wconf 78' lang='lat' dir='ltr'>quasi</span> <span class='ocrx_word' id='word_1_340' title='bbox 610 2325 736 2365; x_wconf 80' lang='lat' dir='ltr'>petenda</span> <span class='ocrx_word' id='word_1_341' title='bbox 751 2324 803 2364; x_wconf 78' lang='lat' dir='ltr'>sit]</span> <span class='ocrx_word' id='word_1_342' title='bbox 827 2325 865 2355; x_wconf 84' lang='lat' dir='ltr'>sit</span> <span class='ocrx_word' id='word_1_343' title='bbox 879 2332 910 2355; x_wconf 83' lang='lat' dir='ltr'>et</span> <span class='ocrx_word' id='word_1_344' title='bbox 953 2330 1116 2355; x_wconf 83' lang='lat' dir='ltr'>mutatum</span> <span class='ocrx_word' id='word_1_345' title='bbox 1142 2324 1175 2354; x_wconf 81' lang='lat' dir='ltr'>in</span> <span class='ocrx_word' id='word_1_346' title='bbox 1200 2322 1266 2352; x_wconf 78' lang='lat' dir='ltr'>sint.</span> <span class='ocrx_word' id='word_1_347' title='bbox 1298 2322 1425 2353; x_wconf 80' lang='lat' dir='ltr'>fortasse</span> <span class='ocrx_word' id='word_1_348' title='bbox 1450 2329 1558 2351; x_wconf 81' lang='lat' dir='ltr'>tamen</span> <span class='ocrx_word' id='word_1_349' title='bbox 1586 2321 1646 2351; x_wconf 77' lang='lat' dir='ltr'>fuit</span> 
     </span>
     <span class='ocr_line' id='line_1_39' title="bbox 212 2368 1007 2407; baseline -0.004 -7"><span class='ocrx_word' id='word_1_350' title='bbox 212 2370 285 2401; x_wconf 76' lang='lat' dir='ltr'>h.1.</span> <span class='ocrx_word' id='word_1_351' title='bbox 302 2369 475 2400; x_wconf 87' lang='lat' dir='ltr'>delendum</span> <span class='ocrx_word' id='word_1_352' title='bbox 498 2376 528 2400; x_wconf 86' lang='lat' dir='ltr'>et</span> <span class='ocrx_word' id='word_1_353' title='bbox 549 2369 755 2401; x_wconf 85' lang='lat' dir='ltr'>scribendum</span> <span class='ocrx_word' id='word_1_354' title='bbox 779 2375 910 2407; x_wconf 76' lang='lat' dir='ltr'>expeten-</span> <span class='ocrx_word' id='word_1_355' title='bbox 953 2368 1007 2397; x_wconf 81' lang='lat' dir='ltr'>ita.</span> 
     </span>
    </p>
   </div>
   <div class='ocr_carea' id='block_1_3' title="bbox 213 2410 910 2879">
    <p class='ocr_par' dir='ltr' id='par_1_11' title="bbox 215 2410 910 2486">
     <span class='ocr_line' id='line_1_40' title="bbox 215 2410 910 2452; baseline 0.003 -12"><span class='ocrx_word' id='word_1_356' title='bbox 215 2412 263 2442; x_wconf 81' lang='lat' dir='ltr'>da.</span> <span class='ocrx_word' id='word_1_357' title='bbox 287 2420 318 2442; x_wconf 88' lang='lat' dir='ltr'>et</span> <span class='ocrx_word' id='word_1_358' title='bbox 339 2415 383 2442; x_wconf 85' lang='lat' dir='ltr'>sie</span> <span class='ocrx_word' id='word_1_359' title='bbox 407 2413 489 2443; x_wconf 86' lang='lat' dir='ltr'>Mss.</span> <span class='ocrx_word' id='word_1_360' title='bbox 504 2414 559 2452; x_wconf 86' lang='lat' dir='ltr'>qui</span> <span class='ocrx_word' id='word_1_361' title='bbox 575 2420 606 2443; x_wconf 88' lang='lat' dir='ltr'>et</span> <span class='ocrx_word' id='word_1_362' title='bbox 620 2413 741 2442; x_wconf 83' lang='lat' dir='ltr'>addunt</span> <span class='ocrx_word' id='word_1_363' title='bbox 756 2410 857 2448; x_wconf 77' lang='lat' dir='ltr'>valde,</span> <span class='ocrx_word' id='word_1_364' title='bbox 875 2418 910 2442; x_wconf 86' lang='lat' dir='ltr'>ut</span> 
     </span>
     <span class='ocr_line' id='line_1_41' title="bbox 215 2455 369 2486; baseline 0.006 -2"><span class='ocrx_word' id='word_1_365' title='bbox 215 2463 246 2485; x_wconf 79' lang='lat' dir='ltr'>et</span> <span class='ocrx_word' id='word_1_366' title='bbox 263 2455 369 2486; x_wconf 87' lang='lat' dir='ltr'>Guelf.</span> 
     </span>
    </p>

    <p class='ocr_par' dir='ltr' id='par_1_12' title="bbox 215 2496 906 2571">
     <span class='ocr_line' id='line_1_42' title="bbox 257 2496 906 2538; baseline -0.003 -10"><span class='ocrx_word' id='word_1_367' title='bbox 257 2504 297 2528; x_wconf 73' lang='lat'>38</span> <span class='ocrx_word' id='word_1_368' title='bbox 326 2505 358 2527; x_wconf 81' lang='lat' dir='ltr'>ut</span> <span class='ocrx_word' id='word_1_369' title='bbox 385 2496 550 2538; x_wconf 62' lang='lat' dir='ltr'>Hippegyti]</span> <span class='ocrx_word' id='word_1_370' title='bbox 583 2497 622 2527; x_wconf 90' lang='lat' dir='ltr'>In</span> <span class='ocrx_word' id='word_1_371' title='bbox 652 2496 752 2534; x_wconf 86' lang='lat' dir='ltr'>Atilii,</span> <span class='ocrx_word' id='word_1_372' title='bbox 782 2498 906 2535; x_wconf 83' lang='lat' dir='ltr'>opinor,</span> 
     </span>
     <span class='ocr_line' id='line_1_43' title="bbox 215 2540 333 2571; baseline 0 -1"><span class='ocrx_word' id='word_1_373' title='bbox 215 2540 333 2571; x_wconf 73' lang='lat' dir='ltr'>fabula.</span> 
     </span>
    </p>

    <p class='ocr_par' dir='ltr' id='par_1_13' title="bbox 214 2581 910 2706">
     <span class='ocr_line' id='line_1_44' title="bbox 257 2581 910 2620; baseline -0.002 -9"><span class='ocrx_word' id='word_1_374' title='bbox 257 2589 296 2615; x_wconf 77' lang='lat'>39</span> <span class='ocrx_word' id='word_1_375' title='bbox 313 2590 345 2611; x_wconf 76' lang='lat' dir='ltr'>ut</span> <span class='ocrx_word' id='word_1_376' title='bbox 361 2582 401 2611; x_wconf 83' lang='lat' dir='ltr'>ad</span> <span class='ocrx_word' id='word_1_377' title='bbox 414 2593 446 2612; x_wconf 77' lang='lat' dir='ltr'>v.</span> <span class='ocrx_word' id='word_1_378' title='bbox 464 2594 486 2612; x_wconf 82' lang='lat' dir='ltr'>s.</span> <span class='ocrx_word' id='word_1_379' title='bbox 509 2582 671 2620; x_wconf 58' lang='lat' dir='ltr'>veniamus]</span> <span class='ocrx_word' id='word_1_380' title='bbox 697 2581 802 2620; x_wconf 88' lang='lat' dir='ltr'>Vulgo</span> <span class='ocrx_word' id='word_1_381' title='bbox 826 2581 910 2612; x_wconf 80' lang='lat' dir='ltr'>male</span> 
     </span>
     <span class='ocr_line' id='line_1_45' title="bbox 214 2626 909 2663; baseline -0.001 -8"><span class='ocrx_word' id='word_1_382' title='bbox 214 2626 355 2655; x_wconf 68' lang='lat' dir='ltr'>veniam.-</span> <span class='ocrx_word' id='word_1_383' title='bbox 386 2634 462 2655; x_wconf 81' lang='lat' dir='ltr'>nam</span> <span class='ocrx_word' id='word_1_384' title='bbox 490 2632 559 2663; x_wconf 82' lang='lat' dir='ltr'>post</span> <span class='ocrx_word' id='word_1_385' title='bbox 585 2633 631 2655; x_wconf 85' lang='lat' dir='ltr'>est</span> <span class='ocrx_word' id='word_1_386' title='bbox 660 2632 787 2654; x_wconf 77' lang='lat' dir='ltr'>utamur.</span> <span class='ocrx_word' id='word_1_387' title='bbox 815 2632 909 2663; x_wconf 88' lang='lat' dir='ltr'>atque</span> 
     </span>
     <span class='ocr_line' id='line_1_46' title="bbox 214 2667 597 2706; baseline -0.005 -8"><span class='ocrx_word' id='word_1_388' title='bbox 214 2670 259 2699; x_wconf 85' lang='lat' dir='ltr'>sic</span> <span class='ocrx_word' id='word_1_389' title='bbox 275 2669 371 2698; x_wconf 80' lang='lat' dir='ltr'>etiam</span> <span class='ocrx_word' id='word_1_390' title='bbox 385 2668 464 2697; x_wconf 83' lang='lat' dir='ltr'>Mss.</span> <span class='ocrx_word' id='word_1_391' title='bbox 482 2667 597 2706; x_wconf 80' lang='lat' dir='ltr'>plures.</span> 
     </span>
    </p>

    <p class='ocr_par' dir='ltr' id='par_1_14' title="bbox 213 2706 910 2879">
     <span class='ocr_line' id='line_1_47' title="bbox 257 2706 908 2751; baseline -0.005 -12"><span class='ocrx_word' id='word_1_392' title='bbox 257 2719 298 2742; x_wconf 86' lang='lat'>40</span> <span class='ocrx_word' id='word_1_393' title='bbox 321 2710 370 2739; x_wconf 70' lang='lat' dir='ltr'>sed</span> <span class='ocrx_word' id='word_1_394' title='bbox 394 2711 464 2751; x_wconf 77' lang='lat' dir='ltr'>quia</span> <span class='ocrx_word' id='word_1_395' title='bbox 485 2717 559 2749; x_wconf 81' lang='lat' dir='ltr'>saepe</span> <span class='ocrx_word' id='word_1_396' title='bbox 581 2710 660 2738; x_wconf 79' lang='lat' dir='ltr'>sint:</span> <span class='ocrx_word' id='word_1_397' title='bbox 683 2708 739 2738; x_wconf 72' lang='lat' dir='ltr'>alii</span> <span class='ocrx_word' id='word_1_398' title='bbox 754 2706 825 2746; x_wconf 64' lang='grc' dir='ltr'>ἃς]</span> <span class='ocrx_word' id='word_1_399' title='bbox 852 2708 908 2737; x_wconf 75' lang='lat' dir='ltr'>sint</span> 
     </span>
     <span class='ocr_line' id='line_1_48' title="bbox 214 2751 909 2784; baseline -0.006 0"><span class='ocrx_word' id='word_1_400' title='bbox 214 2753 327 2784; x_wconf 87' lang='lat' dir='ltr'>delevit</span> <span class='ocrx_word' id='word_1_401' title='bbox 351 2754 498 2784; x_wconf 80' lang='lat' dir='ltr'>Davisius</span> <span class='ocrx_word' id='word_1_402' title='bbox 521 2760 553 2782; x_wconf 87' lang='lat' dir='ltr'>et</span> <span class='ocrx_word' id='word_1_403' title='bbox 576 2752 692 2782; x_wconf 83' lang='lat' dir='ltr'>addidit</span> <span class='ocrx_word' id='word_1_404' title='bbox 714 2751 773 2781; x_wconf 81' lang='lat' dir='ltr'>sic.-</span> <span class='ocrx_word' id='word_1_405' title='bbox 798 2751 830 2781; x_wconf 89' lang='lat' dir='ltr'>in</span> <span class='ocrx_word' id='word_1_406' title='bbox 846 2752 909 2780; x_wconf 86' lang='lat' dir='ltr'>hoc</span> 
     </span>
     <span class='ocr_line' id='line_1_49' title="bbox 213 2794 910 2834; baseline -0.004 -8"><span class='ocrx_word' id='word_1_407' title='bbox 213 2806 289 2827; x_wconf 87' lang='lat' dir='ltr'>eum</span> <span class='ocrx_word' id='word_1_408' title='bbox 306 2798 404 2826; x_wconf 87' lang='lat' dir='ltr'>secuti</span> <span class='ocrx_word' id='word_1_409' title='bbox 427 2806 555 2831; x_wconf 76' lang='lat' dir='ltr'>sumuS,</span> <span class='ocrx_word' id='word_1_410' title='bbox 571 2797 646 2834; x_wconf 85' lang='lat' dir='ltr'>quia</span> <span class='ocrx_word' id='word_1_411' title='bbox 670 2796 700 2825; x_wconf 93' lang='lat' dir='ltr'>id</span> <span class='ocrx_word' id='word_1_412' title='bbox 724 2794 862 2834; x_wconf 82' lang='lat' dir='ltr'>postulat</span> <span class='ocrx_word' id='word_1_413' title='bbox 877 2801 910 2823; x_wconf 81' lang='lat' dir='ltr'>ut</span> 
     </span>
     <span class='ocr_line' id='line_1_50' title="bbox 214 2839 908 2879; baseline -0.003 -11"><span class='ocrx_word' id='word_1_414' title='bbox 214 2839 246 2870; x_wconf 87' lang='lat' dir='ltr'>in</span> <span class='ocrx_word' id='word_1_415' title='bbox 277 2840 491 2870; x_wconf 81' lang='lat' dir='ltr'>antecedente.</span> <span class='ocrx_word' id='word_1_416' title='bbox 529 2846 623 2879; x_wconf 79' lang='lat' dir='ltr'>atque</span> <span class='ocrx_word' id='word_1_417' title='bbox 654 2839 684 2868; x_wconf 85' lang='lat' dir='ltr'>id</span> <span class='ocrx_word' id='word_1_418' title='bbox 714 2844 814 2876; x_wconf 81' lang='lat' dir='ltr'>potest</span> <span class='ocrx_word' id='word_1_419' title='bbox 843 2846 908 2867; x_wconf 77' lang='lat' dir='ltr'>esse</span> 
     </span>
    </p>
   </div>
   <div class='ocr_carea' id='block_1_4' title="bbox 950 2403 1647 2867">
    <p class='ocr_par' dir='ltr' id='par_1_15' title="bbox 950 2403 1646 2532">
     <span class='ocr_line' id='line_1_51' title="bbox 996 2403 1646 2446; baseline -0.003 -8"><span class='ocrx_word' id='word_1_420' title='bbox 996 2416 1033 2439; x_wconf 73' lang='lat'>41</span> <span class='ocrx_word' id='word_1_421' title='bbox 1066 2408 1096 2437; x_wconf 84' lang='lat' dir='ltr'>in</span> <span class='ocrx_word' id='word_1_422' title='bbox 1122 2407 1191 2437; x_wconf 80' lang='lat' dir='ltr'>aliis</span> <span class='ocrx_word' id='word_1_423' title='bbox 1218 2407 1368 2436; x_wconf 79' lang='lat' dir='ltr'>iracundia</span> <span class='ocrx_word' id='word_1_424' title='bbox 1398 2403 1520 2446; x_wconf 71' lang='lat' dir='ltr'>dicitur]</span> <span class='ocrx_word' id='word_1_425' title='bbox 1561 2405 1646 2436; x_wconf 86' lang='lat' dir='ltr'>Bene</span> 
     </span>
     <span class='ocr_line' id='line_1_52' title="bbox 950 2449 1645 2489; baseline -0.007 -6"><span class='ocrx_word' id='word_1_426' title='bbox 950 2452 1098 2483; x_wconf 85' lang='lat' dir='ltr'>Davisius</span> <span class='ocrx_word' id='word_1_427' title='bbox 1122 2451 1254 2481; x_wconf 82' lang='lat' dir='ltr'>correxit</span> <span class='ocrx_word' id='word_1_428' title='bbox 1281 2449 1414 2489; x_wconf 70' lang='lat' dir='ltr'>efficitur,</span> <span class='ocrx_word' id='word_1_429' title='bbox 1438 2449 1492 2479; x_wconf 85' lang='lat' dir='ltr'>etsi</span> <span class='ocrx_word' id='word_1_430' title='bbox 1517 2449 1585 2479; x_wconf 87' lang='lat' dir='ltr'>sine</span> <span class='ocrx_word' id='word_1_431' title='bbox 1609 2449 1645 2479; x_wconf 89' lang='lat' dir='ltr'>li-</span> 
     </span>
     <span class='ocr_line' id='line_1_53' title="bbox 951 2493 1452 2532; baseline -0.01 -7"><span class='ocrx_word' id='word_1_432' title='bbox 951 2496 1024 2525; x_wconf 88' lang='lat' dir='ltr'>bris.</span> <span class='ocrx_word' id='word_1_433' title='bbox 1069 2494 1148 2524; x_wconf 86' lang='lat' dir='ltr'>Puto</span> <span class='ocrx_word' id='word_1_434' title='bbox 1165 2504 1229 2523; x_wconf 84' lang='lat' dir='ltr'>esse</span> <span class='ocrx_word' id='word_1_435' title='bbox 1244 2503 1263 2523; x_wconf 80' lang='lat' dir='ltr'>a</span> <span class='ocrx_word' id='word_1_436' title='bbox 1275 2493 1452 2532; x_wconf 80' lang='lat' dir='ltr'>glossatore.</span> 
     </span>
    </p>

    <p class='ocr_par' dir='ltr' id='par_1_16' title="bbox 952 2533 1647 2697">
     <span class='ocr_line' id='line_1_54' title="bbox 996 2533 1646 2576; baseline -0.006 -9"><span class='ocrx_word' id='word_1_437' title='bbox 996 2544 1035 2573; x_wconf 70' lang='lat'>42</span> <span class='ocrx_word' id='word_1_438' title='bbox 1048 2536 1199 2576; x_wconf 60' lang='lat' dir='ltr'>‘egrotatio</span> <span class='ocrx_word' id='word_1_439' title='bbox 1214 2536 1340 2571; x_wconf 79' lang='lat' dir='ltr'>dicatur,</span> <span class='ocrx_word' id='word_1_440' title='bbox 1357 2535 1423 2563; x_wconf 82' lang='lat' dir='ltr'>dum</span> <span class='ocrx_word' id='word_1_441' title='bbox 1447 2533 1646 2573; x_wconf 75' lang='lat' dir='ltr'>intelligatur]</span> 
     </span>
     <span class='ocr_line' id='line_1_55' title="bbox 952 2578 1647 2617; baseline -0.006 -7"><span class='ocrx_word' id='word_1_442' title='bbox 952 2580 1015 2610; x_wconf 88' lang='lat' dir='ltr'>Alii</span> <span class='ocrx_word' id='word_1_443' title='bbox 1031 2580 1149 2615; x_wconf 81' lang='lat' dir='ltr'>dicitur,</span> <span class='ocrx_word' id='word_1_444' title='bbox 1170 2586 1200 2608; x_wconf 84' lang='lat' dir='ltr'>et</span> <span class='ocrx_word' id='word_1_445' title='bbox 1222 2590 1284 2608; x_wconf 87' lang='lat' dir='ltr'>cum</span> <span class='ocrx_word' id='word_1_446' title='bbox 1298 2590 1308 2607; x_wconf 85' lang='lat'>.·</span> <span class='ocrx_word' id='word_1_447' title='bbox 1331 2579 1415 2617; x_wconf 83' lang='lat' dir='ltr'>quod</span> <span class='ocrx_word' id='word_1_448' title='bbox 1439 2578 1507 2607; x_wconf 85' lang='lat' dir='ltr'>ferri</span> <span class='ocrx_word' id='word_1_449' title='bbox 1531 2584 1647 2606; x_wconf 88' lang='lat' dir='ltr'>utcun-</span> 
     </span>
     <span class='ocr_line' id='line_1_56' title="bbox 953 2620 1647 2662; baseline -0.006 -9"><span class='ocrx_word' id='word_1_450' title='bbox 953 2633 1015 2661; x_wconf 78' lang='lat' dir='ltr'>que</span> <span class='ocrx_word' id='word_1_451' title='bbox 1031 2630 1141 2662; x_wconf 84' lang='lat' dir='ltr'>potest.</span> <span class='ocrx_word' id='word_1_452' title='bbox 1162 2623 1215 2651; x_wconf 87' lang='lat' dir='ltr'>sed</span> <span class='ocrx_word' id='word_1_453' title='bbox 1231 2623 1256 2651; x_wconf 85' lang='lat' dir='ltr'>si</span> <span class='ocrx_word' id='word_1_454' title='bbox 1272 2622 1339 2651; x_wconf 61' lang='lat' dir='ltr'>ilum</span> <span class='ocrx_word' id='word_1_455' title='bbox 1362 2620 1486 2659; x_wconf 86' lang='lat' dir='ltr'>legitur,</span> <span class='ocrx_word' id='word_1_456' title='bbox 1504 2629 1647 2650; x_wconf 59' lang='lat' dir='ltr'>neeessa-</span> 
     </span>
     <span class='ocr_line' id='line_1_57' title="bbox 955 2664 1235 2697; baseline -0.007 -1"><span class='ocrx_word' id='word_1_457' title='bbox 955 2667 1039 2697; x_wconf 78' lang='lat' dir='ltr'>tium</span> <span class='ocrx_word' id='word_1_458' title='bbox 1050 2672 1096 2696; x_wconf 83' lang='lat' dir='ltr'>est</span> <span class='ocrx_word' id='word_1_459' title='bbox 1111 2664 1235 2694; x_wconf 73' lang='lat' dir='ltr'>dicatur.</span> 
     </span>
    </p>

    <p class='ocr_par' dir='ltr' id='par_1_17' title="bbox 952 2704 1647 2867">
     <span class='ocr_line' id='line_1_58' title="bbox 996 2704 1647 2743; baseline -0.005 -7"><span class='ocrx_word' id='word_1_460' title='bbox 996 2716 1034 2739; x_wconf 71' lang='lat'>43</span> <span class='ocrx_word' id='word_1_461' title='bbox 1064 2719 1099 2736; x_wconf 83' lang='lat' dir='ltr'>ex</span> <span class='ocrx_word' id='word_1_462' title='bbox 1125 2708 1210 2736; x_wconf 69' lang='lat' dir='ltr'>totius</span> <span class='ocrx_word' id='word_1_463' title='bbox 1236 2705 1411 2736; x_wconf 79' lang='lat' dir='ltr'>valitudinis</span> <span class='ocrx_word' id='word_1_464' title='bbox 1437 2704 1558 2743; x_wconf 79' lang='lat' dir='ltr'>corporis</span> <span class='ocrx_word' id='word_1_465' title='bbox 1583 2715 1647 2734; x_wconf 79' lang='lat' dir='ltr'>con-</span> 
     </span>
     <span class='ocr_line' id='line_1_59' title="bbox 953 2748 1645 2792; baseline -0.004 -12"><span class='ocrx_word' id='word_1_466' title='bbox 953 2748 1144 2792; x_wconf 63' lang='lat' dir='ltr'>quassatione}</span> <span class='ocrx_word' id='word_1_467' title='bbox 1161 2750 1239 2779; x_wconf 88' lang='lat' dir='ltr'>Puto</span> <span class='ocrx_word' id='word_1_468' title='bbox 1252 2748 1372 2788; x_wconf 75' lang='lat' dir='ltr'>corporis</span> <span class='ocrx_word' id='word_1_469' title='bbox 1384 2758 1449 2779; x_wconf 84' lang='lat' dir='ltr'>esse</span> <span class='ocrx_word' id='word_1_470' title='bbox 1461 2748 1645 2777; x_wconf 81' lang='lat' dir='ltr'>delendum.</span> 
     </span>
     <span class='ocr_line' id='line_1_60' title="bbox 952 2792 1645 2833; baseline -0.006 -9"><span class='ocrx_word' id='word_1_471' title='bbox 952 2794 1137 2833; x_wconf 83' lang='lat' dir='ltr'>intelligitur</span> <span class='ocrx_word' id='word_1_472' title='bbox 1152 2795 1238 2822; x_wconf 86' lang='lat' dir='ltr'>enim</span> <span class='ocrx_word' id='word_1_473' title='bbox 1255 2802 1308 2831; x_wconf 90' lang='lat' dir='ltr'>per</span> <span class='ocrx_word' id='word_1_474' title='bbox 1329 2802 1373 2828; x_wconf 87' lang='lat' dir='ltr'>se,</span> <span class='ocrx_word' id='word_1_475' title='bbox 1391 2801 1467 2821; x_wconf 88' lang='lat' dir='ltr'>cum</span> <span class='ocrx_word' id='word_1_476' title='bbox 1483 2792 1521 2821; x_wconf 87' lang='lat' dir='ltr'>de</span> <span class='ocrx_word' id='word_1_477' title='bbox 1536 2799 1645 2829; x_wconf 74' lang='lat' dir='ltr'>corpo-</span> 
     </span>
     <span class='ocr_line' id='line_1_61' title="bbox 953 2835 1451 2867; baseline -0.006 0"><span class='ocrx_word' id='word_1_478' title='bbox 953 2838 991 2867; x_wconf 74' lang='lat' dir='ltr'>ris</span> <span class='ocrx_word' id='word_1_479' title='bbox 1009 2837 1125 2867; x_wconf 69' lang='lat' dir='ltr'>morbis</span> <span class='ocrx_word' id='word_1_480' title='bbox 1141 2843 1171 2866; x_wconf 75' lang='lat' dir='ltr'>et</span> <span class='ocrx_word' id='word_1_481' title='bbox 1187 2836 1267 2866; x_wconf 81' lang='lat' dir='ltr'>vitiis</span> <span class='ocrx_word' id='word_1_482' title='bbox 1282 2844 1385 2866; x_wconf 76' lang='lat' dir='ltr'>sermo</span> <span class='ocrx_word' id='word_1_483' title='bbox 1400 2835 1451 2864; x_wconf 77' lang='lat' dir='ltr'>sit.</span> 
     </span>
    </p>
   </div>
  </div>
 </body>
</html>
