1778 3095
228 119 308 156 346
584 119 838 158 TUSCUL.
869 120 1307 158 QUAESTIONUM

163 228 217 265 46
287 225 483 289 Reliquas
505 241 673 283 quoque
694 237 831 282 partes
853 228 1127 284 aegritudinis,
1144 227 1268 269 utiles
1288 241 1378 269 esse
1397 227 1557 278 dicunt,
1574 226 1654 269 mi-

228 281 496 324 sericordiam
525 283 578 324 ad
605 298 730 339 opem
758 286 987 337 ferendam,
1010 295 1053 326 et
1073 285 1330 326 calamitates
1351 284 1601 325 hominum
1591 299 1655 325 m-

228 337 457 393 dignorum
493 340 800 383 sublevzandas
843 343 979 398 ipsum
1020 341 1126 383 illud
1164 341 1365 391 aemulari,
1406 341 1656 391 obtrectare,

228 409 313 436 non
345 411 435 437 esse
466 396 627 448 inutile,
657 413 754 439 cum
785 409 858 440 aut
889 414 933 439 se
962 414 1045 439 non
1071 398 1181 439 idem
1209 398 1346 438 videat
1365 406 1656 461 consecutum,

227 452 342 507 quod
371 453 514 504 alium,
544 462 616 495 aut
645 454 772 495 alium
803 455 928 506 idem,
951 455 1065 510 quod
1096 470 1168 496 se:
1202 464 1362 496 metum
1384 468 1481 495 vero
1509 453 1542 494 si
1563 453 1656 509 quis

226 509 476 560 sustulisset,
497 525 666 570 omnem
687 512 779 551 vitae
797 511 1060 575 diligentiam
1080 511 1285 552 sublatam
1308 512 1411 562 fore,
1428 524 1521 566 quae
1539 523 1656 550 sum-

226 580 296 605 ma
315 575 425 607 esset
444 567 485 607 in
507 567 580 630 eis,
603 564 675 622 qui
698 567 827 622 leges,
848 568 920 622 qui
942 568 1226 631 magistratus,
1249 569 1320 632 qui
1348 575 1655 623 paupertatem,

226 622 299 677 qui
319 622 611 676 ignominiam,
632 638 704 678 qul
724 632 919 673 mortem,
936 624 1007 678 qui
1030 623 1222 664 doloiem
1244 625 1454 665 timerent.
1479 623 1569 663 haec
1590 630 1656 663 ta-

225 692 323 718 men
344 679 402 719 ita
423 679 651 734 disputant,
674 688 720 720 ut
746 655 971 720 resecan’da
988 694 1078 720 esse
1106 680 1329 743 fateantur,
1348 681 1468 721 evelli
1487 679 1656 735 penitus

226 734 368 776 dicant
402 750 477 776 nec
505 750 642 791 posse,
665 750 740 775 nec
769 751 877 800 opus
908 750 1025 776 esse:
1055 745 1102 777 ut
1131 736 1174 776 in
1206 738 1403 778 omnibus
1424 737 1510 777 fere
1531 736 1656 777 rebus

226 791 559 832 mediocritatem
579 806 670 832 esse
690 792 896 847 optimam
918 792 1171 833 existiment.
1196 807 1290 847 quae
1309 807 1406 833 cum
1426 801 1656 848 exponunt,

96 858 126 888 Ρ·
142 855 214 880 219·
228 847 384 888 nihilne
406 848 482 888 tibi
504 848 708 899 videntui,
729 863 781 889 an
801 849 974 905 aliquid,
995 849 1228 890 dicere?A
1237 849 1381 890 M.ihi
1399 863 1496 890 vero
1518 849 1657 890 dicere

186 900 409 959 ³'aliquid3
441 904 584 960 itaque
607 916 821 960 exspecto,
842 906 944 961 quid
964 906 1015 946 ad
1039 906 1130 946 ista.

141 955 206 1001 21
283 961 593 1015 NI.Repe1ia1n
617 962 681 1002 101
685 971 817 1003 tasse
850 962 921 1003 sed
942 963 1047 1003 illud
1067 971 1176 1003 ante.
1210 962 1394 1013 videsne,
1415 969 1571 1017 quanta
1590 961 1658 1001 fu-

159 1026 210 1067 47
225 1018 302 1058 erit
339 1017 452 1072 apud
489 1018 770 1059 Academicos
809 1019 1084 1059 verecundia?
1133 1026 1168 1055 67
1190 1019 1312 1074 plane
1347 1019 1460 1059 enim
1495 1017 1537 1058 di
1541 1025 1657 1068 cunt,

224 1074 340 1129 quod
360 1074 414 1115 ad
434 1088 523 1115 rem
545 1076 763 1130 pertineat
825 1076 1109 1130 Peripateticis
1134 1076 1408 1131 respondetur
1436 1090 1461 1115 a
1489 1073 1656 1116 Stoicis.

223 1130 509 1186 digladientur
527 1131 602 1182 illi,
625 1147 697 1187 per
725 1146 793 1171 nie
824 1132 949 1173 licet:
982 1133 1049 1173 cui
1071 1132 1174 1173 nihil
1193 1142 1257 1172 est
1278 1146 1460 1196 necesse,
1482 1130 1561 1171 nisi
1583 1129 1656 1171 ubi

224 1187 278 1228 sit
299 1187 418 1238 illud,
439 1188 555 1243 quod
584 1188 932 1229 verisimillimum
965 1188 1167 1252 videatur,
1195 1188 1427 1244 anquirere.
1459 1187 1577 1251 quid
1593 1195 1659 1228 est

223 1244 367 1299 igitur,
387 1244 501 1299 quod
522 1254 715 1285 occurrat
737 1245 778 1284 in
800 1245 879 1285 hac
900 1245 1147 1300 quaestione,
1171 1252 1209 1276 68
1228 1260 1313 1300 quo
1338 1244 1473 1299 possit
1503 1243 1657 1298 attingi

221 1300 380 1356 aliquid
412 1301 646 1351 verisimile,
668 1316 753 1356 quo
787 1301 955 1356 longius
986 1316 1104 1342 mens
1135 1302 1319 1342 humana
1349 1299 1548 1356 progredi
1573 1313 1658 1340 11011

220 1358 393 1420 potest?
426 1357 631 1398 Definitio
651 1357 1002 1412 perturbationis:
1035 1374 1119 1414 qua
1146 1367 1257 1399 recte
1287 1358 1504 1398 Zenonem
1531 1370 1656 1397 usum
1679 1405 1685 1409 ⁸

219 1421 340 1469 puto.
370 1413 428 1454 ita
462 1414 574 1455 enim
605 1413 765 1465 definit,
792 1424 838 1455 ut
869 1415 1131 1470 perturbatio
1159 1415 1213 1456 sit
1236 1420 1276 1448 69
1290 1414 1459 1455 adversa
1481 1413 1658 1462 ratione,

220 1478 369 1511 contra
390 1479 598 1534 naturam,
619 1471 747 1511 animi
763 1473 1024 1512 commotio.
1046 1472 1108 1512 vel
1128 1471 1308 1521 brevius,
1329 1480 1376 1512 ut
1397 1469 1656 1534 perturbatio

221 1527 275 1568 sit
294 1527 505 1583 appetitus
526 1527 834 1568 vehementior:
857 1528 1145 1569 vehementioi
1165 1537 1306 1568 autem
1327 1524 1617 1581 intelligatur
1607 1539 1658 1575 1s,

158 1594 208 1627 48
223 1584 295 1640 qui
315 1584 462 1638 procul
484 1584 594 1625 absit
612 1599 637 1624 a
656 1593 816 1625 naturae
837 1585 1086 1625 constantia.
1139 1584 1255 1627 Oui-d
1277 1584 1330 1624 ad
1352 1584 1426 1624 has
1446 1582 1657 1623 definitio-

222 1655 294 1681 nes
328 1647 541 1695 10poss1m
573 1640 741 1681 dicere?
781 1641 916 1696 Atqui
947 1641 1038 1681 haec
1071 1629 1265 1696 pleraque
1297 1650 1394 1681 sunt
1428 1639 1659 1695 prudenter

221 1706 428 1752 acuteque
448 1697 756 1738 disserentium.
787 1697 858 1737 illa
879 1697 1047 1752 quidem
1077 1712 1127 1738 ex
1153 1697 1369 1737 rhetorum
1392 1710 1563 1760 pompa,
1587 1709 1656 1735 ar-

221 1754 334 1795 dores
354 1768 596 1803 (mmmmm
614 1761 795 1809 cotesque
816 1753 1029 1795 zirtutum.
1051 1768 1104 1794 an
1122 1768 1216 1794 xeio
1237 1754 1297 1794 vir
1315 1754 1449 1803 fortis,
1470 1752 1549 1792 nisi
1566 1760 1656 1792 sto-

219 1809 406 1851 machari
435 1810 624 1866 coeperit,
655 1824 739 1850 non
768 1819 908 1865 potest
936 1811 1056 1851 fortis
1087 1811 1205 1851 esse?
1246 1817 1280 1845 71
1297 1809 1581 1872 gladiatorum
1611 1808 1657 1849 id

219 1866 404 1922 quidem.
437 1881 693 1922 quamquam
726 1867 767 1907 in
798 1868 857 1907 eis
887 1867 985 1923 ipsis
1016 1867 1205 1907 videmus
1226 1880 1338 1921 saepe
1359 1864 1654 1906 constantiam.

219 1923 536 1979 colloquuntur,
557 1923 904 1988 congrediuntur,
925 1933 1171 1979 queruntur,
1195 1931 1233 1959 72
1244 1922 1404 1978 ahquid
1424 1921 1656 1977 postulant,

218 1988 268 2021 ut
288 1980 425 2035 magis
448 1980 615 2035 placati,
633 1995 758 2035 quam
782 1980 875 2020 irati
896 1995 985 2020 esse
1003 1980 1232 2021 videantur.
1253 1979 1353 2020 sed
1345 1995 1385 2019 m
1406 1979 1479 2019 illo
1499 1992 1655 2034 genere

221 2037 275 2078 sit
294 2051 392 2078 sane
414 2036 682 2078 Pacideianus
704 2037 854 2093 aliquis
874 2037 955 2077 hoc
976 2037 1133 2087 animo,
1155 2046 1202 2078 ut
1222 2045 1360 2077 narrat
1380 2035 1582 2086 Lucilius,

331 2117 489 2155 Occidam
508 2118 567 2154 zlla
561 2132 603 2154 m
621 2117 755 2167 equilus
738 2132 780 2161 m,
798 2127 829 2154 ct
848 2132 885 2154 τι·
881 2118 998 2162 fleam,
1017 2118 1045 2154 si
1062 2117 1100 2154 id
1102 2117 1279 2177 'qaaeritiss
1298 2117 1420 2167 inquit,

332 2172 370 2208 V
359 2185 449 2207 erum
470 2170 560 2207 illud
577 2171 801 2219 credofore,
790 2185 825 2207 m
842 2185 875 2207 os
888 2172 984 2221 prius
1003 2171 1165 2221 accipiam
1184 2171 1263 2221 ipse,

332 2226 442 2274 Quam
457 2224 648 2274 gladium
637 2239 670 2261 m
689 2225 866 2268 stomacho,
889 2231 926 2259 73
943 2238 1036 2268 sura,
1057 2238 1099 2261 ac
1109 2223 1318 2275 pulmonzbu'
1337 2223 1429 2268 sisto,

265 2340 302 2369 67
322 2333 412 2373 plane
438 2334 512 2363 euim
535 2334 634 2364 dicunt
659 2332 732 2373 δῖα]
759 2335 810 2364 Se.
834 2334 915 2364 nihil
1004 2339 1042 2368 73
1059 2345 1126 2363 sura
1141 2345 1176 2362 ac
1186 2332 1367 2373 pulmonibus
1383 2328 1465 2371 sisto]
1478 2331 1557 2361 Sura
1573 2339 1655 2362 certe

221 2378 439 2414 admiscendo,
456 2378 541 2416 quod
562 2387 643 2417 aegre
659 2379 736 2407 ferre
752 2378 915 2407 adversarii
958 2378 1108 2407 vitiosum
1131 2384 1176 2406 est
1191 2389 1197 2405 z
1221 2376 1297 2414 quid
1320 2376 1551 2414 reponendum,
1570 2375 1602 2404 in
1617 2385 1654 2405 eo

221 2421 350 2459 possint.
372 2430 462 2450 secus
478 2421 585 2450 Stoici.
959 2429 1024 2450 non
1040 2420 1243 2449 consentiunt
1259 2419 1314 2448 viri
1330 2419 1424 2448 docti.
1450 2418 1530 2448 mihi
1552 2420 1655 2448 maxi-

264 2468 302 2492 68
328 2475 341 2491 e
357 2461 430 2504 qua]
454 2464 561 2493 Immo
582 2473 635 2504 quo
646 2474 655 2492 .·
680 2463 810 2493 refertur
828 2463 916 2494 enim
961 2473 1013 2493 me
1026 2462 1226 2502 placetfibra,
1239 2461 1403 2497 dejecore,
1415 2461 1557 2491 Turnebi
1571 2462 1653 2492 Adv.

219 2507 255 2535 ad
274 2505 354 2546 quid.
379 2508 518 2545 itemque
535 2518 548 2534 ε
563 2506 674 2535 delevi.
960 2507 1034 2541 VII,
1053 2513 1100 2535 18.
1124 2506 1206 2534 favet
1227 2505 1343 2534 vicinia
1365 2505 1534 2535 verborum
1550 2511 1654 2534 stoma.

264 2554 304 2581 69
327 2548 452 2577 adversa
468 2547 592 2588 ratione]
619 2549 681 2578 Hic
704 2558 833 2587 quoque
851 2549 915 2578 fru-
959 2549 1019 2585 cho,
1043 2547 1236 2587 pulmonibus.
1288 2548 1444 2578 Buherius
1475 2558 1492 2577 e
1517 2548 1656 2586 vestigiis

218 2598 280 2622 stra
295 2592 457 2629 corrigunt
472 2602 578 2620 aversa
593 2601 622 2621 V.
638 2601 733 2630 supra
748 2593 785 2622 ad
802 2602 830 2621 c.
848 2597 877 2621 6.
959 2592 1037 2621 Mss.
1061 2592 1116 2629 qui
1144 2591 1263 2620 habent
1277 2590 1369 2630 furia
1398 2591 1523 2631 corrigit
1547 2590 1652 2628 Fulvi,

263 2641 303 2668 70
321 2634 425 2673 possim
443 2634 535 2663 dicere
545 2633 574 2671 P]
603 2635 709 2664 Immo
726 2634 846 2673 possint.
869 2644 913 2664 sc.
957 2635 1012 2673 qui
1039 2634 1099 2664 fuit
1125 2633 1239 2664 nobilis
1265 2633 1428 2672 gladiator,
1453 2644 1550 2673 quem
1574 2643 1653 2665 cum

217 2677 417 2707 Aristotelici.
444 2678 487 2706 sic
504 2684 533 2706 et
550 2677 722 2707 Bentleius.
958 2677 1144 2707 Pacideiano
1166 2677 1329 2715 componit
1353 2677 1504 2707 Horatius
1527 2678 1591 2707 Sat.
1608 2678 1653 2715 ΙΙ,

262 2726 297 2754 71
319 2718 532 2759 gladiatorum]
559 2720 610 2749 Sic
633 2720 695 2749 Ms.
712 2720 818 2750 Guelf.
835 2729 911 2750 cum
959 2727 988 2754 7.
1006 2727 1057 2754 97.
1080 2721 1190 2759 probat
1214 2720 1424 2750 Alemannus.
1469 2721 1516 2750 Ex
1541 2721 1653 2751 iisdem

216 2763 297 2794 aliis.
335 2762 438 2801 Vulgo
453 2762 538 2792 male
550 2762 769 2801 gladiatorium.
956 2763 1092 2802 vestigiis
1109 2763 1255 2793 Davisius
1271 2763 1353 2799 Furi,
1368 2763 1576 2803 intelligitque
1590 2764 1653 2793 Fu-

262 2813 300 2841 7‘2
324 2805 441 2847 aliquid
456 2805 621 2845 postulant]
649 2806 809 2836 Bentleius
833 2816 910 2836 corr.
956 2807 1039 2836 rium
1075 2806 1284 2837 AEserninum
1321 2806 1525 2846 gladiatorem
1563 2807 1653 2837 nobi-

217 2849 407 2888 txpostulant,
425 2849 527 2888 aptius
543 2849 661 2879 ceteris.
956 2849 1031 2880 lem.
