1778 3095
590 109 775 148 LIBER
803 108 1104 147 QUINTUS.
1482 118 1559 154 221

124 229 163 256 92
178 219 312 276 qualis
333 227 482 262 natura
499 217 553 259 sit
570 217 655 258 vita
674 215 943 272 sapientium,
962 230 1070 271 quos
1091 228 1193 256 cura
1213 216 1330 257 omni
1348 217 1564 274 liberatos,

126 276 291 318 nullum
314 275 595 318 necessarium
625 273 721 314 vitae
751 272 931 323 cultum,
962 281 1036 313 aut
1065 280 1259 327 paratum
1290 275 1563 331 requirentes,

122 334 229 375 nihil
248 334 362 376 aliud
381 346 470 373 esse
489 340 658 372 acturos
680 337 845 385 putant,
868 329 944 370 nisi
965 337 1014 370 ut
1042 343 1168 369 omne
1196 337 1364 385 tempus
1382 331 1424 371 in
1444 347 1562 388 quae-

121 390 253 432 rendo
283 405 332 432 ac
367 387 581 438 discendo,
618 387 662 427 in
701 396 861 427 naturae
899 384 1145 440 cognitione
1180 396 1448 429 consumant.
1485 404 1564 432 nos

121 457 266 488 autem
284 460 367 487 non
396 445 535 486 solum
566 444 701 484 beatae
731 443 825 484 vitae
850 442 975 483 istam
1005 442 1336 485 oblectationem
1356 444 1563 498 videmus,

120 503 196 545 sed
232 503 358 543 etiam
397 502 679 543 levamentum
716 499 994 541 miseriarum.
1035 499 1178 555 itaque
1217 500 1342 541 multi
1380 516 1480 543 cum
1518 503 1563 544 in

121 568 332 616 potestate
353 566 493 599 essent
510 557 714 609 hostium,
731 565 805 598 aut
818 565 1096 613 tyrannorum
1115 572 1128 608 3
1159 556 1285 598 multi
1296 557 1340 599 in
1353 558 1562 611 custodia,

120 615 245 657 multi
265 615 308 656 in
326 615 488 666 exsilio,
513 614 707 655 dolorem
738 629 861 655 suum
893 613 1097 655 doctrinae
1127 613 1275 655 studiis
1305 614 1559 658 levaverunt.
1602 664 1605 668 ,

121 671 315 727 Princeps
353 671 481 729 hujus
521 671 700 713 civitatis
738 670 963 712 Phalereus
998 670 1245 712 Demetrius
1285 685 1385 712 cum
1424 674 1623 728 patria54

117 727 264 784 pulsus
285 737 395 770 esset
421 727 586 785 injuria,
617 727 671 769 ad
703 727 978 769 Ptolemaeum
1010 742 1055 768 se
1089 741 1236 783 regem
1257 727 1560 772 Alexandriam

115 785 311 826 contulit.
352 785 426 842 qui
462 800 561 826 cum
598 785 641 826 in
678 784 757 825 hac
802 785 894 839 ipsa
936 784 1222 840 philosophia,
1258 785 1312 827 ad
1350 801 1478 842 quam
1519 795 1582 833 te,

116 841 353 894 hortamur,
384 842 622 892 excelleret,
657 841 1024 897 Theophrastique
1059 852 1170 883 esset
1199 842 1366 884 auditor
1382 858 1395 894 3
1426 842 1583 885 multa'

116 898 319 954 praeclara
346 899 389 940 in
418 899 494 940 illo
519 898 768 940 calamitoso
805 898 894 938 otio
930 897 1110 952 scripsit,
1143 913 1228 939 non
1258 899 1311 941 ad
1340 915 1467 941 usum
1486 900 1563 942 ali-

115 970 244 1010 quem
264 970 403 1006 suum,
425 970 511 1012 quo
532 964 621 996 erat
641 955 814 996 orbatus
837 972 846 996 :
877 954 951 996 sed
969 955 1099 995 animi
1128 955 1267 997 cultus
1297 956 1382 1008 ille,
1410 966 1500 998 erat
1520 957 1560 998 ei

116 1012 238 1067 quasi
266 1013 440 1068 quidam
476 1012 750 1053 humanitatis
780 1012 915 1053 cibus.
974 1011 1186 1067 Equidem
1215 1027 1239 1053 e
1272 1012 1353 1054 Cn.
1371 1013 1561 1066 Aufidio,

114 1070 330 1124 praetorio,
351 1069 517 1111 erudito
538 1068 726 1119 homine,
744 1068 878 1109 oculis
903 1076 1045 1124 capto,
1067 1082 1177 1124 saepe
1197 1069 1439 1122 audiebam,
1459 1086 1559 1112 cum

115 1140 161 1166 se
180 1125 286 1167 lucis
307 1127 459 1182 magis,
480 1141 608 1182 quam
629 1125 822 1167 utilitatis
843 1125 1049 1166 desiderio
1072 1126 1231 1168 moveri
1249 1126 1422 1168 diceret.
1445 1142 1561 1169 sorn-

116 1197 221 1223 num
240 1183 420 1238 denique
442 1183 577 1234 nobis,
598 1182 678 1223 nisi
698 1182 930 1238 requietem
957 1183 1221 1237 corporibus,
1243 1193 1285 1225 et
1304 1183 1560 1226 medicinam

117 1239 329 1295 quandam
351 1240 505 1281 laboris
526 1241 706 1290 afferret,
726 1248 876 1280 contra
907 1248 1099 1280 naturam
1129 1249 1374 1295 putaremus
1395 1241 1560 1283 datum.

115 1296 256 1337 aufert
273 1297 385 1337 enim
407 1311 567 1347 sensus,
587 1297 881 1351 actionemque
910 1296 1023 1337 tollit
1048 1310 1233 1338 omnem.
1254 1298 1411 1353 itaque,
1432 1298 1466 1339 si
1485 1308 1561 1340 aut

115 1353 346 1408 requietem
367 1361 516 1394 natura
536 1368 620 1394 non
641 1361 862 1408 quaereret,
888 1362 963 1394 aut
991 1367 1086 1393 eam
1112 1364 1256 1408 posset
1273 1354 1355 1395 alia
1373 1354 1557 1410 quadam

114 1410 277 1450 ratione
307 1410 523 1465 consequi,
554 1409 676 1451 facile
704 1417 971 1464 pateremur3
1002 1410 1074 1464 qui
1104 1409 1232 1451 etiam
1263 1426 1372 1452 nunc
1403 1411 1597 1467 agendip.
1616 1428 1688 1454 138.

114 1465 288 1521 aliquid,
327 1465 601 1522 discendique
638 1480 767 1506 causa
802 1480 935 1521 prope
975 1475 1123 1507 contra
1162 1477 1353 1509 naturam
1394 1468 1596 1524 vigiliasaÎ‡

113 1521 328 1577 suscipere
367 1523 592 1563 soleamus.
652 1522 762 1563 Sunt
792 1531 935 1563 autem
971 1523 1160 1573 clariora,
1196 1524 1261 1564 vel
1302 1524 1425 1580 plane
1460 1539 1556 1580 per-
1570 1525 1642 1573 20

56 1609 60 1612 -
113 1578 274 1633 spicua,
311 1592 389 1619 nec
425 1578 658 1620 dubitanda
696 1578 853 1619 indicia
884 1586 1060 1629 naturae,
1092 1580 1275 1621 maxime
1312 1580 1473 1622 scilicet
1512 1582 1556 1624 in
1570 1601 1620 1632 55

113 1634 302 1686 homine,
335 1634 410 1676 sed
447 1636 488 1677 in
528 1636 646 1677 omni
682 1635 869 1687 animali,
904 1644 952 1677 ut
989 1644 1162 1692 appetat
1200 1636 1365 1678 animus
1397 1638 1558 1694 aliquid

113 1706 240 1748 agere
269 1706 449 1749 semper,
480 1707 616 1749 neque
650 1691 738 1733 ulla
766 1692 1009 1734 conditione
1039 1693 1226 1749 quietem
1257 1694 1558 1750 sempiternam
1607 1698 1611 1702 '

113 1749 248 1804 possit
267 1749 369 1805 pati.
389 1749 512 1790 facile
531 1759 596 1791 est
617 1749 708 1790 haec
734 1763 904 1791 cernere
924 1750 966 1790 in
987 1750 1133 1805 primis
1154 1765 1385 1806 puerorum
1407 1760 1558 1794 aetatu-

112 1805 177 1846 lis.
200 1820 459 1862 quamquam
481 1807 594 1847 enim
612 1821 770 1858 vereor,
791 1821 843 1848 ne
872 1806 1026 1847 nimius
1047 1807 1090 1847 in
1110 1807 1193 1848 hoc
1213 1822 1368 1864 genere
1390 1808 1530 1850 videar
1548 1827 1559 1852 z

113 1869 258 1903 tamen
279 1877 426 1903 omnes
446 1872 602 1904 veteres
622 1863 880 1919 philosophi,
910 1864 1093 1905 maxime
1124 1866 1271 1917 nostri,
1301 1865 1354 1906 ad
1383 1865 1560 1907 incuna-

115 1918 216 1959 bula
235 1919 456 1970 accedunt,
477 1920 593 1976 quod
611 1921 653 1961 in
674 1920 854 1975 pueritia
873 1920 1073 1962 facillime
1092 1935 1136 1962 se
1155 1921 1412 1964 arbitrentur
1433 1930 1471 1956 93
1485 1938 1560 1964 na-

113 1984 220 2016 turae
242 1975 502 2017 voluntatem
524 1991 647 2032 posse
677 1991 949 2032 cognoscere.
979 1978 1170 2019 videmus
1200 1978 1346 2035 igitur,
1377 1988 1427 2022 ut
1455 1994 1559 2021 con-

115 2032 329 2087 quiescere
365 2048 417 2074 ne
449 2033 627 2074 infantes
660 2034 828 2089 quidem
866 2035 1057 2089 possint:
1102 2049 1201 2076 cum
1233 2051 1331 2077 vero
1368 2037 1560 2092 paullum

114 2089 410 2143 processerint,
444 2089 680 2132 lusionibus
714 2099 752 2124 94
767 2091 831 2132 vel
864 2091 1086 2132 laboriosis
1118 2092 1398 2144 delectentur,
1429 2103 1478 2135 ut
1507 2108 1560 2135 ne

114 2145 352 2187 verberibus
374 2146 543 2202 quidem
577 2147 777 2188 deterreri
804 2147 982 2203 possint.
1013 2163 1146 2204 eaque
1175 2150 1383 2205 cupiditas
1405 2150 1560 2206 agendi

114 2201 274 2257 aliquid
305 2203 511 2246 adolescit
541 2217 627 2245 una
659 2219 760 2245 cum
790 2205 999 2246 aetatibus.
1061 2206 1227 2261 Itaque,
1257 2222 1308 2248 ne
1340 2207 1373 2248 si
1396 2209 1559 2263 jucun-

114 2257 299 2300 dissimis
332 2260 507 2316 quidem
540 2276 617 2302 nos
650 2261 823 2302 somniis
853 2276 1002 2302 usuros
1033 2271 1246 2317 putemus,
1277 2263 1559 2319 Endymionis

114 2329 313 2357 somnum
333 2318 456 2358 nobis
477 2317 653 2359 velimus
684 2318 797 2359 dari:
828 2317 955 2374 idque
985 2319 1019 2360 si
1051 2318 1230 2370 accidat,
1261 2321 1409 2361 mortis
1429 2320 1559 2362 instar

113 2380 326 2427 putemus.
384 2375 500 2431 Quin
538 2375 667 2416 etiam
707 2375 984 2417 inertissimos
1032 2375 1241 2428 homines,
1285 2377 1429 2418 nescio
1474 2392 1558 2433 qua
1572 2386 1625 2423 56

114 2437 152 2461 9âµ
168 2430 369 2485 singulari
400 2431 587 2488 nequitia
615 2432 831 2489 praeditOS,
862 2431 1051 2475 videmus
1081 2441 1223 2474 tamen
1252 2442 1295 2475 et
1323 2433 1480 2485 animo,
1514 2443 1559 2476 et

113 2586 223 2617 Cicero
244 2588 380 2628 scripsit,
403 2599 468 2619 cum
480 2588 702 2630 finguntâ€”sit,
727 2599 813 2618 eosâ€”
857 2589 909 2619 Sic
923 2596 954 2619 et
970 2589 1128 2619 Lambino
1143 2589 1262 2620 visum.
1278 2594 1310 2618 et
1329 2588 1400 2619 haec
1415 2588 1510 2619 verba
1526 2588 1560 2618 in

111 2635 233 2668 putant.
857 2632 944 2662 libris
960 2642 1043 2672 saepe
1060 2633 1316 2663 confunduntur.

158 2680 196 2705 92
220 2673 316 2715 qualis
330 2681 437 2705 natura
449 2675 488 2705 sit
502 2675 570 2705 vita
587 2673 668 2716 sap.]
688 2674 746 2705 Pro
759 2686 813 2704 naÎ‡
902 2683 941 2707 94
965 2675 1019 2704 vel
1039 2675 1186 2705 laboriosis
1208 2671 1400 2713 delectentur]
1426 2673 1471 2704 Ut
1487 2680 1561 2706 ante

117 2721 183 2744 tura
196 2717 321 2756 corrigit
335 2718 487 2749 Davisius
493 2719 618 2758 futura.
635 2719 727 2748 bene.
858 2725 905 2749 est
915 2719 1026 2757 possint
1037 2730 1046 2747 .Î‡
1069 2719 1167 2758 vulgo
1184 2719 1269 2749 male
1284 2717 1474 2747 delectantur.

158 2764 196 2790 93
229 2766 345 2789 naturae
381 2760 563 2791 voluntatem
595 2768 676 2801 posse
712 2772 812 2801 cognoÎ‡
901 2769 940 2794 95
965 2761 1109 2801 singulari
1119 2761 1269 2804 nequitia]
1285 2762 1364 2791 Edd.
1378 2769 1424 2799 pr.
1441 2758 1562 2807 segnitie

115 2799 205 2840 scere]
238 2802 364 2842 Scripsi.
383 2803 566 2834 voluntatem
595 2811 652 2843 pro
685 2803 817 2844 vulgato
860 2805 946 2842 quod
961 2805 1101 2843 glossam
1117 2807 1208 2845 sapit.
1233 2814 1310 2836 narn
1327 2810 1357 2834 et
1373 2802 1504 2843 nequitia
1516 2802 1562 2832 sie

119 2842 313 2883 voluptatem,
328 2847 416 2884 quod
431 2848 471 2878 ab
487 2849 521 2877 h.
546 2848 569 2877 1.
592 2854 637 2876 est
660 2847 816 2879 alienum.
861 2848 989 2878 dicitur.
