1778 3095
222 165 301 198 420
583 161 662 199 DE
689 159 950 200 NATURA
979 162 1244 203 DEORUM

222 267 357 308 fateor
377 267 529 320 solum,
560 269 635 309 sed
663 269 787 310 etiam
820 270 942 312 facile
972 272 1121 328 patior.
1181 272 1294 313 Cum
1323 269 1496 327 quidem
1515 268 1647 315 semel

222 322 335 364 dicta
356 333 466 375 sunt,
488 325 588 379 quid
617 333 694 376 est,
722 326 837 382 quod
864 327 1049 370 Velleius
1084 328 1317 383 intelligere
1345 328 1493 383 possit,
1517 326 1648 370 Cotta

222 394 307 434 non
339 380 503 435 possit?
538 382 685 437 Itaque
721 397 874 439 corpus
907 384 1006 440 quid
1040 385 1108 435 sit,
1143 384 1310 439 sanguis
1348 383 1448 439 quid
1484 383 1552 435 sit,
1584 383 1648 433 in<—

222 435 399 492 telligo:
448 438 567 492 quasi
605 452 772 493 corpuS,
812 450 856 481 et
892 441 1012 496 quasi
1056 441 1241 497 sangui8‚
1280 440 1382 496 quid
1423 440 1492 490 sit,
1530 439 1648 481 nullo

221 507 389 548 prorsus
411 493 540 534 modo
560 494 765 550 intelligo.
822 497 974 551 Neque
999 507 1046 538 tu
1075 512 1144 538 me
1171 496 1296 546 celas,
1317 506 1365 538 ut
1387 495 1651 553 Pythagoras

221 549 385 590 solebat
404 548 586 591 alienos:
619 565 694 591 nec
715 548 909 592 consulto
930 552 1032 593 dicis
1060 553 1239 604 occulte,
1269 563 1482 608 tamquam
1507 553 1647 593 Hera-

221 605 373 646 clitus:
403 606 492 658 sed,
517 607 650 662 (quod
677 607 783 648 inter
806 622 882 648 nos
909 604 1048 661 liceat)
1084 623 1135 649 ne
1164 619 1210 650 tu
1243 609 1411 665 quidem
1432 607 1649 663 intelligis.

140 649 207 702 27
224 660 335 702 Illud
357 662 475 703 video
496 676 684 718 pugnare
704 672 761 713 te,
789 663 947 718 species
977 674 1025 705 ut
1052 664 1246 720 quaedam
1267 665 1321 706 sit
1339 665 1533 714 deorum,
1553 680 1647 720 quae

159 724 206 763 75
223 716 326 758 nihil
347 719 532 759 concreti
554 720 719 770 habeat,
752 719 854 760 nihil
886 719 1023 770 solidi,
1057 720 1160 761 nihil
1192 722 1388 776 expressi,
1421 720 1520 762 nihil
1543 720 1650 761 emi-

221 774 371 824 nentis,
408 775 542 830 sitque
578 789 697 830 pura,
727 775 841 825 levis,
872 776 1097 830 perlucida.
1154 777 1357 818 Dicemus
1387 792 1490 833 ergo
1519 777 1648 827 idem,

219 828 335 885 quod
355 831 396 871 in
416 833 582 871 Venere
613 831 728 872 Coa:
760 846 914 887 corpus
943 832 1048 874 illud
1076 847 1160 873 non
1190 842 1267 883 est,
1298 833 1369 874 sed
1399 834 1532 874 simile
1553 848 1649 874 cor-

218 887 336 941 pori:
369 902 443 927 nec
474 886 543 927 ille
571 887 703 936 fusus,
732 896 774 929 et
808 888 991 929 candore
1023 889 1179 930 mixtus
1209 889 1351 940 rubor,
1380 889 1548 944 sanguis
1570 899 1651 940 est,

214 942 290 983 sed
310 942 503 999 quaedam
526 944 740 999 sanguinis
766 944 1025 987 similitudo:
1056 945 1115 986 sic
1143 945 1186 986 in
1215 946 1424 1001 Epicureo
1452 946 1532 987 deo
1563 961 1648 988 non

217 1013 297 1055 res,
319 999 391 1040 sed
414 999 705 1041 similitudines
726 1015 864 1042 rerum
885 1016 990 1043 esse.

274 1056 370 1106 Fac,
392 1056 449 1107 id,
471 1056 586 1112 quod
617 1071 668 1097 ne
702 1056 883 1113 intelligi
918 1057 1088 1114 quidem
1120 1066 1273 1113 potest,
1308 1057 1413 1099 mihi
1443 1073 1534 1100 esse
1555 1072 1648 1113 per-

215 1126 400 1153 suasum.
435 1112 541 1154 cedo
574 1113 679 1154 mihi
712 1113 890 1155 istorum
927 1115 1274 1156 adumbratorum
1304 1114 1481 1156 deorum
1515 1115 1649 1156 linea-

152 1172 203 1218 76
215 1178 371 1220 menta,
392 1178 518 1225 atque
540 1170 712 1210 formas.
771 1172 873 1211 Non
902 1170 1017 1212 deest
1049 1171 1131 1212 hoc
1163 1171 1259 1212 loco
1279 1171 1402 1226 copia
1421 1171 1649 1222 rationum,

214 1225 368 1281 quibus
399 1225 550 1267 docere
586 1225 735 1277 velitis,
770 1226 974 1268 humanas
1010 1242 1100 1268 esse
1134 1227 1291 1268 formas
1327 1227 1530 1269 deorum:
1560 1228 1645 1283 pri-

213 1296 348 1332 mum,
384 1283 499 1338 quod
537 1283 596 1323 ita
637 1283 690 1323 sit
724 1283 997 1324 informatum
1035 1283 1396 1339 anticipatumque
1431 1284 1646 1325 mentibus

213 1338 382 1388 nostris,
423 1347 471 1379 ut
511 1338 687 1389 homini,
723 1354 818 1380 cum
860 1339 913 1380 de
950 1339 1031 1381 deo
1071 1340 1245 1395 cogitet,
1279 1339 1418 1381 forma
1453 1348 1646 1381 occurrat

212 1393 424 1436 humana:
455 1393 620 1445 deinde,
653 1404 714 1446 ut,
745 1396 944 1452 quoniam
980 1396 1104 1437 rebus
1136 1395 1332 1438 omnibus
1363 1396 1541 1438 excellat
1571 1411 1647 1437 na-

212 1459 307 1491 tura
327 1450 478 1501 divina,
498 1452 635 1492 forma
655 1467 826 1508 quoque
847 1467 938 1493 esse
965 1452 1218 1508 pulcerrima
1247 1452 1398 1494 debeat
1416 1470 1426 1494 t
1458 1468 1534 1494 nec
1555 1467 1648 1494 esse

213 1506 399 1548 humana
418 1508 546 1549 ullam
569 1508 838 1563 pulcriorem.
897 1509 1084 1551 Tertiam
1111 1510 1316 1551 rationem
1342 1509 1511 1560 affertis,
1531 1508 1648 1565 quod

150 1568 200 1609 77
214 1562 329 1604 nulla
347 1563 389 1605 in
409 1562 490 1606 alia
512 1565 645 1620 figura
665 1565 927 1606 domicilium
956 1566 1107 1607 mentis
1136 1581 1226 1607 esse
1254 1567 1400 1621 possit.
1460 1566 1646 1607 Primum

169 1617 202 1648 b.
212 1619 356 1675 igitur,
379 1619 579 1677 quidque,
600 1621 929 1673 consideremus,
960 1623 1082 1678 quale
1112 1623 1178 1663 sit.
1209 1623 1390 1677 arripere
1410 1622 1519 1663 enim
1542 1621 1647 1664 mihi

210 1677 423 1729 videmini,
459 1679 578 1733 quasi
613 1687 751 1719 vestro
775 1680 887 1734 jure,
919 1693 1006 1719 rem
1038 1686 1053 1715 7
1070 1679 1188 1720 nullo
1220 1678 1350 1719 modo
1382 1678 1645 1734 probabilem

211 1734 417 1783 omnium.
477 1734 584 1790 Quis
605 1744 692 1775 tam
712 1749 849 1775 caecus
871 1735 913 1775 in
935 1734 1269 1790 contemplandis
1297 1735 1423 1776 rebus
1442 1749 1644 1791 umquam

209 1786 305 1841 fuit,
324 1799 372 1831 ut
392 1805 476 1831 non
497 1790 668 1841 videret,
697 1790 857 1846 species
887 1790 987 1832 istas
1018 1791 1241 1832 hominum
1270 1791 1444 1832 collatas
1465 1791 1508 1832 in
1527 1791 1646 1842 deos,

209 1856 283 1888 aut
315 1847 492 1888 consilio
527 1846 713 1903 quodam
753 1846 1002 1902 sapientum,
1041 1862 1127 1903 quo
1166 1847 1327 1888 facilius
1348 1847 1525 1896 animos
1562 1847 1646 1889 im-

208 1902 441 1958 peritorum
462 1904 516 1944 ad
537 1904 712 1944 deorum
744 1904 907 1945 cultum
933 1918 957 1945 a
987 1904 1081 1945 vitae
1108 1904 1309 1959 pravitate
1327 1913 1644 1947 converterent:

209 1968 284 2000 aut
303 1960 613 2015 superstitione,
635 1969 683 2001 ut
704 1968 843 2001 essent
871 1959 1108 2011 simulacra,
1138 1975 1233 2016 quae
1259 1969 1514 2012 venerantes,
1540 1960 1647 2002 deos

208 2014 323 2071 ipsos
345 2031 388 2056 se
409 2017 523 2058 adire
540 2015 758 2058 crederent
775 2018 788 2057 ?
821 2017 1045 2058 Auxerunt
1061 2025 1202 2057 autem
1221 2016 1311 2058 haec
1327 2016 1473 2058 eadem
1490 2022 1645 2073 poetae,

179 2115 181 2117 ,
208 2071 406 2127 pictores,
427 2073 610 2129 opifices.
667 2074 770 2114 Erat
789 2073 900 2114 enim
929 2088 1014 2114 non
1044 2073 1180 2124 facile,
1208 2083 1380 2129 agentes
1407 2073 1580 2129 aliquid,
1601 2082 1644 2114 et

207 2129 431 2170 molientes
472 2129 589 2180 deos,
628 2130 670 2171 in
708 2129 883 2170 aliarum
926 2130 1157 2171 formarum
1193 2129 1430 2170 imitatione
1471 2144 1644 2171 servare.

209 2185 404 2227 Accessit
439 2186 564 2227 etiam
600 2187 681 2227 ista
718 2185 861 2242 opinio
896 2186 1089 2237 fortasse,
1124 2185 1239 2242 quod
1277 2185 1439 2227 homini
1474 2185 1646 2228 homine

210 2240 314 2282 nihil
349 2242 534 2297 pulcrius
572 2243 774 2284 videatur.
833 2241 917 2283 Sed
951 2251 998 2283 tu
1028 2242 1125 2292 hoc,
1149 2242 1354 2298 physice,
1392 2257 1477 2283 non
1515 2241 1646 2291 vides,—

210 2312 337 2354 quam
359 2297 511 2340 blanda
531 2298 806 2350 conciliatrix,
839 2307 881 2339 et
908 2299 1026 2355 quasi
1057 2299 1121 2340 sui
1149 2299 1203 2340 sit
1232 2299 1327 2339 lena
1356 2299 1539 2339 natura?
1572 2298 1645 2340 An·

208 2364 333 2408 putas
354 2355 484 2396 ullam
506 2370 594 2396 esse
616 2364 725 2397 terra
746 2355 933 2411 marique
952 2356 1136 2406 beluam,
1164 2370 1258 2411 quae
1288 2369 1371 2395 non
1392 2354 1455 2395 sui
1474 2354 1640 2410 generis

208 2410 333 2451 belua
354 2412 535 2453 maxime
552 2412 809 2453 delectetur?
842 2410 957 2467 quod
980 2412 1021 2452 ni
1041 2411 1099 2452 ita
1118 2420 1242 2460 esset,
1262 2425 1338 2451 cur
1363 2425 1448 2451 non
1465 2410 1640 2466 gestiret

207 2473 352 2508 taurus
381 2482 498 2523 equae
526 2468 875 2517 contrectatione,
905 2481 1037 2522 equus
1067 2468 1232 2508 vaccae?
1264 2468 1334 2507 An
1366 2476 1414 2507 tu
1441 2466 1642 2522 aquilam,

208 2531 284 2563 aut
304 2523 486 2574 leonem,
517 2533 590 2565 aut
617 2524 862 2579 delphinum
893 2521 1023 2564 ullam
1053 2522 1258 2564 anteferre
1287 2536 1431 2563 censes
1460 2523 1639 2578 figuram

208 2580 325 2619 suae?
359 2580 460 2634 quid
480 2580 609 2635 igitur
629 2580 796 2630 mirum,
818 2580 851 2620 si
872 2579 954 2620 hoc
974 2576 1124 2620 eodem
1151 2578 1281 2619 modo
1310 2575 1471 2620 homini
1493 2588 1648 2620 natura-

208 2635 476 2691 praescripsit,
504 2646 553 2677 ut
580 2636 683 2677 nihil
714 2636 914 2692 pulcrius,
943 2650 1067 2691 quam
1099 2635 1314 2677 hominem
1344 2643 1526 2692 putaret,
1546 2648 1639 2676 eam

217 2755 220 2757 ’
252 2764 268 2794 7
294 2757 371 2787 nullo
402 2758 478 2788 modo
503 2758 586 2797 prob.
624 2756 763 2798 omnium]
795 2759 903 2788 Rarior
946 2770 976 2788 n.
1000 2769 1037 2788 m.
1062 2758 1249 2798 probabilem.
1269 2759 1380 2788 omm‘no
1409 2759 1472 2801 quis
1496 2760 1554 2789 &c.
1602 2759 1639 2788 ln

208 2801 310 2831 forma
337 2811 391 2840 pro
421 2802 545 2831 omnium
575 2801 691 2830 minime
714 2801 902 2840 probabilem.
947 2801 1010 2831 MS.
1026 2801 1133 2833 Guelf.
1148 2810 1193 2832 est
1212 2802 1347 2833 Omnium
1368 2802 1432 2844 quis
1455 2808 1515 2831 tam
1537 2812 1638 2831 cacus.

208 2840 285 2874 na'm
302 2842 547 2884 nullomodo-par
571 2851 616 2882 est
641 2845 680 2882 τῷ
703 2844 829 2873 minime.
847 2845 904 2874 ita·
947 2844 1042 2875 male.

206 2896 270 2928 que
283 2897 347 2918 non
363 2896 443 2927 opus
459 2892 523 2918 erat
546 2887 900 2926 corre-ctioneDavisii:
