1778 3095
535 158 715 196 LIBER
756 158 1092 196 SECUNDUS.
1451 167 1523 198 581

97 268 251 311 minius
271 284 355 310 non
385 267 522 324 paruit
551 266 758 321 auspiciis.
787 265 927 321 itaque
948 266 1072 321 periit
1090 280 1185 307 cum
1207 266 1406 309 exercitu.
1464 268 1527 309 At

99 339 208 366 anno
238 334 336 381 post
370 324 535 366 Paullus
564 323 716 378 paruit.
748 336 850 362 num
882 322 1020 362 minus
1057 323 1208 364 cecidit
1242 323 1282 364 in
1316 323 1526 365 Cannensi

94 395 239 437 pugna
270 397 367 423 cum
403 380 617 421 exercitu?
651 378 820 429 etenim,
854 386 902 418 ut
934 379 1015 418 sint
1051 380 1247 433 auspicia,
1279 394 1373 435 quae
1410 381 1525 421 nulla

95 447 221 488 sunt3
253 439 343 479 haec
364 445 488 487 certe,
512 435 663 499 quibus
692 436 864 485 utimur,
887 434 970 475 sixe
1000 434 1197 488 tripudio,
1219 436 1302 476 sive
1323 436 1375 476 de
1397 437 1564 487 coelo,b.

96 502 132 530 ⁵7
148 495 372 536 simulacra
392 502 488 534 sunt
506 491 804 547 auspiciorum,
825 490 1010 545 auspicia
1030 490 1145 530 nullo
1168 492 1311 533 modo.
1359 494 1415 548 Q.
1441 507 1520 534 ΡΑ-
1534 499 1606 546 34

94 563 163 601 131,
187 565 248 591 TE
275 564 397 591 MIHI
422 563 475 589 IN
501 562 736 589 Ausmcro
762 562 879 589 ESSE
908 559 1073 597 VOL03
1105 549 1342 610 respondet,
1366 563 1520 590 AUDI-

93 619 163 647 v1.
186 606 252 647 hic
273 606 384 670 apud
404 605 585 661 majores
614 614 780 646 nostros
805 603 1082 645 adhibebatur
1101 604 1273 667 peritus,
1297 620 1406 646 nunc
1427 607 1521 662 qui·

88 662 207 704 libet.
235 663 415 726 peritum
449 670 589 702 autem
623 676 713 702 esse
746 675 914 702 necesse
947 669 1010 700 est
1042 674 1154 710 eum,
1188 675 1273 715 qul,
1308 662 1519 704 silentium

89 719 190 774 quid
221 720 286 769 sit,
319 718 540 774 intelligat.
570 718 614 759 id
643 718 754 759 enim
785 717 996 758 silentium
1028 716 1247 757 dicimus
1237 732 1277 757 11]
1309 719 1517 781 auspiciis,

88 775 203 830 quod
226 776 342 816 omni
363 775 462 816 vitio
484 783 610 816 caret.
660 776 758 816 Hoc
779 773 1028 828 intelligere,
1050 773 1225 828 perfecti
1245 775 1416 829 auguris
1440 785 1516 816 est.
1531 777 1580 817 72

84 832 144 873 illi
176 841 331 883 autem,
353 832 424 888 qui
454 832 494 872 in
525 831 757 887 auspicium
777 830 1013 879 adhibetur,
1034 844 1131 870 cum
1154 830 1211 870 ita
1230 830 1447 885 imperarit
1469 832 1518 883 is,

86 888 158 944 qui
180 889 432 944 auspicatur,
454 902 650 938 chlTo,
675 902 716 928 SI
745 900 1030 928 SILENTIUM
1059 900 1176 927 ESSE
1200 900 1518 939 V1DEBITUR3

85 959 162 986 nec
179 945 367 1001 suspicit,
385 959 461 985 nec
477 944 782 999 circumspicit:
807 943 947 984 statim
965 942 1204 997 respondet,
1227 957 1514 987 SILENTIUM

87 1015 204 1043 ESSE
223 1016 252 1043 v
260 1015 423 1042 mam.
449 1002 558 1041 Tum
573 1000 657 1050 1116,
675 1013 871 1048 DICITO,
886 1013 928 1039 s1
949 1012 1263 1040 PASCUNTUR
1296 1001 1517 1042 PASCUN-

86 1071 203 1099 TUR.
236 1059 345 1100 Quae
366 1058 484 1098 aves?
508 1066 595 1122 aut,
617 1057 715 1098 ubi?
739 1056 914 1106 Attulit,
934 1056 1084 1110 inquit,
1101 1056 1141 1095 in
1162 1070 1285 1096 cavea
1306 1057 1477 1111 pullos
1467 1074 1516 1110 15,

84 1115 156 1170 qui
175 1129 225 1155 ex
246 1129 299 1154 eo
318 1114 410 1168 ipso
432 1114 672 1155 nominatur
690 1112 908 1169 pullarius.
967 1112 1050 1152 Hae
1071 1121 1168 1153 sunt
1188 1113 1318 1167 igitur
1335 1127 1428 1154 aves
1450 1115 1516 1155 in-

82 1179 202 1211 ter-nu
205 1171 302 1212 ntiae
323 1171 466 1212 Jovis:
500 1179 537 1203 ⁵8
555 1186 650 1227 quae
670 1178 910 1226 pascantur,
930 1183 1073 1219 necne,
1097 1169 1197 1225 quid
1223 1170 1374 1210 iefert
1367 1171 1380 1200 >
1414 1171 1519 1212 nihil

79 1227 131 1268 ad
153 1227 367 1282 auspicia:
399 1228 470 1268 sed
492 1228 603 1283 quia,
625 1242 723 1268 cum
744 1235 989 1290 pascuntur,
1010 1240 1178 1266 necesse
1196 1234 1273 1275 est,
1292 1225 1448 1291 aliquid
1467 1242 1517 1269 ex

80 1299 152 1324 ore
174 1284 334 1334 cadere,
352 1293 395 1324 et
416 1294 567 1326 terram
586 1283 738 1340 pavire,
757 1283 1021 1338 terripavmm
1044 1283 1196 1337 primo,
1218 1292 1316 1338 post
1336 1284 1516 1339 terripu-

79 1340 195 1381 dium
227 1341 388 1382 dictum
409 1350 501 1382 est:
534 1341 616 1382 hoc
646 1340 817 1397 quidem
841 1354 933 1395 Jam
963 1339 1195 1394 tripudium
1226 1339 1392 1379 dicitur.
1414 1355 1513 1381 cum

77 1396 210 1452 igitur
237 1398 320 1438 offa
352 1398 506 1438 cecidit
532 1412 583 1438 ex
611 1412 683 1438 ore
711 1397 830 1452 pulli,
850 1407 939 1436 tum
962 1395 1195 1451 auspicanti
1227 1404 1265 1429 ⁵9
1279 1396 1510 1450 tripudium

77 1454 329 1495 solistimum
352 1455 559 1495 nuntiant.
618 1455 733 1509 Ergo
766 1453 848 1494 hoc
879 1452 1109 1507 auspicium
1134 1451 1260 1493 divini
1279 1453 1508 1509 quidquam
1524 1453 1596 1503 35

76 1510 233 1550 habere
264 1520 417 1566 potest,
449 1510 562 1567 quod
595 1520 680 1551 tarn
715 1510 769 1551 sit
800 1520 1011 1560 coactum,
1043 1519 1085 1550 et
1117 1510 1392 1563 expressum?
1425 1525 1511 1566 quo
1524 1527 1572 1569 73

75 1566 389 1622 antiquissimos
420 1582 601 1624 augures
633 1582 716 1608 non
746 1581 836 1607 esse
866 1580 979 1616 USOS,
1011 1574 1263 1621 argumento
1294 1574 1371 1616 est,
1395 1566 1512 1631 quod

74 1622 291 1664 decretum
321 1624 491 1678 collegii
520 1632 636 1664 vetus
676 1624 895 1672 habemus,
926 1637 1096 1663 omnem
1128 1637 1248 1662 avem
1279 1623 1511 1687 tripudium

73 1680 210 1720 facere
241 1694 377 1734 posse.
435 1681 546 1721 Tum
576 1680 707 1735 igitur
734 1689 843 1720 esset
862 1679 1112 1734 auspicium,
1134 1679 1168 1720 si
1188 1678 1319 1719 modo
1341 1679 1378 1719 ei
1400 1690 1511 1722 esset

72 1735 269 1785 liberum,
303 1751 347 1777 se
386 1737 643 1787 ostendisse;
674 1745 765 1777 tum
805 1735 889 1776 avis
927 1735 999 1775 illa
1036 1735 1165 1776 videri
1199 1745 1342 1790 posset
1379 1735 1511 1777 inter·

71 1806 168 1847 pres
202 1801 245 1833 et
275 1793 440 1833 satelles
467 1793 597 1834 Jovis.
630 1808 740 1835 nunc
767 1807 863 1833 vero
893 1792 1093 1833 inclusa
1084 1807 1125 1833 m
1157 1805 1295 1842 cavea,
1328 1802 1371 1833 et
1396 1792 1508 1834 fame

72 1857 233 1899 enecta,
270 1849 304 1890 si
334 1849 375 1890 in
407 1850 533 1890 offam
565 1849 693 1904 pultis
727 1849 897 1898 invadit,
931 1858 975 1889 et
1002 1848 1036 1888 si
1068 1847 1228 1903 aliquid
1256 1863 1307 1888 ex
1332 1863 1404 1889 ore
1437 1864 1507 1890 ce-

70 1905 188 1955 cidit,
216 1905 298 1946 hoc
326 1914 373 1946 tu
404 1905 653 1961 auspicium,
675 1915 748 1946 aut
773 1905 855 1945 hoc
886 1904 1016 1945 modo
1043 1904 1273 1945 Romulum
1301 1905 1508 1960 auspicari

71 1962 243 2002 solitum
275 1964 428 2025 putas?
461 1964 555 2003 Jam
593 1961 645 2002 de
675 1962 785 2002 coelo
815 1975 972 2002 servare
1002 1975 1086 2001 non
1116 1961 1230 2015 ipsos
1261 1975 1405 2002 censes
1436 1977 1505 2003 so-
1518 1969 1569 2009 74

69 2018 183 2068 litos,
217 2018 290 2074 qui
329 2019 678 2074 auspicabantur?
712 2032 822 2059 nunc
862 2017 1070 2081 imperant
1102 2017 1296 2072 pullario.
1332 2017 1402 2058 ille
1439 2026 1635 2060 re-p·124·

72 2075 252 2116 nuntiat.
313 2075 489 2116 Fulmen
528 2075 739 2116 sinistrum
779 2075 1010 2138 auspicium
1051 2074 1262 2128 optimum
1298 2073 1545 2116 habemus*

70 2131 123 2172 ad
159 2146 306 2173 omnes
339 2147 418 2181 res,
454 2140 732 2187 praeterquam
766 2131 818 2172 ad
855 2130 1054 2173 comitia:
1086 2130 1201 2184 quod
1234 2129 1405 2194 quidem
1439 2130 1504 2172 in-

69 2188 267 2229 stitutum
297 2188 538 2244 reipublicae
569 2203 695 2228 causa
723 2196 800 2237 est,
831 2193 871 2219 60
885 2197 933 2227 ut
962 2186 1250 2236 comitiorum,
1272 2187 1332 2227 vel
1363 2187 1405 2227 in
1430 2187 1505 2243 Ju-

69 2244 188 2285 diciis
222 2245 383 2310 populi,
412 2245 473 2286 vel
510 2245 549 2285 in
579 2244 675 2309 jure
709 2244 869 2299 legum,
901 2243 965 2284 vel
992 2242 1034 2282 in
1064 2242 1253 2283 creandis
1282 2244 1508 2298 magistra·
1555 2280 1565 2289 „

68 2301 195 2350 tibus,
231 2302 440 2357 principes
474 2301 650 2342 civitatis
683 2309 823 2342 essent
856 2300 1117 2355 interpretes.
1176 2299 1238 2340 At
1271 2299 1336 2339 Ti.
1370 2300 1505 2341 Grac-

69 2356 139 2398 chi
172 2358 321 2399 litteris
355 2358 511 2422 Scipio,
543 2366 585 2399 et
618 2357 808 2413 Figulus,
840 2355 957 2420 quod
989 2366 1079 2396 tum
1110 2369 1291 2411 augures
1313 2355 1504 2411 judicas-

69 2422 175 2464 sent,
215 2428 287 2456 eos
324 2414 424 2455 vitio
464 2422 627 2456 creatos
666 2428 770 2464 esse,
808 2412 1059 2468 magistratu
1098 2426 1143 2452 se
1192 2411 1504 2454 abdicaverunt.

67 2469 176 2526 Quis
205 2479 333 2526 negat
360 2486 571 2527 augurum
603 2470 868 2526 disciplinam
897 2470 1017 2510 esse?
1051 2468 1350 2511 divinationem
1378 2483 1505 2526 nego.

112 2590 148 2620 57
175 2584 403 2614 simulacrasunt
414 2587 620 2626 auspiciorum,
631 2584 762 2624 auspicia
804 2585 844 2614 sit
872 2584 1060 2623 auspicanti,
1091 2584 1146 2622 qui
1177 2584 1320 2615 nunciet.
1349 2584 1438 2621 Quasi
1465 2584 1504 2614 ad

66 2627 144 2658 nullo
160 2626 253 2668 modo]
272 2628 324 2658 Sc.
340 2629 413 2667 quia
429 2639 493 2660 non
510 2640 547 2660 ex
565 2630 676 2659 avibus
691 2638 762 2668 pro·
804 2637 911 2657 unum
935 2628 1154 2666 auspicantem
1171 2636 1217 2659 res
1241 2628 1394 2667 pertineat
1408 2638 1414 2655 :
1444 2635 1503 2656 nec

67 2672 131 2710 prie
147 2677 232 2701 sunt.
805 2671 845 2701 sit
859 2671 898 2700 de
914 2677 979 2700 toto
995 2679 1119 2709 genere.

111 2720 150 2744 58
175 2724 240 2754 quae
251 2710 427 2753 pascantur]
445 2713 496 2743 Sic
513 2714 593 2746 MSS.
608 2713 717 2745 Guelf.
733 2719 764 2743 et
850 2718 891 2743 60
914 2719 947 2742 ut
969 2710 1341 2752 comitiorum—principes
1363 2721 1388 2738 c.
1412 2721 1434 2739 e.
1461 2709 1506 2738 in-

67 2756 119 2786 alii
133 2768 140 2785 z
158 2757 235 2786 item
250 2757 319 2787 edd.
335 2762 410 2786 vett.
807 2754 954 2794 terpretes]
987 2756 1184 2790 Judicarent,
1217 2760 1299 2784 recte
1330 2753 1411 2782 facta
1443 2752 1508 2782 sint

111 2806 150 2831 59
175 2799 245 2838 trip.
262 2799 349 2828 solist.
368 2796 518 2837 nuntiant]
535 2799 653 2830 Victor.
669 2799 765 2829 edidit
807 2807 866 2828 nec
890 2808 943 2834 ne,
968 2799 1024 2828 etsi
1053 2799 1110 2836 ipsi
1134 2806 1268 2835 augures
1294 2804 1359 2824 non
1383 2803 1470 2824 essen
1481 2802 1507 2824 te

66 2841 232 2878 nuntiatur,
249 2842 294 2872 nil
311 2843 448 2872 interest.
492 2842 640 2872 Davisius
664 2843 694 2872 id
710 2851 766 2871 ne·
808 2841 894 2879 quod
909 2850 999 2870 secus
1013 2846 1105 2876 esset,
1121 2840 1146 2869 si
1163 2839 1288 2869 fulmen
1304 2845 1384 2868 esset
1406 2837 1510 2868 comi·

67 2884 240 2917 cessarium
261 2891 362 2927 putat,
379 2886 454 2926 quia
468 2894 554 2915 unus
569 2891 696 2916 tantum
711 2885 766 2915 ad·
809 2883 927 2912 tiorum
944 2884 1134 2923 auspicium.

803 2935 921 2980 ΡΡ3
