1768 3095
233 87 286 120 32
572 78 850 117 ACADEM.
881 77 1324 116 QUAESTIONUM

234 187 436 232 artificem
458 186 512 228 ab
531 186 691 228 inscio?
725 200 808 227 non
835 186 949 227 enim
981 185 1158 227 fortuito
1190 185 1302 228 hunc
1331 185 1534 227 artificem
1557 185 1671 229 dice-

233 259 331 286 mus
360 257 466 295 esse,
485 243 606 285 illum
636 242 914 298 negabimus:
946 242 1018 284 sed
1048 257 1147 284 cum
1179 243 1359 284 alterum
1391 250 1601 298 percepta,
1627 252 1672 286 et

231 300 536 357 comprehensa
562 307 600 332 ⁵3
617 309 757 341 tenere
787 299 989 349 videmus,
1016 299 1195 340 alterurn
1225 313 1308 340 non
1338 299 1455 340 item.
1485 312 1670 356 cumque

232 358 386 400 artium
407 356 521 399 aliud
539 356 750 413 ejusmodi
769 370 903 412 genus
923 356 992 405 sit,
1012 365 1060 396 ut
1079 355 1378 397 tantummodo
1408 355 1550 397 animo
1579 369 1669 399 rem

231 424 404 466 cernat;
434 413 563 464 aliud,
594 423 642 455 ut
672 413 870 454 moliatur
902 412 1060 468 aliquid
1091 422 1135 454 et
1162 411 1318 454 faciat:
1349 411 1567 468 quomodo
1595 422 1672 456 aut

229 482 468 527 geometres
498 484 664 512 cernere
692 484 741 510 ea
769 479 921 525 potest,
942 484 1037 524 quae
1067 478 1140 510 aut
1167 468 1283 509 nulla
1311 478 1424 520 sunt,
1443 478 1516 510 aut
1541 470 1670 511 inter-

231 529 348 569 nosci
368 543 392 569 a
412 528 525 569 falsis
546 541 629 568 non
650 535 825 583 possunt
843 543 852 567 :
884 534 957 566 aut
981 525 1030 575 is,
1051 525 1122 580 qui
1154 524 1306 566 fidibus
1336 526 1482 574 utitur,
1502 526 1669 581 explere

230 599 443 635 numeros,
462 594 504 625 et
531 583 737 625 conficere
763 584 936 623 versus?
969 581 1084 638 quod
1114 580 1224 622 idem
1258 582 1300 621 in
1327 582 1535 623 similibus
1557 597 1666 639 quo-

229 655 313 698 que
339 643 499 683 artibus
528 641 773 696 continget:
807 653 984 694 quarum
1015 652 1142 679 omne
1175 652 1281 694 opus
1311 647 1377 680 est
1406 639 1449 679 in
1476 639 1669 681 faciendo

229 707 357 754 atque
377 697 556 753 agendo.
615 697 730 754 Quid
751 697 860 738 enim
884 706 961 745 est,
983 695 1099 751 quod
1119 704 1207 735 arte
1226 694 1333 735 effici
1352 697 1499 750 possit,
1519 696 1598 738 nisi
1617 697 1667 749 is,

186 756 302 812 8qui
331 766 462 796 artem
494 755 707 804 tractabit,
726 753 862 794 multa
890 752 1157 808 perceperit?
1189 752 1380 792 Maxime
1406 766 1506 793 >vero
1535 752 1668 794 virtu-

167 834 216 866 23
231 821 320 854 tum
342 812 530 868 cognitio
560 811 794 861 confirmat,
814 809 969 865 percipi
988 819 1031 850 et
1049 808 1352 864 comprehendi
1369 808 1506 849 multa
1528 822 1669 865 posse.

227 869 269 910 in
302 869 456 924 quibus
489 868 588 909 solis
618 867 752 908 inesse
780 866 907 907 etiam
939 865 1158 906 scientiam
1191 864 1371 906 dicimus
1388 881 1401 916 3
1432 879 1559 920 quam
1587 880 1667 908 nos

226 940 311 967 non
331 925 751 980 comprehensionem
784 923 914 964 modo
945 937 1100 973 rerum,
1120 921 1192 963 sed
1222 935 1316 962 eam
1341 921 1535 964 stabilem
1555 937 1665 988 quo-

225 997 307 1037 que
329 991 454 1037 atque
476 981 784 1023 immutabilem
804 994 894 1021 esse
913 993 1133 1022 censemus
1150 996 1159 1020 :
1191 978 1378 1035 itemque
1398 979 1664 1034 sapientiam,

225 1049 360 1080 artem
381 1038 555 1088 vivendi,
575 1053 670 1094 quae
701 1038 790 1092 ipsa
821 1051 871 1077 ex
903 1050 992 1077 sese
1021 1036 1175 1076 habeat
1193 1035 1487 1077 constantiam.
1518 1050 1567 1077 ea
1588 1050 1665 1080 au-

184 1102 214 1132 b.
227 1104 311 1136 tem
348 1096 584 1136 constantia
613 1094 647 1135 si
679 1094 780 1135 nibil
809 1093 964 1134 habeat
993 1092 1195 1148 percepti,
1226 1102 1270 1134 et
1299 1091 1478 1148 cogniti,
1501 1107 1662 1150 quaero,

225 1152 336 1193 unde
351 1160 446 1193 nata
463 1152 530 1202 sit,
546 1159 588 1192 et
604 1150 848 1207 quomodo?
872 1151 1032 1192 Quaero
1047 1150 1190 1199 etiam,
1203 1149 1273 1189 ille
1285 1149 1345 1190 vir
1361 1150 1513 1200 bonus,
1535 1158 1575 1182 ⁵4
1588 1151 1663 1207 qui

223 1209 371 1250 statuit
389 1223 559 1249 ornnem
581 1208 813 1248 cruciatum
834 1206 1031 1262 perferre,
1050 1205 1301 1247 intolerabili
1322 1205 1470 1247 dolore
1488 1205 1662 1250 lacerari

220 1266 378 1320 potius,
398 1280 526 1321 quam
547 1272 621 1305 aut
640 1263 824 1305 officium
843 1263 1009 1317 prodat,
1029 1273 1102 1303 aut
1122 1261 1264 1312 fidem,
1280 1276 1356 1302 cur
1375 1261 1451 1302 has
1470 1263 1549 1303 sibi
1571 1272 1660 1306 tam

220 1335 368 1376 graves
390 1322 504 1377 leges
523 1320 787 1376 imposuerit,
805 1334 918 1369 cum,
936 1317 1214 1374 quamobrem
1232 1318 1293 1359 ita
1309 1327 1539 1374 oporteret,
1556 1319 1662 1363 nihil

220 1377 397 1420 haberet
416 1376 726 1434 comprehensi,
742 1376 944 1432 percepti,
957 1375 1132 1430 cogniti,
1153 1375 1400 1416 constituti?
1423 1375 1559 1417 Nullo
1574 1376 1659 1432 igi-

220 1443 290 1476 tur
308 1434 439 1476 modo
460 1435 548 1476 fieri
567 1442 720 1489 potest,
739 1443 788 1474 ut
807 1434 1031 1489 quisquam
1061 1432 1168 1473 tanti
1197 1431 1378 1472 aestimet
1398 1431 1658 1488 aequitatem,
1676 1452 1679 1454 ·

219 1499 263 1532 et
284 1491 425 1542 fidem,
444 1500 494 1533 ut
512 1490 604 1546 ejus
622 1489 915 1531 conservandae
936 1502 1063 1529 causa
1077 1488 1241 1529 nullum
1261 1488 1516 1544 supplicium
1536 1502 1658 1531 recu-

221 1556 298 1600 set,
319 1548 397 1589 nisi
417 1547 467 1589 iis
487 1548 613 1589 rebus
640 1560 834 1587 assensus
863 1545 931 1597 sit,
952 1560 1045 1601 quae
1076 1544 1193 1586 falsae
1226 1559 1317 1585 esse
1349 1559 1435 1586 non
1464 1555 1656 1601 possunt.

156 1608 208 1641 24
222 1605 319 1660 Ipsa
338 1618 434 1646 vero
455 1603 670 1659 sapientia,
691 1602 724 1643 si
745 1617 789 1643 se
811 1602 1038 1659 ignorabit,
1058 1601 1261 1657 sapientia
1290 1602 1358 1652 sit,
1378 1615 1539 1654 necne3
1570 1617 1658 1660 quo

218 1661 350 1702 modo
370 1661 554 1717 primum
575 1659 787 1701 obtinebit
806 1673 962 1700 nomen
985 1658 1224 1714 sapientiae?
1248 1657 1398 1699 deinde
1417 1673 1504 1715 quo
1522 1658 1656 1702 modo

218 1718 429 1774 suscipere
447 1717 630 1773 aliquam
652 1731 756 1767 rem,
776 1726 850 1757 aut
869 1729 993 1771 agere
1023 1715 1196 1756 fidenter
1224 1714 1411 1766 audebit,
1431 1730 1531 1757 cum
1551 1716 1657 1759 certi

218 1774 321 1816 nihil
349 1774 443 1825 erit,
475 1773 592 1829 quod
619 1773 849 1829 sequatur?
882 1787 979 1813 cum
1010 1786 1108 1813 vero
1140 1771 1367 1823 dubitabit,
1387 1771 1490 1829 quid
1517 1780 1657 1814 extre-

215 1845 350 1881 mum,
371 1840 414 1873 et
432 1830 631 1872 ultimum
651 1831 876 1879 bonorum,
898 1830 1111 1885 ignoranS,
1130 1843 1217 1884 quo
1243 1829 1387 1870 omnia
1406 1829 1655 1882 referantur,

214 1888 287 1943 qui
305 1888 462 1944 poterit
479 1901 569 1928 esse
588 1886 816 1943 sapientia?
850 1888 994 1942 Atque
1017 1886 1145 1927 etiam
1158 1885 1269 1927 ,illud
1288 1885 1557 1942 perspicuum
1574 1893 1655 1939 est,

213 1945 415 1986 constitui
445 1958 615 1985 necesse
652 1957 742 1984 esse
782 1943 964 1994 initium,
1004 1942 1121 1998 quod
1160 1942 1375 1998 sapientia,
1413 1957 1511 1984 cum
1550 1942 1654 2000 quid

212 2014 340 2057 agere
360 2001 546 2057 incipiat,
566 2010 794 2057 sequatur:
825 1999 952 2056 idque
979 1998 1145 2041 initium
1176 2013 1267 2040 esse
1298 2008 1458 2040 naturae
1479 2013 1650 2041 accom-

213 2057 451 2100 modatum.
486 2072 583 2098 nam
623 2057 745 2099 aliter
779 2057 999 2113 appetitio,
1035 2057 1144 2110 (eam
1178 2056 1289 2096 enim
1329 2069 1419 2096 esse
1456 2055 1652 2098 volumus

213 2116 337 2170 ὁρμὴν)
369 2128 453 2170 qua
480 2114 534 2155 ad
563 2113 778 2169 agendum
807 2113 1080 2169 impellimur,
1107 2122 1149 2154 et
1179 2111 1221 2153 id
1249 2112 1504 2168 appetimus,
1535 2113 1652 2168 quod

150 2181 199 2213 25
213 2179 278 2212 est
307 2171 456 2223 visum,
488 2171 646 2212 moveri
677 2185 761 2211 non
797 2178 952 2226 potest.
1011 2168 1124 2211 Illud
1159 2177 1316 2219 autem,
1346 2169 1461 2224 quoti
1493 2179 1650 2222 movet,

212 2227 518 2283 priusoportet
535 2227 678 2277 videri,
698 2228 820 2284 eique
839 2226 978 2268 credi:
1009 2224 1126 2281 quod
1147 2225 1233 2266 fieri
1256 2240 1337 2266 non
1359 2235 1514 2280 potest,
1537 2226 1572 2267 si
1590 2225 1650 2278 id,

211 2283 329 2340 quod
357 2286 492 2329 visum
525 2284 618 2335 erit,
640 2281 819 2326 discerni
851 2298 935 2324 non
967 2281 1125 2338 poterit
1153 2296 1178 2322 a
1206 2282 1327 2323 falso.
1386 2283 1490 2325 Quo
1516 2282 1650 2324 modo

209 2349 353 2382 autem
374 2341 529 2382 moveri
559 2340 723 2381 animus
753 2339 806 2381 ad
837 2338 1119 2395 appetendum
1142 2348 1296 2394 potest,
1318 2339 1351 2379 si
1372 2338 1429 2390 id,
1451 2338 1567 2395 quod
1586 2339 1647 2380 vi-

208 2397 346 2448 detur,
366 2412 450 2438 non
480 2397 722 2453 percipitur,
741 2395 1164 2438 accommodatumne
1194 2404 1353 2437 naturae
1375 2395 1444 2446 sit,
1465 2410 1518 2437 an
1543 2394 1646 2438 alie-

208 2455 340 2495 num?
372 2453 573 2509 itemque,
601 2453 650 2505 si,
679 2453 780 2508 quid
811 2453 937 2494 officii
965 2452 1028 2493 sui
1063 2451 1130 2501 sit,
1160 2466 1243 2492 non
1274 2452 1459 2494 occurrit
1487 2452 1646 2503 animo,

206 2509 310 2551 nihil
330 2524 532 2567 umquam
553 2509 727 2551 omnino
746 2520 860 2566 aget,
880 2509 932 2550 ad
954 2508 1112 2549 nullam
1146 2523 1232 2548 rem
1263 2523 1465 2565 umquam
1494 2507 1646 2564 impel-

204 2566 329 2618 letur,
350 2579 581 2623 numquam
602 2566 853 2608 movebitur.
887 2566 1004 2623 quod
1034 2565 1068 2606 si
1098 2564 1255 2620 aliquid
1277 2564 1503 2622 aliquando
1523 2574 1645 2607 actu-

249 2698 286 2724 53
305 2699 397 2722 tenere
418 2689 564 2729 videmus]
590 2690 676 2721 Quia
698 2692 844 2731 praeccdit
859 2690 904 2720 di-
947 2690 1096 2720 vitiosum
1124 2696 1181 2725 est,
1211 2690 1275 2729 ipsa
1298 2690 1450 2721 latinitate
1473 2689 1646 2720 indicante.

203 2746 308 2773 cemus,
322 2735 500 2776 negabimus,
524 2734 697 2775 legendum
720 2743 766 2766 est
788 2734 903 2764 videbi·
947 2732 1234 2772 Correxipcrfirre;
1255 2740 1289 2763 ut
1304 2741 1334 2764 ct
1350 2734 1468 2764 habent
1483 2733 1553 2763 edd.
1570 2738 1647 2764 vett.

203 2790 276 2809 mus.
948 2777 1028 2806 Ven.
1053 2776 1141 2806 Meri.
1155 2776 1230 2806 Asc.
1246 2776 1318 2808 Ald.
1336 2777 1482 2818 idemque
1506 2776 1538 2807 in
1563 2776 1644 2808 Mss.

248 2829 287 2852 54
312 2821 363 2862 qui
387 2821 492 2852 statui!
511 2832 536 2851 ο.
558 2832 584 2852 c.
602 2818 744 2862 perferri]
772 2820 904 2861 Pufcrri
948 2820 1058 2860 reperit
1073 2819 1231 2850 Davisius.
