1778 3095
575 64 753 104 LIBER
786 63 1083 102 QUINTUS.
1472 67 1548 107 373

120 184 263 217 autem
297 174 519 225 laudabile,
556 173 748 229 profecto
784 172 908 212 etiam
947 170 1199 211 honestum:
1240 167 1354 222 quod
1388 168 1547 210 bonum

121 231 265 287 igitur,
300 233 342 274 id
376 232 614 273 honestum.
673 229 734 270 At
764 243 857 283 quae
887 227 956 281 isti
985 227 1097 267 bona
1126 226 1360 274 numerant,
1391 238 1440 264 ne
1470 226 1547 280 ipsi
1561 236 1615 269 44

121 289 291 343 quidem
324 289 499 329 honesta
537 286 694 327 dicunt.
729 285 866 326 solum
899 283 1028 339 igitur
1059 282 1235 330 bonum,
1269 279 1383 335 quod
1418 280 1547 321 hone-

120 354 246 386 stum.
268 359 318 386 ex
337 358 421 400 quo
441 343 629 393 efficitur,
651 342 869 382 honestate
890 354 974 381 una
993 339 1117 380 vitam
1139 335 1344 379 contineri
1363 336 1546 378 beatam.

121 400 222 441 Non
243 410 340 442 sunt
358 400 488 456 igitur
509 413 557 440 ea
575 399 686 439 bona
705 398 897 448 dicenda,
918 410 992 437 nee
1014 394 1221 444 habenda,
1243 392 1396 448 quibus
1415 392 1548 433 abun-

120 456 291 498 dantem
320 456 418 497 licet
445 470 535 496 esse
566 455 859 495 miserrimum.
919 454 988 493 An
1020 451 1201 500 dubitas,
1223 449 1324 505 quin
1344 459 1547 504 praestans
1561 465 1610 497 45

120 513 357 563 valitudine,
389 512 557 562 viribus,
592 512 741 562 forma,
776 509 987 551 acerrimis
1019 506 1382 563 integerrimisque
1416 506 1547 547 sensi-

121 569 214 619 bus,
232 569 338 610 adde
358 569 499 619 etiam,
521 569 554 609 si
580 567 697 619 libet,
719 567 1025 623 pernicitatem,
1045 574 1089 606 et
1109 563 1390 612 velocitatem,
1411 562 1466 603 da
1486 562 1550 603 di-

118 625 250 675 vitias,
270 625 465 675 honores,
485 625 673 680 imperia,
696 638 811 679 opes,
831 624 1036 679 gloriam:
1068 621 1102 662 si
1130 620 1255 661 fuerit
1280 619 1329 670 is,
1355 619 1426 675 qui
1456 619 1547 660 haec

119 680 262 732 habet,
285 681 479 738 injustus,
500 681 796 737 intemperans,
823 680 1008 729 timidus,
1031 677 1173 720 hebeti
1204 676 1391 732 ingeniO,
1421 685 1547 731 atque

118 737 257 779 nullo:
288 738 554 779 dubitabisne
587 748 683 779 eum
715 738 912 778 miserum
946 735 1110 776 dicere?
1143 733 1282 789 qualia
1312 733 1443 789 igitur
1466 732 1548 774 ista

116 793 230 834 bona
253 803 363 845 sunt,
383 810 477 850 quae
511 795 583 850 qui
615 794 781 844 habeat,
811 792 1069 834 miserrimus
1094 805 1183 831 esse
1212 790 1375 845 possit?
1410 789 1546 831 videa-

118 864 228 900 mus,
249 865 314 901 ne,
336 860 384 892 ut
404 866 574 892 acervus
603 865 653 891 ex
683 851 745 891 sui
775 849 941 904 generis
971 848 1125 904 graniS,
1147 846 1205 887 sic
1237 847 1361 887 beata
1387 846 1470 887 vita
1497 860 1547 887 ex

117 907 182 947 sui
203 907 407 948 similibus
437 907 623 962 partibus
644 907 750 948 effici
772 907 937 947 debeat.
996 903 1127 961 Quod
1149 903 1182 944 si
1201 903 1259 943 ita
1278 913 1368 944 est:
1398 917 1450 943 ex
1470 903 1548 944 bo·

117 963 193 1013 nis,
214 979 307 1018 quae
328 963 417 1004 sola
436 964 614 1004 honesta
635 974 746 1014 sunt,
769 972 808 997 49
823 961 1064 1003 efficiendus
1084 968 1149 1002 est
1165 960 1327 1000 beatus.
1349 973 1398 1000 ea
1415 959 1547 1001 mixta

112 1033 167 1060 ex
189 1019 462 1061 dissimilibus
483 1020 516 1061 si
535 1030 681 1071 erunt3
714 1020 940 1061 honestum
962 1033 1012 1059 ex
1031 1017 1094 1058 his
1117 1016 1224 1058 effici
1253 1015 1357 1057 nihil
1375 1017 1545 1072 poterit.

117 1090 202 1131 quo
233 1075 436 1127 detracto,
468 1077 568 1132 quid
602 1077 756 1132 poterit
788 1077 959 1117 beatum
990 1073 1200 1129 intelligi?
1233 1073 1388 1114 etenim
1421 1072 1546 1129 quid-

117 1132 218 1188 quid
249 1142 328 1182 est,
350 1133 464 1188 quod
494 1134 653 1174 bonum
682 1133 749 1184 sit,
770 1133 811 1174 id
831 1131 1111 1187 expetendum
1137 1137 1226 1171 est:
1259 1129 1375 1185 quod
1404 1139 1545 1170 autem

117 1189 415 1243 expetendum,
437 1189 480 1230 id
509 1200 622 1230 certe
652 1189 997 1245 approbandum:
1028 1187 1142 1244 quod
1164 1200 1261 1227 vero
1289 1186 1548 1242 approbaris,

117 1244 162 1285 id
193 1255 361 1300 gratum
393 1255 698 1301 acceptumque
725 1245 981 1287 habendum.
1013 1258 1115 1299 ergo
1145 1242 1269 1284 etiam
1297 1243 1481 1298 dignitas
1510 1244 1549 1284 ei

118 1301 338 1342 tribuenda
358 1313 434 1343 est.
466 1303 579 1358 quod
603 1304 636 1343 si
654 1303 711 1343 ita
731 1312 822 1344 est:
853 1301 1061 1342 laudabile
1091 1301 1145 1341 sit
1171 1314 1338 1340 necesse
1359 1309 1436 1339 est.
1466 1300 1546 1340 bo-

117 1372 218 1397 num
240 1357 368 1412 igitur
388 1373 513 1399 omne
530 1359 753 1400 laudabile.
785 1374 834 1399 ex
857 1373 942 1414 quo
962 1358 1153 1407 efficitur,
1173 1367 1236 1406 ut,
1259 1356 1374 1412 quod
1395 1356 1448 1396 sit
1468 1356 1546 1396 ho-

118 1423 298 1464 nestum,
319 1414 360 1454 id
380 1415 433 1455 sit
453 1415 587 1455 solum
612 1416 786 1456 bonum.
845 1414 975 1472 Quod
997 1415 1034 1454 ni
1055 1414 1113 1454 ita
1130 1413 1389 1454 tenebimus:
1411 1413 1545 1453 multa
1557 1418 1612 1454 46

116 1480 251 1520 erunt,
274 1486 367 1525 quae
390 1471 510 1511 nobis
539 1472 650 1512 bona
681 1471 857 1512 dicenda
887 1470 996 1512 sint:
1029 1471 1182 1511 omitto
1204 1468 1393 1510 divitias:
1425 1481 1544 1524 quas,
1557 1470 1588 1499 b-

115 1540 212 1566 cum
246 1526 392 1582 quiviS,
418 1528 605 1582 quamvis
638 1527 849 1582 indignus,
881 1527 1034 1567 habere
1063 1526 1210 1582 possit,
1240 1526 1280 1566 in
1310 1525 1430 1565 bonis
1460 1540 1544 1566 non
1563 1513 1628 1566 16

115 1597 305 1623 numero.
338 1583 454 1638 quod
475 1582 586 1624 enim
608 1592 672 1624 est
690 1584 865 1634 bonum,
887 1584 928 1624 id
952 1598 1035 1623 non
1057 1583 1188 1638 quivis
1210 1581 1362 1622 habere
1383 1591 1546 1636 potest:

115 1639 266 1679 omitto
290 1640 567 1691 nobilitatem,
588 1641 829 1696 famamque
856 1640 1119 1696 popularem,
1141 1638 1364 1679 stultorum
1389 1639 1547 1693 impro-

116 1695 352 1751 borumque
386 1711 596 1737 consensu
631 1698 868 1738 excitatam.
937 1698 1059 1747 Haec,
1096 1711 1189 1751 quae
1224 1703 1323 1736 sunt
1357 1695 1547 1745 minima,

116 1760 255 1791 tamen
288 1754 400 1793 bona
430 1753 622 1794 dicantur
652 1768 819 1794 necesse
846 1762 935 1794 est:
967 1753 1181 1794 candiduli
1201 1752 1363 1802 dentes,
1387 1751 1547 1798 venusti

115 1808 244 1859 oculi,
281 1809 399 1850 color
434 1810 582 1858 suavis,
617 1820 660 1850 et
692 1825 755 1860 ea,
790 1819 828 1842 ⁵0
844 1826 938 1865 quae
978 1811 1064 1850 Eur
1082 1809 1185 1849 -clea
1220 1808 1364 1850 laudat
1398 1808 1547 1864 Ulyssi

116 1864 244 1918 pedes
277 1865 465 1916 abluens,
488 1875 521 1897 ὁ]
540 1865 717 1907 lenitudo
749 1867 955 1917 orationis,
975 1865 1187 1907 mollitudo
1218 1864 1405 1919 corporis.
1435 1879 1484 1905 ea
1515 1866 1548 1906 si

116 1921 226 1961 bona
258 1921 475 1973 ducemus,
510 1923 611 1977 quid
642 1924 719 1964 erit
751 1923 793 1963 in
824 1922 1065 1979 philosophi
1094 1922 1314 1977 gravitate,
1346 1936 1473 1977 quam
1505 1921 1547 1961 in

113 1977 229 2032 vulgi
260 1979 471 2032 opinione,
505 1979 814 2035 stultorumque
847 1981 984 2031 turba,
1006 1979 1120 2035 quod
1151 1979 1315 2019 dicatur
1345 1988 1418 2018 aut
1447 1992 1546 2033 gra-

113 2033 216 2083 vius,
253 2044 327 2075 aut
359 2035 594 2090 grandius?
628 2036 690 2076 At
721 2036 832 2077 enim
869 2037 1016 2077 eadem
1054 2035 1185 2076 Stoici
1222 2035 1448 2090 praecipua,
1483 2033 1544 2074 vel
1557 2042 1606 2083 47

112 2089 317 2143 producta
353 2092 514 2142 dicunt,
547 2107 639 2148 quae
673 2093 785 2133 bona
816 2093 897 2133 isti.
958 2093 1119 2133 Dicunt
1149 2091 1208 2132 illi
1242 2091 1439 2147 quidem:
1473 2090 1545 2131 sed

112 2145 177 2186 his
209 2147 335 2188 vitam
367 2149 533 2189 beatam
565 2149 769 2204 compleri
802 2158 984 2204 negant:
1017 2148 1061 2188 hi
1090 2158 1230 2189 autem
1264 2148 1351 2188 sine
1379 2147 1429 2188 iis
1459 2161 1549 2188 esse

114 2203 271 2243 nullam
295 2214 472 2259 putant:
504 2214 589 2255 aut,
625 2206 658 2246 si
689 2206 742 2246 sit
773 2206 910 2257 beata,
931 2205 1215 2246 beatissimam
1245 2213 1356 2245 certe
1376 2212 1549 2259 negant.

113 2259 206 2300 Nos
227 2269 370 2301 autem
398 2262 589 2302 volumus
611 2262 895 2303 beatissimam
915 2279 923 2303 :
957 2261 1081 2316 idque
1102 2262 1224 2301 nobis
1243 2260 1457 2301 Socratica
1479 2259 1550 2300 illa

114 2316 382 2358 conclusione
404 2319 689 2359 confirmatur.
749 2319 817 2360 Sic
837 2319 947 2359 enim
972 2318 1164 2373 princeps
1181 2318 1248 2357 ille
1267 2316 1548 2372 philosophice

113 2370 354 2414 disserebat.
419 2374 565 2429 Qualis
595 2376 787 2431 cnjusque
817 2375 944 2416 (mimi
975 2373 1147 2429 (gff'ectus
1181 2381 1295 2424 esset,
1318 2373 1440 2414 talem
1470 2387 1551 2420 esse

157 2501 197 2526 49
213 2492 370 2534 efficiendus
395 2502 434 2523 est
460 2492 570 2532 heatus]
595 2495 645 2523 Sic
664 2494 726 2523 Ms.
745 2494 808 2523 Gu.
853 2493 927 2532 lyssi
943 2493 1047 2531 pedes,
1064 2494 1173 2522 nutrix
1194 2493 1274 2530 ejus.
1299 2493 1403 2531 itaque
1419 2493 1549 2531 quidam

113 2544 205 2567 recte.
244 2536 419 2575 Vulgatum
438 2537 611 2577 ffcicndnm
627 2546 667 2566 est
683 2537 808 2573 baasam,
853 2538 1015 2574 corrigunt
1042 2535 1207 2575 Euryclea:
1231 2536 1255 2565 si
1281 2534 1417 2564 Anticlea
1439 2545 1551 2565 verum

114 2586 236 2610 rectum
264 2590 328 2609 non
357 2587 414 2615 est,
444 2582 475 2609 'm
501 2590 566 2619 quo
593 2581 705 2608 beatum
731 2588 811 2610 esset
853 2587 912 2615 est,
931 2580 1206 2618 memoriale-psus
1223 2586 1267 2607 est
1283 2578 1404 2608 Cicero.
1442 2579 1551 2608 Enim-

113 2631 170 2661 pro
184 2623 391 2658 beatitudine,
416 2624 500 2661 quod
528 2626 560 2652 h.
578 2623 598 2652 l.
615 2624 710 2652 nimis
734 2632 810 2662 grae-
854 2632 927 2652 vero
942 2623 1016 2661 quia
1039 2622 1108 2651 edd.
1126 2629 1199 2651 vett.
1215 2628 1251 2650 ut
1267 2621 1386 2657 Juntae,
1402 2621 1474 2651 Aldi
1496 2621 1552 2650 ha·

115 2665 218 2695 cissat.
854 2666 931 2695 bent
948 2664 1103 2704 Euryclea,
1122 2666 1152 2694 id
1168 2665 1256 2694 edere
1274 2674 1339 2693 non
1356 2664 1511 2693 dubitavi.

161 2714 200 2737 50
216 2718 280 2748 quae
296 2707 445 2746 Anticlea]
466 2708 526 2737 Res
542 2710 675 2746 pertinet
693 2717 756 2738 non
773 2709 809 2737 ad
900 2715 935 2737 51
956 2706 1080 2736 lenitudo
1096 2720 1121 2737 o,
1136 2719 1175 2738 m.
1189 2705 1326 2746 corpsris]
1345 2706 1399 2737 Est
1417 2715 1520 2736 versus
1536 2714 1553 2735 e

117 2749 282 2779 Anticleam
312 2758 446 2780 matrem
474 2751 609 2789 Ulyssis,
636 2754 688 2781 scd
717 2752 813 2791 Eury·
856 2750 982 2780 Pacuvii
1000 2750 1129 2790 Niptris,

118 2790 220 2829 elram,
244 2802 317 2832 quae
337 2795 421 2833 apud
442 2793 622 2823 Homerum
647 2794 746 2824 abluit
767 2795 812 2823 U-

851 2834 973 2889 Bb3
