1768 3095
527 131 707 169 LIBER
745 131 1062 168 QUARTUS.
1461 136 1513 180 79

83 241 150 283 Ita
167 250 216 283 tu
235 256 361 293 nunc,
383 239 547 290 Catule,
567 239 707 280 lucere
727 239 860 280 nescis
877 253 889 289 ;
923 247 938 271 ⁵
955 252 1029 279 nec
1058 246 1119 287 tu,
1141 236 1361 288 Hortensi,
1381 238 1422 279 in
1442 248 1515 280 tua
1531 244 1605 283 146

82 297 179 339 villa
212 313 288 340 nos
320 311 423 338 esse.
482 297 600 337 Num
635 296 775 337 minus
811 295 903 336 haec
938 294 1142 335 invidiose
1176 293 1405 335 dicuntur?
1438 310 1515 336 nec

82 363 224 396 tamen
242 354 362 397 nimis
382 352 623 408 eleganter:
653 352 726 393 illa
755 351 964 394 subtilius.
1025 350 1124 402 Sed,
1143 364 1229 406 quo
1249 349 1379 392 modo
1400 359 1463 401 tu,
1484 352 1519 392 si

85 411 189 452 nihil
217 408 516 465 comprehendi
546 418 704 464 posset,
724 408 897 451 artificia
917 407 1141 449 concidere
1172 407 1355 458 dicebas,
1384 421 1519 462 neque

84 467 189 508 mihi
208 467 350 517 dabas,
370 466 412 506 id
432 465 548 522 quod
576 465 796 521 probabile
823 475 949 516 esset,
971 464 1069 505 satis
1097 478 1299 519 magnam
1329 463 1412 504 vim
1444 464 1521 504 ha-

86 523 183 565 bere
203 523 255 564 ad
274 532 411 564 artes:
444 523 503 563 sic
534 536 617 578 ego
648 537 759 563 nunc
790 521 869 564 tibi
898 522 1050 572 refero,
1071 529 1206 562 artem
1237 521 1325 561 sine
1347 521 1523 562 scientia

85 594 175 621 esse
196 594 280 620 non
309 593 447 635 posse.
507 579 577 619 An
606 587 820 635 pateretur
850 578 932 620 hoc
953 578 1123 628 Zeuxis,
1143 587 1217 619 aut
1245 577 1428 629 Phidias,
1450 587 1525 619 aut

89 635 343 692 Polycletus,
374 635 478 676 nihil
511 650 555 676 se
587 636 707 687 scire,
738 651 835 677 cum
867 635 909 676 in
940 635 1004 675 his
1035 642 1146 676 esset
1175 643 1292 675 tanta
1321 634 1520 676 solertia?

85 691 235 748 quodsi
270 706 342 733 eos
382 692 597 734 docuisset
635 692 801 748 aliquis,
838 706 967 748 quam
1002 692 1083 732 vim
1121 691 1276 732 habere
1316 691 1525 733 diceretur

87 748 274 799 scientia,
307 748 545 790 desinerent
579 749 699 790 irasci
717 766 726 790 :
763 763 815 790 ne
852 748 973 790 nobis
1008 748 1181 804 quidem
1216 758 1525 799 succenserent,

86 819 184 847 cum
217 805 462 847 didicissent
496 805 539 847 id
572 806 720 847 tollere
750 820 841 856 nos,
871 804 985 861 quod
1011 819 1220 860 nusquam
1241 813 1377 857 esset3
1409 804 1526 861 quod

86 870 226 903 autem
249 862 349 903 satis
369 870 478 904 esset
498 862 612 918 ipsis,
634 862 882 918 relinquere.
914 876 1041 917 quam
1072 861 1293 912 rationem,
1315 861 1526 918 majorum

91 919 218 960 etiam
238 919 490 975 comprobat
507 919 751 975 diligentia:
785 919 856 975 qui
878 918 1061 974 primurn
1078 917 1223 974 jurare
1243 933 1294 959 ex
1315 919 1378 960 sui
1398 919 1527 960 animi

90 975 294 1018 sententia
315 990 526 1032 quemque
545 976 768 1017 voluerunt
786 993 795 1016 :
828 974 980 1016 deinde
1000 975 1057 1016 ita
1077 975 1224 1025 teneri,
1247 975 1280 1016 si
1296 976 1430 1017 sciens
1449 976 1529 1017 fal-

87 1031 206 1083 leret,
246 1032 361 1088 quod
395 1032 615 1073 inscientia
645 1033 782 1074 multa
818 1042 1052 1073 versaretur
1083 1031 1126 1072 in
1160 1032 1243 1072 vita
1262 1048 1271 1073 :
1312 1042 1419 1084 tum,
1455 1033 1530 1088 qui

89 1089 381 1130 testimonium
403 1088 575 1140 diceret,
595 1099 643 1131 ut
664 1088 855 1131 arbitrari
876 1103 920 1129 se
946 1087 1117 1139 diceret,
1139 1088 1264 1129 etiam
1294 1089 1408 1145 quod
1437 1089 1528 1144 ipse

91 1145 261 1187 vidisset
279 1162 288 1187 :
322 1159 501 1201 quaeque
519 1146 651 1203 jurati
674 1145 841 1202 judices
861 1145 1174 1201 cognovissent,
1194 1154 1243 1186 ut
1262 1160 1312 1186 ea
1331 1160 1416 1187 non
1437 1161 1528 1187 esse

89 1201 215 1253 facta,
234 1201 307 1243 sed
325 1212 375 1243 ut
394 1202 523 1243 videri
542 1203 877 1257 pronuntiarent.

147 1259 324 1308 Verum,
355 1258 555 1314 quoniam
588 1273 673 1299 non
707 1259 845 1300 solum
876 1268 1004 1301 nauta
1037 1259 1259 1314 significat,
1293 1259 1367 1301 sed
1397 1259 1526 1301 etiam
1539 1255 1611 1304 48

93 1315 299 1355 Favonius
329 1314 419 1370 ipse
450 1315 694 1365 insusurrat,
725 1314 948 1370 navigandi
977 1315 1116 1366 nobis,
1144 1315 1339 1367 Luculle,
1360 1326 1526 1372 tempus
1544 1329 1615 1369 147

90 1385 194 1422 esse,
213 1380 257 1412 et
277 1371 477 1426 quoniam
499 1372 598 1412 satis
618 1371 753 1412 multa
768 1371 867 1422 dixi,
885 1380 950 1412 est
965 1371 1070 1412 mihi
1090 1372 1387 1427 perorandum.
1409 1383 1528 1428 post-

93 1426 171 1468 hac
203 1436 359 1476 tamen,
396 1441 495 1468 cum
528 1428 619 1469 haec
651 1442 902 1483 quaeremuS,
937 1429 1078 1483 potius
1114 1428 1166 1469 de
1197 1428 1527 1471 dissensionibus
1540 1435 1636 1469 p·37·

91 1483 219 1524 tantis
236 1497 501 1524 summorum
530 1483 714 1525 virorum
744 1483 1012 1526 disseramus.
1044 1484 1097 1525 de
1119 1484 1376 1527 obscuritate
1402 1495 1526 1527 natu·
1539 1482 1569 1502 ³·

94 1553 165 1591 rae,
186 1539 322 1595 deque
341 1554 481 1581 errore
501 1549 566 1581 tot
584 1540 952 1597 philosophorum,
970 1540 1042 1596 qui
1063 1540 1116 1582 de
1133 1541 1271 1593 bonis,
1291 1543 1532 1584 contrariis-

94 1610 177 1652 que
196 1596 319 1637 rebus
339 1604 560 1652 tantopere
580 1596 835 1653 discrepant,
855 1605 917 1648 ut,
939 1612 1036 1639 cum
1058 1597 1153 1653 plus
1173 1613 1260 1639 uno
1278 1613 1422 1639 verum
1443 1614 1534 1641 esse

94 1667 179 1694 non
214 1652 363 1709 possit,
387 1653 531 1710 jacere
565 1668 734 1695 necesse
765 1654 819 1695 sit
850 1663 916 1695 tot
945 1664 1033 1696 tam
1065 1655 1229 1696 nobiles
1261 1655 1533 1711 disciplinas;

98 1723 226 1765 quam
260 1709 313 1750 de
346 1709 583 1762 oculorum,
615 1724 898 1766 sensuumque
931 1710 1190 1766 reliquorum
1223 1713 1469 1764 mendaciis,
1492 1722 1535 1753 et

95 1765 147 1807 de
166 1766 307 1817 sorite,
328 1776 402 1807 aut
421 1766 711 1822 pseudomeno
731 1783 739 1808 :
773 1782 875 1823 quas
897 1768 1044 1823 plagas
1066 1768 1146 1824 ipsi
1167 1777 1315 1810 contra
1334 1784 1379 1810 se
1400 1769 1533 1811 Stoici

94 1831 332 1863 texuerunt.
390 1822 501 1864 Turn
531 1824 750 1875 Lucullus,
781 1825 883 1866 Non
915 1824 1109 1875 moleste,
1140 1825 1290 1881 inquit,
1319 1826 1424 1877 fero,
1456 1841 1533 1868 nos
1550 1827 1623 1860 148

95 1878 188 1920 haec
208 1878 453 1920 contulisse.
483 1880 635 1935 saepius
665 1881 778 1921 enim
812 1880 1134 1936 congredientes
1161 1897 1253 1934 nos,
1281 1891 1324 1924 et
1352 1884 1535 1924 maxime

97 1934 141 1976 in
160 1934 409 1976 Tusculanis
429 1936 596 1987 nostris,
618 1937 651 1977 si
673 1951 756 1993 qua
784 1937 1053 1988 videbuntur,
1072 1939 1348 1994 requiremus.
1409 1940 1536 1994 Opti-

97 2005 180 2041 me,
201 1991 388 2048 inquam.
409 1992 480 2033 sed
501 1992 603 2048 quid
626 1992 804 2035 Catulus
824 1995 972 2036 sentit?
998 1994 1100 2050 quid
1120 1996 1402 2037 Hortensius?
1424 1996 1535 2037 Tum

100 2047 292 2099 Catulus,
313 2049 486 2104 Egone?
513 2049 661 2105 inquit.
683 2049 736 2091 ad
757 2051 886 2106 patris
905 2051 1094 2093 revolvor
1115 2052 1386 2094 sententiam:
1409 2068 1536 2109 quam

99 2103 269 2160 quidem
289 2104 360 2145 ille
383 2104 671 2147 Carneadeam
693 2121 782 2148 esse
802 2107 982 2158 dicebat,
1002 2118 1051 2149 ut
1079 2108 1239 2165 percipi
1266 2109 1372 2150 nihil
1390 2119 1537 2165 putem

98 2173 237 2216 posse,
258 2175 525 2203 assensurum
555 2173 698 2204 autem
730 2178 815 2204 non
846 2173 1061 2220 percepto,
1092 2165 1135 2205 id
1165 2174 1245 2215 est,
1266 2166 1536 2222 opinaturum

99 2217 332 2273 sapientem
352 2219 588 2260 existimem
607 2235 617 2260 :
647 2219 722 2261 sed
748 2220 820 2270 ita,
845 2229 891 2260 ut
922 2221 1132 2276 intelligat
1150 2237 1193 2263 se
1213 2223 1390 2277 opinari,
1411 2223 1537 2264 sciat-

100 2288 181 2329 que
201 2274 306 2315 nihil
324 2289 431 2326 esse,
454 2275 567 2331 quod
586 2276 888 2332 comprehendi
909 2286 950 2318 et
970 2278 1130 2333 percipi
1149 2279 1302 2333 possit:
1333 2285 1351 2310 6
1364 2293 1439 2334 per
1454 2281 1537 2319 ἐπο-

97 2333 171 2385 χὴν
200 2330 317 2372 illam
353 2333 541 2373 omniurn
574 2347 715 2374 rerum
747 2334 1043 2389 comprobans,
1066 2333 1126 2375 illi
1156 2334 1275 2375 alteri
1306 2336 1540 2387 sententiae,

101 2386 206 2428 nihil
225 2402 330 2439 esse,
350 2387 466 2444 quod
486 2389 646 2445 percipi
661 2390 810 2445 possit,
827 2389 1095 2431 vehementer
1116 2392 1334 2432 assentior.
1369 2392 1541 2442 Habeo,

101 2442 288 2499 inquam,
311 2446 563 2486 sententiam
585 2455 716 2498 tuam,
739 2461 815 2487 nec
835 2461 928 2487 eam
949 2446 1179 2488 admodum
1201 2462 1414 2503 aspernor.
1457 2448 1541 2490 Sed

102 2500 179 2541 tibi
199 2501 302 2557 quid
321 2501 493 2543 tandem
513 2502 692 2554 videtur,
713 2504 947 2545 Hortensi?
980 2504 1092 2545 Tum
1122 2504 1193 2545 ille
1223 2504 1376 2557 ridens,
1405 2513 1421 2542 7
1437 2505 1543 2547 ΤΟ]-

104 2602 183 2634 Mss.
207 2603 313 2643 plures
335 2611 367 2634 et
388 2606 458 2636 edd.
477 2611 552 2637 vett.
595 2605 696 2636 Aldus
719 2607 803 2636 dedit
845 2605 935 2636 locus
952 2607 985 2636 in
995 2614 1062 2646 per,
1079 2608 1163 2646 quod
1179 2614 1210 2637 et
1225 2608 1290 2647 ipse
1309 2609 1460 2638 vitiosum
1477 2618 1544 2639 esse

104 2646 215 2686 sapiens
234 2648 274 2677 sit
288 2654 340 2677 aut
351 2648 464 2688 fuerit,
480 2658 553 2688 quae
568 2649 696 2689 vulgata
710 2649 802 2679 lectio
845 2651 948 2679 credo.
993 2652 1043 2679 An
1074 2659 1129 2689 pro
1153 2657 1205 2689 per
1234 2651 1405 2690 legendum
1437 2659 1465 2680 et
1493 2653 1542 2682 vel

107 2689 189 2719 tacta
203 2697 260 2721 est.
846 2692 920 2722 sed?
940 2693 1111 2723 Turnebus
1124 2694 1249 2732 corrigit
1261 2705 1322 2725 nec.

151 2738 167 2762 5
184 2743 234 2761 nec
249 2740 294 2770 tu,
312 2732 457 2771 Hortensi]
477 2733 509 2763 Si
525 2734 619 2764 lectio
641 2725 712 2764 haec
730 2744 803 2765 vera
889 2741 905 2770 7
926 2735 1103 2774 Tollendum]
1129 2736 1253 2776 Proprie
1275 2738 1354 2767 dixit
1376 2737 1415 2767 de
1435 2737 1544 2767 itinere

107 2780 165 2809 est,
193 2784 232 2805 ex
259 2776 346 2805 nescis
377 2776 622 2816 intelligendum
650 2785 696 2807 est
725 2778 778 2807 scis
792 2789 802 2807 .·
846 2778 1061 2817 ingrediendo,
1078 2780 1136 2809 int.
1151 2791 1290 2809 ancoras:
1313 2781 1366 2810 sed
1387 2781 1544 2818 ambigui-

108 2815 224 2855 alioqui
240 2825 267 2847 et
282 2826 313 2848 m
328 2818 501 2858 legendum
516 2830 594 2850 cum
609 2821 749 2851 Davisio.
844 2828 943 2851 tatem
958 2822 1042 2851 verbi
1060 2829 1187 2852 secutus
1202 2830 1260 2859 est,
1277 2830 1312 2852 ut
1328 2823 1460 2862 intelligi
1475 2832 1544 2861 pos-

152 2864 170 2889 6
182 2866 236 2899 per
251 2860 356 2901 ἐποχὴν
371 2861 467 2900 illam]
487 2863 578 2894 Varie
596 2870 734 2894 tentatur
748 2865 802 2894 hic
845 2871 891 2894 set
903 2875 1052 2893 assensum.
