1768 3095
248 95 324 124 ιω
553 83 626 124 DE
654 83 812 124 FINIB.
838 82 1039 124 BONOR.
1068 84 1138 124 ET
1164 82 1374 123 MALOR.

245 188 407 232 bonum
435 196 516 242 est,
534 190 768 234 rectissime
799 205 886 234 non
917 198 1053 248 putat.
1084 190 1215 232 nolim
1244 191 1356 231 enim
1387 187 1492 231 mihi
1523 188 1680 246 fingere

240 254 404 298 asoto&
423 255 473 288 ut
491 246 650 298 soletis,
670 247 743 304 qui
762 247 805 289 in
826 261 1014 290 mensam
1045 255 1230 297 vomant,
1249 256 1292 288 et
1311 245 1383 302 qui
1403 244 1456 286 de
1483 245 1680 288 conviviis

245 302 502 354 auferantur,
521 303 726 360 crudique
746 303 947 359 postridie
966 317 1010 345 se
1030 318 1171 345 rursus
1193 303 1455 359 ingurgitent
1475 320 1484 344 ε
1513 302 1586 359 qui
1608 315 1681 343 so-

245 358 347 410 lem,
366 369 416 402 ut
445 359 577 411 aiunt,
598 375 674 403 nec
705 360 968 402 occidentem
1001 374 1202 416 umquam
1234 359 1424 410 viderint,
1442 373 1520 400 nee
1540 358 1681 400 orien-

245 422 363 458 tem:
408 415 496 472 qui,
530 416 763 459 consumtis
801 415 1078 472 patrimoniis,
1113 425 1278 471 egeant.
1323 430 1448 456 nemo
1486 425 1679 456 nostrum

243 471 364 514 istius
381 473 548 528 generis
577 483 719 515 asotos
742 472 932 528 jucunde
963 481 1086 529 putat
1114 473 1260 514 vivere.
1289 472 1486 522 mundos,
1506 471 1681 527 elegan-

243 535 322 580 tes,
353 528 524 585 optimis
558 529 685 579 cocis,
725 528 969 584 pistoribus,
1002 529 1182 585 piscatu,
1212 528 1409 585 aucupio,
1445 528 1678 580 venatione,

242 582 309 627 his
328 585 527 628 omnibus
547 585 778 642 exquisitiS,
797 584 973 627 vitantes
1001 583 1252 626 cruditatem
1273 600 1284 633 ς
1316 584 1459 640 quibus
1479 593 1518 617 ³⁹
1537 584 1679 626 vinum

243 640 432 697 defusum
451 657 472 683 e
489 641 607 697 pleno
639 642 695 683 sit
712 658 726 683 .·
758 649 799 675 39
813 641 878 682 hir
905 640 1063 696 siphon,
1090 648 1139 682 ut
1167 640 1227 682 ait
1254 641 1457 692 Lucilius,
1479 640 1543 681 cui
1572 639 1680 682 nihil

241 697 421 749 demsit,·
452 707 493 731 40
497 699 589 754 jus,
624 705 664 740 et
699 696 883 740 sacculus
917 695 1165 739 abstulerit.-
1201 696 1433 738 adhibentes
1469 696 1597 747 ludos,
1633 706 1679 740 et

242 769 338 811 quae
371 764 620 810 sequuntur,
652 754 755 805 illa3
786 755 939 811 quibus
969 754 1183 805 detractis,
1211 753 1367 795 clamat
1396 753 1603 808 Epicurus
1634 767 1679 795 se

243 811 418 862 nescire,
452 810 554 868 quid
587 812 642 854 sit
673 811 865 853 bonum:
897 810 1035 852 adsint
1070 811 1196 852 etiam
1232 810 1409 852 formosi
1442 810 1575 865 pueri,
1605 809 1679 866 qui

243 867 509 909 ministrent:
559 868 810 924 respondeat
850 868 916 909 his
953 876 989 900 41
1009 868 1148 918 vestis,
1187 875 1226 899 42
1243 876 1484 922 argentum,
1523 865 1679 908 Corin·

180 923 397 976 24thium,
417 924 537 966 locus
566 924 670 980 ipse,
690 924 928 966 aedificium.
988 925 1083 966 Hos
1116 938 1198 979 ego
1229 933 1372 965 asotos
1394 930 1433 955 ⁴³
1447 922 1553 964 bene
1583 922 1677 979 qui-

240 979 338 1021 dem
368 980 516 1030 vivere,
549 989 624 1022 aut
657 981 780 1022 beate
807 996 1039 1037 numquam
1067 980 1258 1022 dixerim.
1289 995 1341 1021 ex
1368 994 1455 1036 quo
1485 979 1678 1031 efficitur,

240 1050 326 1078 non
346 1045 394 1078 ut
412 1037 604 1092 voluptas
625 1052 678 1079 ne
699 1038 752 1078 sit
771 1038 980 1094 voluptas,
1000 1037 1075 1079 sed
1094 1046 1142 1078 ut
1160 1037 1353 1092 voluptas
1379 1051 1464 1078 non
1483 1036 1538 1077 sit
1558 1050 1676 1077 sum-

239 1107 360 1136 mum
392 1093 568 1135 bonum.
601 1109 677 1135 nec
710 1094 792 1145 ille,
813 1095 887 1150 qui
913 1095 1155 1150 Diogenem
1191 1093 1384 1135 Stoicum
1417 1092 1676 1144 adolescens,

240 1159 338 1206 post
354 1158 497 1191 autem
520 1151 753 1192 Panaetium
774 1151 978 1202 audierat,
997 1150 1169 1201 Laelius,
1188 1164 1240 1191 eo
1259 1150 1397 1190 dictus
1415 1160 1479 1191 est
1499 1149 1677 1204 sapiens,

239 1206 356 1262 quod
392 1221 477 1248 non
509 1206 780 1262 intelligeret,
811 1207 912 1263 quid
939 1206 1230 1249 suavissimum
1265 1214 1404 1247 esset:
1440 1207 1534 1259 (nec
1564 1204 1676 1246 enim

240 1263 446 1318 sequitur,
465 1272 514 1304 ut
534 1263 603 1304 cui
622 1277 696 1304 cor
716 1263 865 1319 sapiat,
884 1263 923 1305 ei
942 1279 1027 1305 non
1047 1271 1087 1295 ⁴4
1105 1263 1239 1318 sapiat
1256 1262 1461 1318 palatum)
1486 1261 1559 1303 sed
1578 1260 1678 1318 quia

239 1320 354 1374 parvi
372 1319 417 1360 id
437 1319 625 1360 duceret.

350 1408 384 1445 O
402 1409 551 1459 lapathe.
581 1417 620 1441 4³
640 1420 678 1446 ut
685 1410 826 1458 jafflare
842 1423 966 1448 necesse
981 1411 1036 1459 ast,
1052 1410 1199 1460 cognitu'
1213 1410 1270 1447 cui
1286 1410 1345 1447 sis.

346 1463 389 1499 In
406 1476 470 1513 quo
491 1460 614 1500 Laeliu’
632 1464 789 1500 clamores
806 1464 918 1514 sophos
936 1464 992 1501 illc
1008 1463 1134 1501 solebat

346 1514 466 1557 Edere,
485 1516 682 1567 compellans
696 1517 833 1566 gumias
851 1531 892 1554 ex
911 1516 1023 1555 ordine
1041 1517 1173 1567 nostros.

346 1572 387 1598 46
401 1569 573 1606 Praeclare
593 1570 733 1613 Laeliu',
751 1578 786 1606 et
807 1571 901 1607 re&e
920 1573 1066 1621 sophos,
1085 1571 1250 1620 illudque
1271 1582 1349 1606 vere
1367 1583 1375 1605 ε

350 1622 383 1659 Ο
403 1621 521 1668 Publi,
538 1637 556 1660 o
565 1636 710 1673 gurges,
733 1623 882 1669 Galloni,
910 1637 942 1662 es
961 1624 1051 1661 homo
1071 1624 1179 1666 miser,
1199 1623 1323 1672 inquit
1340 1637 1348 1660 z

281 1781 321 1806 38
345 1774 450 1805 ‘vinum
472 1774 603 1815 dffusum
627 1786 641 1804 e
657 1773 742 1814 pleno
764 1771 831 1814 sih]
857 1774 934 1804 Edd.
982 1773 1175 1810 Corinthium,
1191 1772 1241 1804 vel
1265 1781 1336 1813 post
1352 1772 1533 1804 Corinthium
1555 1775 1675 1807 habent

237 1825 312 1849 vett.
339 1819 401 1849 fere
425 1818 562 1859 diffluum
593 1818 721 1848 habent.
746 1817 832 1856 quod
859 1826 935 1848 sane
976 1816 1150 1853 odrititium,
1168 1817 1199 1847 in
1216 1827 1282 1855 quo
1296 1817 1373 1855 quid
1394 1816 1500 1853 lateat,
1516 1818 1674 1850 incertum

976 1866 1034 1889 est.
1076 1860 1211 1890 Amicus
1226 1859 1258 1890 P.
1276 1860 1415 1891 Manutii
1437 1860 1568 1899 putabat
1581 1860 1675 1891 tricli-

975 1902 1075 1931 nium.-
1099 1904 1192 1941 cujus
1217 1903 1304 1934 verbi
1333 1902 1445 1943 glossae
1470 1910 1574 1934 essent
1599 1902 1674 1935 locus

976 1945 1046 1985 r'pse,
1063 1945 1232 1985 aedificium.

1018 1995 1056 2019 43
1075 1988 1141 2018 bene
1157 2001 1186 2029 q.
1201 1988 1319 2023 vivere,
1343 1994 1376 2017 at
1398 1987 1479 2018 beate
1495 1999 1523 2018 n.
1541 1987 1584 2028 ὦ]
1609 1989 1674 2019 Da·

973 2031 1070 2063 visius
1092 2042 1109 2062 e
1131 2032 1209 2062 Mss.
1232 2031 1366 2062 correxit
1389 2038 1453 2067 aar,
1479 2031 1572 2062 bene.
1593 2041 1673 2064 nam

975 2074 1006 2105 id
1021 2084 1068 2105 res
1090 2082 1122 2105 et
1141 2075 1297 2106 sententia
1318 2073 1505 2113 disputantis
1521 2074 1672 2114 postulat,

975 2123 1011 2148 ut
1036 2129 1054 2148 e
1075 2127 1162 2158 seqq.
1188 2124 1282 2157 patet.
1307 2123 1339 2146 et
1360 2117 1406 2147 sic
1433 2117 1552 2147 habent
1574 2118 1671 2150 etiam

975 2161 1044 2191 edd.
1067 2161 1191 2200 primae,
1209 2160 1351 2200 primum
1375 2160 1460 2200 apud
1481 2159 1603 2191 Aldum
1627 2170 1674 2192 re-

975 2204 1038 2244 peri
1054 2210 1098 2233 at.

1017 2253 1058 2277 44
1083 2245 1180 2284 sapiat
1199 2242 1352 2285 palatum]¹
1382 2245 1434 2276 Sic
1461 2255 1516 2285 pro
1540 2245 1671 2286 vulgato

968 2288 1089 2328 palatus
1113 2289 1193 2318 edidi
1220 2297 1299 2318 cum
1321 2289 1462 2325 Davisio,
1479 2289 1535 2327 qui
1559 2289 1591 2319 in
1614 2289 1671 2320 ali·

973 2337 1051 2370 quot
1081 2331 1159 2362 Mss.
1187 2330 1308 2370 reperit.
1353 2332 1394 2361 At
1419 2333 1464 2361 sic
1489 2338 1520 2362 et
1548 2332 1598 2363 ed.
1624 2341 1672 2372 pr.

972 2374 1053 2404 Ven.
1074 2381 1166 2407 1494.
1194 2374 1226 2403 in
1251 2373 1382 2404 Mediol.
1404 2375 1547 2415 primum
1574 2375 1672 2414 reperi

966 2417 1098 2456 palatus.
1122 2417 1195 2447 inde
1218 2416 1251 2447 in
1274 2416 1426 2448 Aldinam
1456 2418 1554 2452 venit,
1579 2418 1670 2457 (nam

971 2460 1166 2490 Ascensiana
1180 2468 1246 2490 non
1269 2460 1391 2491 imitata
1413 2459 1471 2499 est)
1489 2466 1521 2490 et
1543 2460 1621 2492 hinc
1637 2462 1670 2493 in

974 2502 1062 2532 alias.

1015 2553 1053 2577 45
1084 2553 1118 2577 ut
1132 2544 1251 2584 jactare
1277 2556 1382 2575 necesse
1410 2542 1466 2582 est]
1488 2545 1608 2585 jactare
1637 2546 1672 2578 in

974 2589 1052 2619 Mss.
1076 2597 1133 2625 est,
1151 2596 1181 2620 et
1202 2590 1271 2619 edd.
1286 2598 1331 2628 pr.
1350 2595 1444 2625 recte,
1462 2597 1526 2618 non
1540 2588 1668 2627 jactm,

973 2638 1010 2662 ut
1024 2640 1069 2662 est
1084 2633 1116 2662 in
1133 2632 1278 2671 vulgatis.

1015 2680 1055 2705 46
1074 2674 1221 2705 Praeclare
1241 2672 1475 2711 [alius-were]
1496 2673 1576 2703 Haec
1593 2679 1670 2704 sunt

972 2717 1145 2755 Ciceronis,
1179 2724 1213 2747 ut
1241 2717 1317 2747 vidit
1347 2716 1504 2746 Davisius.
1549 2715 1607 2746 Sed
1637 2722 1668 2746 et

973 2769 1049 2791 mox
1072 2770 1207 2802 sequens
1221 2759 1318 2802 inquit
1340 2759 1409 2797 ejus
1432 2765 1489 2796 est,
1506 2768 1572 2790 non
1594 2757 1681 2799 poe-⁴

972 2810 1023 2834 tae.

236 1861 306 1891 ferri
337 1869 452 1901 posset,
479 1862 554 1900 quia
583 1861 698 1891 vinum
728 1860 858 1901 dgfusum
888 1866 934 1890 est

234 1905 332 1935 etiam
347 1903 498 1945 dg'ffusum,
513 1904 644 1944 ‹ie-’finum
666 1904 703 1933 de
726 1903 823 1939 dolio,
839 1903 933 1933 diffu-

235 1956 310 1977 sum
333 1947 365 1977 in
387 1949 570 1986 amphoras,
593 1947 730 1985 lagenas.
775 1946 835 1976 Sed
851 1945 933 1985 desu-

235 2000 297 2020 sum
313 1990 430 2020 melius
453 1997 484 2020 et
506 1990 649 2020 usitatius
672 1996 729 2019 est.
752 1998 783 2019 v.
800 1988 933 2019 Clavem

236 2032 270 2062 in
292 2032 407 2073 dgfiesus
431 2039 462 2063 et
484 2032 601 2063 dolium.
646 2032 724 2062 Edd.
746 2038 822 2062 vett.
845 2041 932 2071 quae·

234 2075 323 2112 dam,
340 2082 376 2105 ut
390 2075 475 2112 Aldi,
493 2087 506 2104 e
517 2076 601 2115 pleno
618 2075 761 2114 oenophoro
776 2075 906 2105 habent.

278 2124 320 2151 39
336 2118 383 2147 hir
394 2125 422 2148 et
432 2118 530 2158 siphon
547 2120 621 2158 Ere-J
640 2118 712 2148 Hoc
727 2117 865 2158 explicat
878 2127 932 2148 su-

234 2163 340 2201 perius
363 2172 377 2190 e
399 2160 494 2200 pleno.
518 2170 561 2192 sc.
586 2171 603 2191 e
629 2171 714 2197 vase,
741 2171 757 2191 e
779 2170 842 2200 quo
865 2170 931 2191 non

234 2204 389 2235 haustum
413 2206 452 2234 sit
475 2205 590 2235 vinum
616 2205 654 2234 ad
681 2204 875 2243 gustandum
901 2209 933 2233 et

233 2247 422 2284 videndum,
446 2247 541 2287 quale
565 2249 617 2283 sit,
645 2247 730 2277 unde
752 2248 882 2283 vinum,
905 2246 931 2277 si

234 2295 299 2321 non
323 2290 459 2329 repletur
481 2300 586 2321 rursus
609 2290 727 2320 amittit
745 2289 864 2330 aliquid
885 2289 932 2319 vi-

234 2334 320 2364 rium
342 2340 373 2363 et
394 2334 566 2364 suavitatis.
582 2344 611 2363 v.
631 2333 720 2363 Clav.
737 2334 769 2363 in
785 2333 832 2361 hir
847 2339 877 2361 et
892 2331 930 2361 si-

228 2375 295 2415 pho.
312 2382 384 2407 tum
399 2386 455 2416 pro
469 2376 571 2406 demsit
585 2376 715 2415 legerim
731 2375 876 2404 demerit.

274 2418 388 2456 4ojus,
410 2427 437 2448 et
459 2419 587 2450 sacculus
609 2417 773 2456 abstulerit]
799 2418 870 2448 Hoc
886 2417 930 2446 vi-

229 2459 361 2497 tiosum,
386 2462 469 2491 varie
492 2468 640 2492 tentatur.
663 2471 721 2501 ego
742 2467 852 2500 putem
877 2460 930 2489 nix

228 2503 416 2539 etsaeculus,
432 2514 449 2533 e
466 2505 617 2544 superiori
634 2505 854 2544 repetendum,
877 2503 930 2533 sed

229 2555 296 2577 non
311 2547 476 2586 scriptura,
492 2548 538 2576 cui
550 2546 634 2576 nihil.

275 2595 313 2619 41
342 2590 446 2627 vestis]
473 2589 682 2629 Intelligenda
703 2589 795 2619 vestis
822 2595 928 2627 tegens

230 2628 329 2664 lectos
352 2633 382 2662 in
407 2631 556 2669 triclinio,
570 2633 765 2672 peristroma.
789 2642 865 2662 mox
889 2631 928 2659 Io-

230 2685 278 2705 cus
308 2674 367 2714 ipse
396 2682 442 2704 est
466 2675 653 2711 triclinium,
685 2675 778 2704 diaeta
807 2675 839 2704 in
866 2683 929 2713 qua

229 2719 417 2752 convivium
434 2717 480 2748 fit.

271 2766 312 2791 42
339 2766 504 2800 argentum,
533 2758 727 2795 Corinthium,
756 2758 829 2788 locus
858 2759 927 2798 ipse,

228 2802 414 2844 aedificium]
443 2802 524 2834 Mss.
546 2809 578 2833 et
602 2803 672 2834 edd.
698 2808 773 2834 vett.
796 2801 846 2833 vel
873 2811 928 2842 pro
