1778 3095
572 158 752 196 LIBER
785 156 1029 194 PRIMUS.
1440 159 1518 203 297

138 267 240 305 etiam
267 267 353 306 banc
374 267 637 318 anticipationem
665 266 823 303 habemus
850 265 924 302 sive
943 262 1178 315 praenotionem
1203 262 1359 306 Deorum,
1380 274 1418 300 ut
1439 264 1517 302 bea-

141 330 203 365 tos,
220 321 430 364 immortales,
451 329 618 371 putemus.
675 321 733 356 Ex
759 333 821 370 quo
847 318 1065 368 consequitur,
1083 325 1125 352 ut
1140 314 1225 352 nibil
1242 317 1365 364 negotii
1384 330 1439 353 nec
1458 318 1520 368 ipsi

142 374 301 417 babeant,
329 388 386 412 nec
417 374 493 411 aliis
522 372 712 418 exhibeant,
732 385 835 423 neque
860 372 914 408 ira
940 383 1042 421 neque
1064 370 1184 418 gratia
1212 378 1400 413 teneantur,
1420 371 1518 419 quod,

141 441 220 478 quae
238 429 324 464 talia
341 437 431 471 sunt,
450 426 613 464 imbecilla
631 436 710 462 sunt
729 426 850 462 omnia.
898 424 942 461 Id
955 424 984 460 si
1002 424 1052 460 ita
1071 432 1130 465 est,
1144 423 1199 472 pie
1217 421 1339 459 colendi
1356 432 1435 459 sunt
1459 424 1520 460 Dii

138 490 270 531 propter
281 489 500 531 praestantem
528 489 699 521 naturam,
719 479 809 516 nullo
828 487 937 515 autem
954 476 1045 514 modo
1063 475 1200 512 timendi
1215 492 1224 520 ς
1254 489 1317 526 quo
1335 490 1399 512 uno
1418 477 1521 525 omnis

142 534 328 584 superstitio
344 534 521 570 evertitur.
541 546 570 570 c.
595 533 654 570 16.
680 539 738 578 17.
796 531 866 569 Sed
881 531 929 568 ad
945 530 1032 567 hanc
1057 529 1231 579 opinionem
1260 528 1521 575 confirmandam

141 587 290 637 anquirit
308 587 440 623 animus
443 587 609 635 formam,
628 587 740 623 «vitam
758 595 789 622 et
808 585 965 622 actionem
994 584 1109 620 mentis
1128 591 1230 633 atque
1251 583 1469 631 agitationem
1487 583 1522 619 in

144 641 228 677 Deo.
285 639 332 676 Et
346 638 473 689 figura
501 639 631 690 quidem
659 639 755 676 nulla
785 639 856 675 alia
873 651 939 674 esse
958 637 1021 673 nisi
1040 636 1188 673 bumana
1202 644 1336 686 potest:
1359 636 1520 686 primum,

141 691 231 743 quod
246 701 371 729 natura
388 694 521 742 speciem
540 693 645 729 aliam
669 694 816 729 Deorum
835 705 896 728 non
916 690 1096 734 habemus3
1117 688 1247 734 deinde,
1269 689 1356 739 quod
1372 688 1523 726 humana

130 746 251 794 forma
279 753 328 782 est
355 746 605 795 pulcherrima3
642 747 748 788 tertio,
777 745 866 796 quod
890 744 985 781 nulla
1016 744 1049 780 in
1076 743 1147 780 alia
1166 741 1292 792 figura
1323 742 1523 779 domicilium

144 799 257 835 mentis
275 811 342 835 esse
356 807 476 850 potest.
534 800 649 850 Neque
667 809 776 836 tamen
795 812 834 835 ea
852 797 967 848 specics
987 808 1100 847 corpus
1118 805 1177 839 est,
1197 795 1256 832 sed
1270 797 1368 847 quasi
1385 808 1520 847 corpu53

142 863 244 901 eaque
271 865 333 888 non
361 865 470 896 sensu,
491 852 551 888 sed
576 860 680 889 mente
697 852 856 896 cernitur,
876 864 932 888 nec
952 851 1119 887 soliditate
1136 849 1299 900 quadam,
1318 862 1374 886 nec
1393 850 1443 886 ad
1459 863 1524 886 nu-

144 918 280 948 merum,
299 905 358 942 sed
374 905 594 955 imaginibus,
613 905 827 942 similitudine
849 917 889 941 ac
916 904 1111 940 transitione
1133 903 1302 953 perceptis.
1362 903 1439 939 Vita
1458 917 1524 940 au·-

144 966 207 994 tcm
242 959 389 995 Deorum
422 968 470 996 est
500 958 704 1002 beatissima,
736 968 767 996 et
799 956 950 994 omnibus
983 956 1072 994 bonis
1103 955 1258 1002 affluens.
1315 956 1415 994 Nihil
1441 957 1524 993 enim

144 1018 266 1062 agunt,
285 1026 349 1048 sua
369 1012 497 1049 virtute
523 1019 555 1048 et
582 1012 745 1063 sapientia
768 1010 937 1062 gaudent,
956 1019 988 1047 et
1014 1009 1137 1047 habent
1163 1010 1385 1059 exploratum,
1392 1010 1474 1058 fore
1492 1023 1526 1047 se

145 1075 268 1115 semper
285 1066 318 1101 in
337 1066 492 1102 maximis
511 1064 755 1116 voluptatibus.
775 1079 804 1102 c.
831 1070 960 1103 18-20.
1017 1064 1085 1100 His
1101 1063 1255 1114 expositis
1274 1073 1386 1099 contra
1413 1063 1526 1115 dispu-

145 1126 199 1154 tat
221 1117 320 1154 Cotta
334 1135 346 1155 :
376 1132 437 1155 non
457 1128 492 1155 ut
511 1118 643 1169 aliquid
660 1120 726 1169 ipse
743 1118 911 1161 decernat,
931 1116 990 1154 sed
1007 1127 1043 1153 ut
1064 1117 1228 1167 Epicurea
1251 1116 1439 1163 dissolvat,
1469 1130 1526 1153 ne-

144 1183 207 1221 que
233 1171 320 1222 quod
345 1181 450 1222 neget,
470 1185 536 1209 esse
556 1174 656 1214 Deos,
676 1171 741 1213 scd,
761 1171 849 1223 quod
872 1171 1045 1214 rationem,
1073 1185 1150 1221 quae
1177 1169 1365 1219 adferatur,
1381 1169 1526 1216 firmam

146 1237 209 1260 non
221 1234 328 1274 putet.
388 1227 479 1262 Nam
499 1235 748 1275 argumentum,
767 1225 856 1275 quod
871 1223 915 1261 ab
934 1225 1078 1261 omnium
1098 1224 1263 1260 bominum
1291 1237 1445 1260 consensu
1468 1235 1527 1274 pe-

148 1286 256 1319 tatur,
276 1292 347 1315 cum
367 1278 439 1316 leve
455 1290 513 1329 per
531 1292 577 1322 se,
599 1289 668 1315 tum
688 1280 787 1315 etiam
803 1278 940 1327 falsum
960 1291 1038 1323 esse,
1058 1291 1086 1315 c.
1107 1282 1171 1314 23.
1229 1277 1309 1319 Sed,
1337 1278 1427 1315 Deos
1445 1290 1526 1321 esse,

147 1331 276 1367 concedi
288 1342 391 1382 posse.
447 1332 541 1368 Illud
557 1332 663 1368 doceri
681 1345 713 1368 se
730 1333 832 1376 velle,
851 1331 938 1368 unde
953 1332 1032 1376 sint,
1052 1330 1111 1367 ubi
1128 1332 1208 1374 sint,
1227 1331 1341 1381 quales
1361 1331 1428 1367 sint
1440 1348 1452 1368 .·
1483 1330 1532 1368 ad

149 1397 228 1434 quae
255 1385 364 1421 omnia
395 1387 512 1421 atomis
540 1385 728 1422 abutantur
758 1386 939 1436 Epicurei;
969 1399 1047 1435 quae
1069 1383 1176 1434 primo
1203 1384 1308 1421 nullae
1334 1385 1415 1429 sint,
1444 1384 1534 1435 quod

149 1436 263 1473 nullus
292 1440 335 1475 sit
365 1438 549 1488 corporibus
575 1452 708 1476 vacuus
735 1439 821 1475 locus
838 1455 846 1483 3
876 1438 992 1475 deinde
1009 1439 1036 1474 si
1055 1438 1133 1480 sint,
1151 1436 1249 1485 effici,
1271 1444 1310 1474 ut
1327 1439 1445 1474 aeterni
1467 1439 1531 1475 Dii

149 1503 212 1526 non
229 1491 309 1533 sint,
329 1501 361 1528 et
380 1492 512 1529 interire
533 1493 660 1542 possint
677 1509 685 1536 3
716 1505 778 1542 quo
801 1492 989 1536 constituto,
1011 1491 1180 1527 beatitudo
1200 1492 1348 1528 Deorum
1375 1491 1528 1528 tollatur.

150 1543 212 1580 Ad
226 1543 312 1581 hanc
330 1544 601 1595 reprehensionem
627 1544 851 1595 fftgiendam
878 1546 977 1595 quasi
1005 1555 1119 1595 corpus
1147 1553 1178 1579 et
1205 1545 1304 1595 quasi
1331 1546 1531 1594 sanguinem

148 1597 372 1645 excogitatum
391 1611 470 1641 esse,
488 1598 578 1648 quod
591 1598 676 1648 quid
690 1599 747 1642 sit,
767 1611 856 1635 nomo
874 1598 1057 1647 intelligere
1067 1597 1186 1647 possit.
1201 1611 1230 1635 c.
1245 1599 1382 1636 24-26.
1444 1600 1530 1649 Qui-

150 1649 211 1686 bus
237 1660 347 1687 autem
379 1651 566 1688 rationibus
593 1651 742 1689 bumana
758 1652 880 1699 forma
900 1651 979 1687 Diis
1005 1650 1199 1694 adseratur,
1221 1665 1278 1688 eas
1303 1651 1431 1688 nullam
1459 1653 1532 1689 vim

149 1701 280 1740 babere.
337 1705 430 1742 Nam
460 1704 550 1755 quod
574 1718 679 1742 omnes
697 1706 778 1753 fere
803 1704 954 1746 homines,
976 1713 1103 1755 praeter
1121 1705 1320 1756 AEgyptios,
1347 1713 1380 1740 et
1398 1716 1534 1755 paucas

135 1757 233 1804 fhrte
250 1757 338 1794 alias
352 1766 483 1807 gentes,
504 1771 575 1795 eam
597 1759 677 1795 Diis
694 1759 891 1808 cogitatione
910 1757 1098 1808 (ffnga72t3
1128 1758 1167 1794 id
1185 1772 1247 1795 non
1267 1773 1289 1795 a
1307 1769 1435 1795 natura
1453 1773 1534 1804 esse,

148 1809 208 1846 sed
232 1811 362 1848 consilio
380 1812 537 1856 humano,
567 1821 629 1849 aut
655 1812 889 1862 superstitioni,
919 1825 940 1848 a
962 1811 1161 1861 pictoribus,
1186 1812 1302 1862 po'c'tis,
1333 1811 1534 1859 artificibus,

147 1862 368 1909 confirmatae,
387 1864 510 1901 deberi.
568 1867 682 1915 Neque
701 1879 742 1903 ex
759 1879 807 1910 eo,
827 1865 915 1916 quod
930 1864 1114 1902 hominibus
1143 1865 1193 1902 nil
1212 1865 1338 1902 homine
1358 1865 1535 1916 pulchrius

147 1916 324 1959 videatur,
357 1919 521 1967 consequi,
551 1918 638 1955 nihil
663 1932 730 1955 esse
758 1933 791 1955 eo
819 1918 1005 1968 pulchrius.
1062 1920 1140 1956 Non
1169 1920 1255 1956 enim
1286 1918 1425 1955 dubium
1455 1933 1533 1963 esse,

151 1970 230 2019 quin
248 1978 280 2006 et
299 1969 378 2007 bovi
397 1970 480 2007 nihil
499 1971 592 2014 bove,
612 1973 688 2008 cani
708 1971 758 2008 nil
773 1985 854 2008 canc
874 1971 1050 2022 pulchrius
1078 1971 1251 2009 videatur.
1308 1973 1463 2023 Denique
1480 1974 1533 2011 in-

150 2032 273 2059 certum
301 2023 389 2060 illud
413 2037 490 2068 esse,
519 2024 610 2074 quod
632 2039 807 2075 nusquam,
828 2026 890 2062 nisi
909 2026 943 2061 iu
955 2025 1080 2075 figura
1100 2025 1265 2070 bumana,
1283 2026 1382 2071 ratio,
1403 2026 1533 2070 virtus,

153 2083 254 2126 atque
290 2076 370 2113 adeo
403 2076 582 2120 beatitudo,
614 2078 717 2114 locum
747 2079 866 2115 habere
891 2078 1064 2117 videatur.
1121 2079 1238 2131 Neque
1262 2080 1359 2122 enim,
1384 2080 1474 2131 quod
1499 2080 1535 2117 in

153 2129 249 2166 nulla
284 2130 355 2166 alia
381 2129 507 2180 figura
538 2132 698 2168 rationem
732 2132 895 2176 vidimus,
925 2142 1095 2183 propterea
1128 2134 1162 2169 in
1192 2133 1289 2169 nulla
1319 2145 1387 2169 esse
1413 2141 1533 2184 potest.

158 2183 259 2231 Quod
273 2196 387 2220 sensus
414 2197 477 2220 non
505 2184 605 2226 docet,
625 2186 712 2221 ratio
737 2184 874 2222 docebit.
933 2187 1038 2227 Nam,
1057 2187 1084 2223 si
1104 2186 1234 2223 nullum
1255 2187 1334 2223 Diis
1352 2188 1534 2237 negotium,

153 2236 242 2286 quod
260 2236 406 2274 membra
422 2238 561 2288 corporis
581 2237 717 2274 humani
735 2240 895 2289 requirat,
915 2240 964 2275 nil
981 2239 1133 2276 membris
1156 2250 1234 2290 opus
1252 2240 1327 2277 erit.
1347 2254 1377 2276 c.
1396 2246 1446 2286 27
1451 2246 1520 2287 -37
1526 2269 1535 2278 .

155 2289 236 2325 Jam
256 2290 290 2327 in
308 2291 419 2327 ceteris
443 2292 543 2327 etiam
571 2292 820 2341 quaestionibus‚
840 2293 879 2329 de
905 2292 1078 2334 domicilio,
1104 2292 1144 2330 de
1168 2293 1246 2329 vita
1274 2302 1305 2329 et
1332 2292 1537 2331 beatitudine

153 2343 302 2380 Deorum
319 2343 473 2381 laborare
492 2346 691 2395 Epicuream
709 2347 880 2383 rationem.
938 2346 1081 2383 Nullam
1098 2347 1132 2382 in
1149 2345 1214 2382 diis
1241 2345 1438 2384 soliditatem
1456 2359 1538 2389 esse,

155 2409 212 2433 nec
227 2397 277 2434 ad
291 2411 464 2434 numerum
478 2409 670 2449 permanere
696 2398 811 2436 dicunt
827 2416 835 2443 3
866 2398 925 2435 sed
942 2400 1127 2449 imaginum
1145 2399 1362 2436 similitudine
1379 2414 1421 2437 ac
1437 2410 1536 2437 tran-

155 2451 268 2487 sitione
291 2450 426 2501 percipi.
484 2452 565 2488 Jam
595 2452 623 2488 si
650 2452 745 2489 nulla
767 2453 913 2490 Deorum
942 2463 991 2489 cst
1014 2452 1164 2490 soliditas
1190 2462 1222 2489 et
1248 2454 1436 2495 eminentia,
1454 2453 1541 2491 nihil

154 2504 299 2546 interest,
316 2513 429 2540 utrum
448 2504 489 2541 de
508 2506 592 2549 Deo,
611 2519 657 2542 an
672 2505 712 2543 de
729 2506 977 2557 hippocentauro
996 2507 1198 2557 disputetur,
1215 2509 1392 2557 meritoque
1408 2508 1473 2545 Dii
1490 2506 1541 2545 ad

157 2569 212 2593 eas
230 2558 498 2605 conformationes
515 2559 620 2596 animi
639 2560 844 2606 referuntur,
861 2574 941 2610 quos
961 2570 1065 2597 motus
1082 2561 1199 2597 inanes
1215 2560 1401 2611 appellant.
1440 2560 1541 2612 Quod

158 2610 186 2645 si
214 2609 416 2659 imaginibus
439 2613 585 2649 Deorum
603 2613 790 2663 pulsantur
814 2614 943 2659 animi;
973 2627 1178 2665 quamquam
1197 2621 1268 2651 tota
1286 2627 1338 2651 res
1355 2615 1539 2665 nugatoria

157 2671 205 2700 est
219 2679 231 2699 .·
253 2672 363 2700 tamen
379 2666 495 2714 species
513 2665 685 2716 duntaxat
701 2666 902 2713 objiciuntur
919 2667 1053 2710 animis,
1072 2681 1135 2704 non
1153 2676 1264 2705 autem
1283 2681 1343 2704 cur
1360 2681 1409 2705 eae
1428 2668 1539 2705 beata

158 2718 237 2754 sint.
266 2726 327 2754 aut
357 2726 506 2762 aeternae‚
524 2719 586 2756 etsi
611 2720 672 2756 ‘vel
697 2720 840 2758 maxime
866 2721 1065 2758 continenter
1082 2722 1262 2770 ferantur.
1320 2721 1415 2759 Nam
1441 2722 1538 2759 illam

160 2775 319 2819 ἰσονομίαν
338 2769 372 2807 h.
390 2784 418 2807 e.
436 2771 709 2822 cequilibritatem
729 2773 880 2824 Epicuri,
899 2788 980 2824 qua,
1005 2775 1085 2824 quia
1104 2784 1231 2812 natura
1252 2775 1402 2812 mortalis
1421 2775 1479 2819 sit,
1500 2783 1539 2811 ut

158 2823 258 2860 etiam
286 2824 482 2860 immortalis
501 2825 556 2868 sit,
574 2825 658 2873 effici
682 2836 794 2876 putat,
808 2827 1023 2877 perabsurda
1040 2837 1102 2872 est,
1123 2828 1213 2879 quod
1226 2841 1266 2865 ea
1282 2835 1405 2865 sumta.
1433 2827 1539 2864 eodem

161 2876 250 2914 modo
282 2876 391 2928 colligi
417 2888 537 2928 potest,
565 2879 646 2929 quia
675 2880 818 2918 homines
845 2881 879 2918 in
892 2926 894 2928 v
907 2889 996 2918 terra
1026 2890 1226 2926 nascuntur,
1251 2882 1354 2918 etiam
1384 2882 1418 2918 in
1445 2893 1539 2932 aqua
