1778 3095
194 70 271 111 292
529 65 788 104 TUSCUL.
820 66 1260 106 QUAESTIONUM

192 170 374 211 instituti
395 180 505 223 sunt,
525 173 713 229 accipere
732 174 902 230 plagam
920 175 1095 227 malunt,
1118 191 1244 232 quam
1266 174 1444 230 turpiter
1462 174 1588 216 vitare
1606 176 1620 216 ?

193 242 321 281 quam
342 242 451 283 saepe
471 240 644 284 apparet
664 231 767 271 nihil
787 240 860 272 eos
890 231 1030 283 malle,
1060 248 1186 288 quam
1217 231 1280 273 vel
1309 231 1484 271 domino
1504 231 1624 272 satis-

193 284 344 335 facere,
379 285 441 326 vel
474 287 635 341 populo
656 288 668 327 ?
710 287 885 328 mittunt
916 288 1042 329 etiam
1079 289 1316 330 vulneribus
1351 287 1535 328 confecti
1571 287 1625 328 ad

192 340 402 392 dominos,
424 343 496 397 qui
526 352 729 398 quaerant,
751 344 852 398 quid
873 343 1012 384 velint.
1033 345 1067 385 si
1089 345 1188 385 satis
1209 345 1273 385 his
1293 344 1453 384 factum
1483 343 1551 393 sit,
1582 357 1628 383 se

191 397 294 438 velle
312 398 578 440 decumbere.
598 400 689 454 quis
706 400 929 440 mediocris
947 401 1158 455 gladiator
1174 401 1406 456 ingemuit?
1427 399 1520 454 quis
1537 398 1629 439 vul-

191 461 284 494 tum
315 456 491 495 mutavit
514 458 743 510 umquam?
777 457 869 511 quis
899 471 983 497 non
1015 457 1142 497 modo
1170 458 1298 507 stetit,
1328 470 1469 497 verum
1497 455 1626 496 etiam

191 509 396 552 decubuit
434 512 639 567 turpiter?
674 512 766 567 quis
804 527 903 553 cum
941 512 1225 563 decubuisset,
1254 514 1411 554 ferrum
1442 511 1626 566 recipere

183 566 345 621 jussus,
363 567 520 608 collum
541 568 749 608 contraxit
767 570 779 607 ?
811 576 977 610 tantum
998 570 1253 619 exercitatio,
1270 568 1505 619 meditatio,
1525 582 1628 609 con-

192 624 372 665 suetudo
394 624 514 664 valet.
536 639 639 678 ergo
661 624 743 665 hoc
764 625 921 680 poterit

63 732 93 761 p.
111 729 182 752 154.
301 718 450 759 Samnis,
469 727 607 766 spurcus
627 715 731 760 homo,
750 716 829 752 vita
848 715 909 752 illa
928 714 1043 766 dignzc'
1063 717 1217 768 locoque.-

153 776 251 833 a'vir
273 801 394 834 natus
414 792 466 832 ad
485 791 683 846 gloriam,
714 791 845 832 ullam
877 799 1040 847 partem
1071 791 1199 832 animi
1229 800 1315 833 tam
1347 792 1521 834 mollem
1549 792 1626 834 ha-

190 850 323 899 bebit,
345 864 470 904 quam
494 863 576 888 non
596 848 871 889 meditatione
891 856 933 889 et
960 848 1120 889 ratione
1150 849 1427 890 corroboret?
1460 849 1629 890 crudele

190 906 475 961 gladiatorum
514 904 820 960 spectaculum,
851 912 895 945 et
929 904 1208 945 inhumanum
1250 905 1460 946 nonnullis
1498 905 1629 946 videri

190 963 329 1003 solet:
362 971 404 1003 et
423 962 538 1003 haud
558 961 645 1002 scio
664 977 716 1002 an
737 961 795 1002 ita
823 961 890 1011 sit,
920 970 968 1002 ut
998 976 1110 1002 nunc
1140 961 1200 1002 fit.
1231 976 1330 1002 cum
1361 976 1456 1003 vero
1487 971 1630 1003 sontes

192 1019 303 1059 ferro
337 1019 657 1074 depugnabant,
690 1018 860 1058 auribus
893 1018 1069 1058 fortasse
1098 1017 1262 1069 multae,
1295 1018 1429 1059 oculis
1457 1017 1629 1074 quidem

191 1075 308 1116 nulla
340 1085 506 1130 poterat
535 1089 625 1116 esse
659 1074 807 1116 fortior
838 1082 985 1115 contra
1018 1073 1226 1124 dolorem,
1259 1082 1302 1115 et
1334 1084 1517 1116 mortem
1545 1074 1629 1116 dis-

192 1132 360 1188 ciplina.

115 1185 179 1231 18
248 1186 317 1230 Ι)6
338 1188 648 1238 exercitatione,
679 1196 722 1229 et
745 1188 1067 1239 consuetudine,
1089 1195 1133 1229 et
1151 1187 1510 1229 commentatione
1531 1186 1633 1228 dixi.

129 1258 180 1290 42
193 1247 343 1300 agesis,
383 1260 494 1286 nunc
530 1245 584 1285 de
619 1244 780 1285 ratione
815 1244 1058 1286 videamus:
1099 1244 1176 1285 nisi
1210 1244 1312 1300 quid
1345 1244 1402 1285 vis
1436 1242 1490 1284 ad
1524 1242 1632 1283 haec.

190 1302 247 1342 A.
271 1304 419 1357 Egone
438 1310 486 1342 ut
506 1310 547 1342 te
568 1300 829 1356 interpellem
848 1303 862 1341 ?
894 1316 947 1341 ne
975 1300 1058 1342 hoc
1087 1300 1258 1356 quidem
1278 1300 1428 1342 vellem
1445 1316 1455 1341 ε
1486 1299 1545 1340 ita
1562 1312 1632 1340 me

190 1358 245 1398 ad
276 1357 536 1399 credendum
573 1365 648 1398 tua
687 1356 806 1399 ducit
845 1357 995 1399 oratio.
1056 1359 1122 1398 M.
1153 1357 1272 1398 Sitne
1305 1357 1436 1413 igitur
1470 1356 1632 1407 malum

189 1413 348 1466 dolere,
383 1428 528 1465 necne,
563 1413 697 1455 Stoici
728 1413 921 1465 viderint,
963 1413 1036 1470 qui
1073 1413 1326 1455 contortulis
1362 1411 1633 1469 quibusdam,

190 1485 239 1512 ac
261 1472 434 1512 minutis
455 1471 827 1520 conclusiunculis,
856 1478 987 1511 70nec
1014 1469 1068 1511 ad
1098 1484 1242 1511 sensus
1275 1468 1633 1525 permanantibus,

190 1527 298 1569 effici
318 1527 479 1580 volunt,
501 1542 587 1568 non
606 1541 697 1568 esse
717 1527 892 1576 malum,
923 1527 1131 1568 dolorem.
1162 1541 1245 1582 ego
1275 1526 1396 1577 illud,
1426 1524 1632 1580 quidquid

189 1584 259 1635 sit,
297 1593 462 1636 tantum
498 1598 605 1635 esse,
643 1592 850 1639 quantum
883 1583 1083 1633 videatur,
1116 1597 1199 1623 non
1241 1592 1363 1638 puto,
1397 1580 1633 1637 71falsaque

189 1640 281 1696 ejus
318 1641 476 1682 visione
513 1648 556 1681 et
594 1639 734 1694 specie
772 1640 930 1681 moveri
962 1639 1154 1680 homines
1194 1639 1291 1680 dico
1331 1637 1633 1688 vehementius,

191 1697 467 1753 doloremque
509 1696 638 1752 [ejus]
681 1711 852 1737 omnem
891 1710 981 1737 esse
1024 1695 1303 1737 tolerabilem.
1351 1695 1464 1736 unde
1502 1694 1634 1749 igitur

191 1753 364 1795 ordiar?
396 1769 449 1795 an
485 1753 633 1794 eadem
665 1752 845 1794 breviter
875 1752 1101 1807 attingam,
1135 1767 1230 1807 quae
1259 1751 1390 1792 modo
1420 1750 1519 1801 dixi,
1546 1765 1633 1806 quo

127 1813 178 1847 43
193 1808 357 1851 facilius
388 1810 524 1851 oratio
556 1809 756 1865 progredi
791 1809 925 1864 possit
959 1809 1157 1864 longius?
1192 1810 1307 1849 Inter
1337 1822 1482 1848 omnes
1503 1807 1634 1862 igitur

190 1863 275 1908 hoc
297 1876 480 1917 constat,
502 1881 579 1907 nec
600 1865 751 1907 doctos
774 1864 969 1906 homines
998 1865 1154 1916 solum,
1180 1864 1253 1905 sed
1274 1864 1401 1905 etiam
1423 1863 1635 1915 indoctos,

189 1922 375 1965 virorum
405 1938 497 1964 esse
528 1921 719 1973 fortium,
749 1930 792 1962 et
822 1921 1207 1977 magnanimorum,
1238 1929 1282 1962 et
1309 1921 1573 1976 patientium,
1593 1930 1636 1962 et

190 1979 378 2020 humana
398 1979 669 2030 vincentium,
697 1979 926 2020 toleranter
954 1978 1146 2019 dolorem
1173 1977 1275 2033 pati.
1307 1992 1382 2018 nec
1403 1992 1499 2018 vero
1521 1977 1635 2033 quis-

192 2051 322 2091 quam
342 2036 437 2086 fuit,
459 2036 531 2092 qui
560 2050 675 2086 eum,
706 2035 778 2091 qui
809 2036 866 2076 ita
897 2043 1125 2090 pateretur,
1163 2050 1247 2075 non
1275 2032 1533 2075 laudandum
1553 2048 1632 2090 pu-

193 2101 316 2133 taret.
339 2092 455 2148 quod
474 2107 579 2147 ergo
604 2101 649 2133 et
678 2091 916 2147 postulatur
944 2106 970 2132 a
999 2090 1193 2140 fortibus,
1224 2099 1268 2131 et
1296 2091 1505 2141 laudatur,
1536 2105 1633 2131 cum

195 2149 254 2198 fit,
277 2146 320 2189 id
340 2159 415 2190 aut
434 2149 705 2190 extimescere
723 2148 904 2199 veniens,
934 2155 1008 2189 aut
1035 2163 1120 2189 non
1148 2148 1254 2188 ferre
1276 2161 1474 2202 praesens,
1497 2161 1635 2188 nonne

192 2214 316 2260 turpe
350 2207 443 2246 est?
476 2206 613 2261 Atqui
648 2204 755 2255 vide,
790 2219 856 2256 ne,
888 2219 985 2245 cum
1016 2217 1163 2245 omnes
1201 2213 1324 2244 rectae
1354 2203 1482 2244 animi
1509 2202 1636 2244 affec-

193 2262 346 2313 tiones,
379 2262 553 2302 virtutes
587 2260 867 2317 appellentur,
900 2276 985 2302 non
1024 2261 1078 2302 sit
1109 2259 1191 2301 hoc
1226 2260 1444 2315 proprium
1479 2274 1635 2301 nomen

151 2318 413 2359 homnium:
452 2318 528 2358 sed
566 2318 620 2359 ab
659 2333 721 2367 ea,
761 2333 858 2373 quae
897 2333 981 2358 una
1021 2317 1168 2358 ceteris
1201 2316 1448 2366 excellebat,
1487 2330 1636 2357 omnes

195 2375 423 2415 nominatae
446 2375 542 2415 sint.
564 2374 777 2429 appellata
805 2383 869 2414 est
897 2374 1009 2414 enim
1033 2387 1084 2413 ex
1104 2373 1190 2413 viro
1210 2373 1338 2413 virtus
1358 2390 1366 2413 ε
1398 2372 1472 2413 viri
1491 2381 1634 2414 autem

193 2431 364 2485 propria
382 2431 563 2471 maxime
576 2440 640 2471 est
656 2430 876 2470 fortitudo.
891 2429 1013 2486 cujus
1029 2443 1203 2470 munera
1222 2429 1308 2470 duo
1322 2437 1420 2470 sunt
1437 2429 1635 2480 maxima,

195 2487 359 2537 mortis,
394 2487 637 2542 dolorisque
681 2486 930 2528 contemtio.
970 2485 1175 2527 utendum
1213 2494 1277 2526 est
1314 2485 1443 2541 igitur
1483 2485 1564 2538 his,
1602 2486 1637 2530 si

239 2630 278 2658 70
302 2635 350 2652 nec
377 2623 418 2651 ad
442 2633 536 2651 ssi-isus
561 2619 811 2659 ficrtmvmntibas']
839 2622 895 2652 Ed.
942 2622 1003 2651 MS.
1032 2620 1281 2663 Leid.falsoque,
1306 2623 1390 2661 quod
1411 2629 1522 2650 verum
1550 2627 1641 2660 putat

193 2675 252 2695 vet,
273 2668 367 2695 habet
382 2665 600 2704 pertinentibus,
621 2666 777 2703 exquisito
796 2666 893 2702 hujus
938 2666 1108 2695 Buherius.
1133 2675 1198 2695 non
1221 2675 1290 2704 ego.
1315 2675 1393 2695 mox
1416 2663 1473 2703 ejus
1497 2670 1566 2702 post
1590 2663 1637 2692 do-

193 2710 277 2739 verbi
294 2719 403 2738 sensu.
441 2709 502 2737 Sext
518 2708 686 2746 vulgatum
703 2718 768 2738 non
786 2709 893 2738 minus
938 2707 1079 2748 laremque
1093 2717 1157 2746 quo
1175 2709 1334 2744 referatur,
1357 2717 1422 2737 non
1439 2706 1543 2736 habet.
1560 2715 1636 2736 narn

191 2753 319 2791 elegans
334 2760 365 2781 ct
380 2752 576 2791 exquisitum
594 2758 650 2781 cst.
938 2760 1042 2781 sermo
1072 2758 1119 2780 est
1143 2752 1182 2780 de
1210 2752 1358 2782 universo
1382 2749 1501 2786 dolore,
1533 2751 1637 2790 itaque

238 2804 271 2830 71
289 2795 435 2836 salsaque
458 2794 516 2833 ejas
539 2794 650 2823 vniam·
673 2806 697 2825 ε.
722 2805 743 2825 s.
766 2791 891 2832 meva-i]
938 2793 1112 2824 delendum
1129 2801 1216 2833 puto.
