1778 3095
193 171 273 212 506
584 173 656 210 DE
683 170 949 210 NATURA
976 169 1246 209 DEORUM

191 283 259 382 Αἱ
275 281 329 371 >id
362 269 504 339 ipsum
540 294 668 336 quam
702 277 866 329 callide,
900 279 973 335 qui
1006 292 1187 335 regnum
1220 275 1428 320 adulterio
1465 290 1628 334 quaere-

194 354 238 382 re
275 374 284 381 .

296 418 396 458 Addo
418 415 577 469 (inquit)
599 415 674 460 huc,
694 414 785 466 quod
799 414 880 452 mihi
890 424 1040 466 portento
1057 414 1225 452 caelastzzm
1237 425 1340 467 pater

298 472 497 522 Prodigium
516 471 607 508 misit
624 470 718 519 regni
736 469 924 506 stabilimen
943 469 1017 512 mei,

296 529 435 576 Agnum
454 526 540 562 inter
551 524 689 574 pecudes
706 536 812 559 aurea
830 522 958 559 clarum
977 535 1068 558 coma

304 579 482 630 Quondam
500 577 669 626 Thyestem
686 576 806 626 clepere
823 589 944 612 ausum
963 587 1043 617 esse,
1063 587 1080 610 e
1093 575 1189 624 regia
1203 591 1216 611 .·

302 635 382 683 Qua
401 633 435 669 in
454 645 489 669 re
506 631 702 678 adjutricem
722 629 889 677 conjugem
908 627 991 678 cepit
1010 627 1086 664 sibi.

130 718 181 767 69
192 721 426 763 Videturne
446 729 612 759 summa
630 712 903 768 improbitate
924 726 1024 751 usus
1050 726 1134 752 non
1156 711 1244 752 sine
1263 727 1427 754 summa
1447 727 1538 756 esse
1559 729 1625 756 ra-

191 779 336 820 tione?
370 790 445 816 nec
476 787 572 813 vero
602 783 727 811 scena
755 768 894 809 solum
925 768 1076 807 referta
1107 777 1172 808 est
1199 768 1263 808 his
1288 769 1529 822 sceleribus,
1551 771 1627 813 sed

190 836 328 876 multo
350 833 431 873 vita
451 826 689 870 communis
711 839 829 880 paene
849 823 1092 879 majoribus.
1153 825 1291 865 Sentit
1319 825 1471 868 domus
1502 828 1626 869 unius

189 892 412 948 cujusque,
443 885 571 927 sentit
598 884 755 933 forum,
785 880 914 922 sentit
943 881 1072 931 curia,
1103 894 1292 935 campus,
1313 882 1431 932 socii,
1460 885 1627 938 provin-

190 949 282 998 ciae,
303 955 364 994 ut,
382 939 745 1000 quemadmodum
776 937 937 979 ratione
968 945 1080 978 recte
1102 938 1186 988 fiat,
1208 937 1266 978 sic
1287 938 1448 979 ratione
1477 954 1627 994 pecce-

191 1015 272 1046 tur.
304 1002 571 1055 alterumque
590 1005 632 1038 et
653 1011 677 1037 a
697 995 856 1051 paucis,
887 1003 930 1035 et
960 1008 1078 1045 raro3
1113 1000 1151 1027 96
1165 994 1342 1035 alterum
1374 1005 1418 1035 et
1435 1010 1562 1051 saepe,
1584 1005 1629 1038 et

191 1076 215 1102 a
235 1058 425 1116 plurimis
445 1074 454 1097 ε
487 1064 534 1096 ut
563 1053 690 1095 satius
720 1052 849 1093 fuerit
879 1050 1040 1091 nullam
1065 1050 1238 1091 omnino
1259 1051 1380 1092 nobis
1400 1066 1425 1091 a
1446 1052 1524 1093 diis
1544 1052 1627 1094 im-

191 1115 441 1158 mortalibus
468 1112 610 1153 datam
643 1124 734 1150 esse
767 1107 987 1158 rationem,
1008 1121 1136 1163 quam
1168 1116 1284 1148 tanta
1314 1122 1413 1148 cum
1444 1109 1630 1164 pernicie

191 1174 348 1215 datam.
410 1171 471 1211 Ut
502 1170 643 1210 vinum
674 1165 864 1221 aegrotiS,
886 1165 986 1220 quia
1014 1163 1188 1219 prodest
1206 1178 1316 1213 raro,
1338 1174 1462 1206 nocet
1483 1166 1628 1221 saepis-

191 1231 311 1281 sime,
331 1227 483 1270 melius
504 1234 568 1266 est
590 1239 675 1264 non
700 1222 900 1263 adhibere
931 1221 1119 1271 omnino,
1140 1234 1267 1276 quam
1300 1234 1373 1275 spe
1402 1220 1542 1263 dubiae
1562 1236 1629 1262 sa-

190 1287 290 1328 lutis
310 1286 352 1326 in
372 1291 561 1340 apertam
590 1279 817 1336 perniciem
849 1277 1060 1318 incurrere
1078 1293 1088 1318 t
1120 1276 1180 1317 sic
1208 1276 1322 1317 haud
1344 1277 1445 1328 scio,
1465 1292 1518 1319 an
1538 1292 1630 1319 me-

190 1344 272 1384 lius
293 1342 433 1391 fuerit,
454 1340 641 1380 humano
662 1335 807 1391 generi
837 1343 1003 1375 motum
1031 1333 1159 1374 istum
1192 1333 1374 1375 celerem
1403 1335 1632 1389 cogitatio·

191 1401 270 1450 nis,
304 1411 498 1446 acumen,
529 1394 775 1442 sollertiam,
797 1406 925 1447 quam
956 1391 1164 1431 rationem
1194 1404 1408 1441 vocamus,
1431 1392 1632 1446 quoniam

191 1455 388 1511 pestifera
408 1455 462 1495 sit
482 1452 643 1501 multis,
662 1448 893 1490 admodum
919 1447 1063 1502 paucis
1094 1446 1299 1497 salutaris,
1321 1461 1406 1488 non
1427 1448 1517 1488 dari
1536 1462 1630 1488 om-

132 1517 182 1555 70
194 1514 306 1563 nino,
329 1526 458 1568 quam
478 1520 566 1550 tam
587 1506 786 1549 munifice
806 1514 849 1545 et
869 1514 956 1545 tam
977 1503 1095 1559 large
1120 1503 1224 1544 dari.
1282 1504 1573 1560 Quamobrem
1596 1504 1632 1546 si

192 1584 310 1610 mens
336 1568 612 1621 voluntasque
641 1562 780 1604 divina
808 1561 966 1602 idcirco
995 1560 1207 1601 consuluit
1237 1559 1494 1611 hominibus,
1516 1561 1632 1616 quod

189 1626 240 1667 iis
272 1625 426 1680 largita
454 1631 518 1663 est
549 1621 786 1662 rationem:
815 1617 866 1659 iis
899 1617 999 1658 solis
1032 1616 1260 1666 consuluit,
1289 1631 1395 1672 quos
1423 1617 1536 1658 bona
1563 1632 1630 1658 ra-

191 1683 305 1723 tione
325 1680 519 1722 donavit:
551 1692 657 1733 quos
677 1675 879 1724 videmus,
902 1674 937 1715 si
956 1673 1086 1714 modo
1108 1673 1185 1714 ulli
1207 1682 1316 1723 sunt,
1337 1687 1429 1713 esse
1449 1687 1631 1728 perpau-

192 1754 279 1780 cos.
338 1739 440 1779 Non
460 1735 599 1791 placet
618 1742 757 1774 autem
781 1731 926 1786 paucis
947 1745 972 1770 a
989 1729 1067 1770 diis
1088 1729 1398 1770 immortalibus
1418 1743 1509 1770 esse
1526 1744 1630 1771 con-

192 1795 350 1836 sultum
370 1810 380 1844 3
414 1800 449 1829 97
468 1791 657 1847 sequitur
676 1802 795 1843 ergO,
816 1797 865 1828 ut
887 1785 1043 1828 nemini
1062 1785 1306 1827 consultum
1328 1786 1394 1826 sit.

111 1843 180 1890 ,(28
250 1851 365 1892 Huic
392 1850 489 1891 loco
518 1849 577 1889 sic
610 1845 755 1887 soletis
784 1857 1033 1884 occurrere:
1062 1857 1146 1882 non
1168 1842 1326 1883 idcirco
1353 1856 1439 1882 non
1470 1841 1631 1897 optime

85 1921 116 1952 P·
132 1908 314 1949 ⁷4-n0bis
337 1922 361 1948 a
380 1907 458 1947 diis
480 1919 571 1946 esse
590 1902 820 1959 provisum,
839 1900 957 1955 quod
977 1898 1101 1940 multi
1131 1913 1279 1940 eorum
1306 1897 1511 1939 beneficio
1532 1912 1631 1954 per-

153 1963 182 1984 ἃ·
192 1979 308 2006 verse
326 1972 558 2006 uterentur.
589 1961 716 2001 etiarn
745 1956 1008 2013 patrimoniis
1028 1954 1187 1996 multos
1208 1954 1319 1996 male
1344 1955 1435 1996 uti:
1467 1969 1542 1996 nec
1573 1954 1631 1996 ob

191 2036 286 2062 eam
307 2035 477 2062 causam
497 2032 570 2059 eos
591 2015 843 2058 beneficium
864 2027 888 2053 a
906 2011 1095 2068 patribus
1116 2011 1280 2052 nullum
1299 2011 1468 2052 habere.
1499 2011 1631 2067 Quis-

191 2093 319 2134 quam
343 2079 450 2118 istuc
480 2075 638 2130 negat?
670 2081 744 2113 aut
765 2079 803 2105 98
819 2085 913 2126 quae
935 2078 999 2110 est
1017 2068 1059 2109 in
1081 2068 1308 2109 collatione
1333 2068 1412 2108 ista
1432 2067 1631 2109 similitu-

191 2136 277 2176 do?
312 2148 386 2175 nec
415 2132 527 2173 enim
561 2129 735 2172 Herculi
764 2127 967 2168 Deianira
995 2139 1147 2166 nocere
1170 2124 1315 2175 voluit,
1338 2139 1435 2165 cum
1458 2124 1496 2165 ei
1515 2125 1630 2165 tuni-

190 2207 299 2241 cam,
321 2189 526 2245 sanguine
557 2185 760 2228 Centauri
789 2184 981 2233 tinctam,
1003 2181 1148 2223 dedit:
1181 2195 1257 2222 nec
1287 2181 1488 2236 prodesse
1520 2181 1628 2222 Phe—

189 2262 276 2289 raeo
295 2246 442 2289 Jasoni
464 2246 513 2296 is,
535 2243 607 2300 qui
627 2241 771 2298 gladio
802 2240 1010 2281 vomicam
1041 2237 1131 2294 ejus
1161 2238 1338 2293 aperuit,
1358 2252 1486 2292 quam
1508 2246 1548 2271 99
1562 2251 1629 2277 sa-

190 2319 289 2345 nare
311 2302 465 2344 medici
496 2316 580 2342 non
614 2307 824 2355 poterant.
882 2295 1015 2337 Multi
1046 2295 1175 2344 enim,
1193 2294 1321 2335 etiam
1349 2308 1446 2335 cum
1477 2294 1628 2334 obesse

188 2361 356 2411 vellent,
390 2358 654 2416 profuerunt,
689 2365 732 2397 et
763 2369 862 2396 cum
897 2352 1111 2408 prodesse,
1141 2351 1384 2392 obfuerunt.
1444 2351 1510 2390 Ita
1542 2364 1627 2390 non

189 2417 249 2467 fir,
270 2432 320 2458 ex
351 2431 417 2468 eo,
442 2414 557 2472 quod
591 2414 727 2462 datur,
750 2421 798 2452 ut
828 2409 1022 2452 voluntas
1052 2407 1158 2463 ejus,
1190 2407 1263 2463 qui
1295 2406 1472 2456 dederit,
1494 2420 1626 2462 appa-

232 2536 270 2562 96
288 2529 411 2559 alterum
427 2536 454 2557 et
474 2535 547 2567 περ(
564 2534 590 2555 ct
606 2539 623 2555 a
641 2523 792 2566 plurimis]
811 2529 885 2562 saepe
930 2523 1044 2552 imiter.
1100 2521 1248 2551 Davisius
1284 2520 1375 2549 uncis
1412 2519 1553 2555 inclusit,
1593 2526 1629 2550 ut

188 2583 243 2612 pro
266 2578 374 2611 semper
400 2573 479 2602 edidi
504 2581 581 2600 cum
606 2570 748 2604 Davisio,
765 2577 781 2596 e
805 2567 884 2596 Mss.
928 2564 1088 2603 glossam3
1119 2564 1194 2593 dicit
1220 2563 1343 2598 Cicero,
1371 2561 1459 2592 illam
1487 2562 1630 2593 collatio-

187 2623 218 2645 τε
241 2616 311 2646 edd.
325 2622 399 2645 vett.
416 2621 510 2653 atquc
528 2614 558 2642 id
573 2618 603 2642 et
624 2613 815 2641 antimus-eos
838 2619 884 2638 ra·
929 2617 1018 2643 nem,
1035 2606 1217 2646 patrimonii
1233 2615 1250 2635 a
1265 2606 1404 2645 patribus
1421 2605 1517 2635 relicti
1535 2613 1565 2635 et
1581 2615 1628 2635 ra-

188 2660 231 2688 tio
261 2658 408 2697 postulat,
442 2656 612 2695 opponitur
641 2655 727 2683 enim
760 2663 824 2681 raro
854 2658 884 2680 et
928 2650 1021 2679 tionis
1046 2659 1063 2679 a
1090 2650 1158 2679 Diis
1187 2650 1267 2679 datae
1291 2649 1478 2678 horninibus
1504 2648 1626 2687 probari

189 2708 274 2741 serpe,
293 2709 327 2730 nt
342 2700 428 2740 pauci
444 2708 474 2729 et
485 2698 619 2738 plurimi.
928 2702 992 2722 non
1010 2702 1112 2732 posse,
1129 2692 1204 2731 quia
1216 2691 1424 2721 similitudine
1441 2691 1530 2721 nulla
1545 2692 1627 2721 nita-

231 2751 266 2779 97
285 2744 414 2783 sequitur
438 2741 517 2781 ergo]
536 2740 640 2779 Vulgo
665 2746 709 2768 est
733 2744 760 2766 el
782 2748 840 2778 srq.
858 2748 882 2766 e.
928 2742 989 2766 tur.

186 2795 216 2817 at
241 2794 268 2816 ft
290 2788 375 2816 abest
403 2787 480 2816 Mss.
508 2785 605 2814 etiam
629 2781 736 2812 Guelf.
761 2787 791 2809 et
814 2780 884 2809 edd.
973 2785 1012 2810 99
1028 2789 1129 2806 sanare
1146 2789 1183 2806 m.
1201 2775 1390 2817 n.potcrant]
1410 2776 1473 2812 Sic,
1490 2785 1554 2805 non
1573 2782 1626 2815 po-

187 2840 222 2855 ur
927 2827 1042 2850 ruerant
1059 2821 1243 2859 legendum,
1260 2829 1384 2859 semper
1407 2820 1524 2858 putavi.
1549 2820 1624 2857 quia

187 2851 195 2868 i
228 2881 266 2904 08
295 2885 325 2913 q.
347 2884 370 2900 c.
396 2872 426 2900 in
449 2869 599 2900 collatione
624 2868 681 2897 ista
706 2862 880 2904 similitudo]
926 2865 969 2894 sic
996 2864 1027 2893 in
1056 2864 1120 2894 NIS.
1137 2863 1244 2895 Guelf.
1269 2870 1300 2893 et
1325 2863 1394 2893 edd.
1415 2868 1489 2892 vett.
1515 2862 1623 2901 reperi,

185 2916 357 2946 Lambinus
375 2914 457 2945 delet
473 2914 502 2943 in
519 2911 666 2942 collatione·
681 2921 690 2939 .·
714 2910 799 2948 quod
817 2918 881 2938 non
927 2906 1040 2946 recepi.
