1778 3095
252 115 331 152 260
596 116 858 157 TUSCUL.
890 115 1346 156 QUAESTIONUM

250 221 309 263 mi
337 231 478 265 autem
511 224 756 280 cognitione
785 225 977 268 dubitare
1010 241 1095 267 non
1153 239 1362 275 ossumuS,
1383 223 1462 265 nisi
1490 224 1610 280 plane
1636 225 1680 268 in

248 277 435 335 physicis
464 280 652 335 plumbei
678 296 836 333 sumus,
858 283 958 338 quin
979 291 1018 315 22
1033 281 1120 324 nihi
1164 282 1218 324 sit
1250 280 1398 323 animis
1428 279 1678 329 admixtum,

249 335 355 376 nihil
373 346 634 389 concretum,
655 338 760 381 nihil
789 339 1049 395 copulatum,
1069 339 1172 380 nihil
1192 344 1552 393 coagmentatum,
1575 336 1679 379 nihil

249 391 419 447 duplex.
451 394 566 449 quod
600 409 698 436 curn
729 396 788 437 ita
816 397 883 446 sit,
904 403 1016 438 certe
1046 410 1121 437 nec
1143 394 1317 444 secerni,
1340 408 1416 435 nec
1437 392 1577 444 dividi,
1601 407 1678 435 nec

249 448 444 504 discerpi,
477 465 553 491 nec
587 451 761 493 distrahi
792 460 959 507 potest:
992 466 1068 493 nec
1101 452 1270 494 interire
1299 450 1443 506 igitur.
1473 459 1538 491 est
1565 449 1677 492 enim

247 505 438 546 interitus
475 507 593 562 quasi
629 508 850 559 discessus,
884 516 927 549 et
958 508 1134 550 secretio
1166 515 1205 540 23
1220 523 1269 549 ac
1299 507 1502 548 diremtus
1533 520 1677 549 earum

247 563 444 616 partium,
466 577 559 618 quae
580 573 677 604 ante
696 564 909 605 interitum
927 563 1150 620 junctione
1168 564 1309 620 aliqua
1328 564 1592 604 tenebantur.

202 627 235 657 b.
304 618 402 668 His,
436 628 476 659 et
506 618 660 660 talibus
692 620 923 661 rationibus
953 620 1160 662 adductus
1189 621 1399 669 Socrates,
1428 633 1503 660 nec
1532 626 1678 674 patro-

246 689 347 715 num
384 676 574 730 quaesivit
607 675 662 716 ad
696 676 907 730 judicium
942 676 1104 732 capitis,
1142 690 1218 718 nec
1251 675 1467 732 judicibus
1502 675 1678 730 supplex

242 730 349 772 fuit:
381 731 658 787 adhibuitque
687 732 861 774 liberam
881 733 1208 784 contumaciam,
1225 747 1250 774 a
1270 731 1562 788 magnitudine
1587 731 1676 772 ani-

242 787 301 827 mi
321 787 507 838 ductam,
529 788 614 829 iion
636 803 661 829 a
681 789 899 844 superbia:
929 799 973 830 et
989 804 1187 845 supremo
1208 789 1301 830 vitae
1322 789 1390 830 die
1410 789 1463 830 de
1482 788 1564 829 hoc
1584 787 1677 843 ipso

241 843 379 884 multa
413 844 621 896 disseruit,
656 854 699 886 et
735 846 877 901 paucis
912 857 1010 888 ante
1047 846 1209 896 diebus,
1240 860 1340 886 cum
1376 845 1497 886 facile
1531 852 1675 900 posset

241 898 365 941 educi
384 915 407 940 e
427 901 633 952 custodia,
655 902 790 943 noluit
808 919 816 942 :
846 911 889 943 et
909 917 1006 944 cum
1028 917 1147 958 paene
1166 903 1210 943 in
1229 917 1357 943 manu
1370 902 1463 958 jam
1483 900 1675 941 mortife-

242 970 333 996 rum
369 956 473 997 illud
502 967 662 999 teneret
690 959 907 1013 poculum,
926 959 1094 1000 locutus
1124 959 1183 1000 ita
1213 968 1291 1009 est,
1311 968 1462 999 utnon
1482 956 1535 997 ad
1558 971 1672 997 mor-

156 1010 229 1057 30
242 1021 325 1052 tem
360 1013 486 1063 trudi,
517 1029 661 1056 verum
692 1015 732 1056 in
765 1015 917 1056 caelum
947 1015 1157 1056 videretur
1174 1015 1413 1057 ascendere.
1476 1015 1541 1054 Ita
1560 1013 1672 1053 enim

179 1086 228 1124 72
241 1070 453 1120 censebat,
473 1070 615 1126 itaque
635 1071 855 1113 disseruit:
882 1071 984 1113 duas
1005 1086 1094 1113 esse
1114 1071 1213 1122 vias,
1232 1071 1505 1127 duplicesque
1524 1083 1670 1110 cursus

240 1125 479 1167 animorum
500 1141 524 1167 a
544 1142 721 1183 corpore
737 1128 1044 1169 excedentium.
1077 1142 1172 1168 nam
1192 1128 1265 1183 qui
1286 1142 1329 1167 se
1349 1125 1543 1167 humanis
1564 1125 1672 1167 vitiis

238 1183 648 1234 contaminavissent,
678 1192 722 1225 et
753 1198 796 1224 se
825 1192 937 1225 totos
959 1183 1203 1225 libidinibus
1225 1183 1497 1232 dedidissent,
1518 1182 1673 1237 quibus

237 1239 398 1290 caecati,
421 1239 483 1280 vel
508 1239 751 1281 domesticis
780 1240 886 1280 vitiis
917 1249 1044 1296 atque
1075 1239 1242 1295 flagitiis
1264 1253 1309 1279 se
1329 1238 1672 1294 inquinavissent,

237 1295 301 1335 vel
334 1295 549 1350 republica
579 1296 771 1337 violanda
802 1297 969 1337 fraudes
999 1296 1270 1353 inexpiabiles
1299 1295 1603 1350 concepissent,
1623 1294 1673 1334 iis

235 1350 403 1392 devium
424 1351 639 1407 quoddam
662 1353 741 1393 iter
761 1367 866 1404 esse,
889 1353 1101 1394 seclusum
1122 1367 1147 1392 a
1167 1351 1348 1393 concilio
1378 1352 1570 1392 deorum.
1600 1350 1674 1406 qui

236 1416 377 1448 autem
411 1423 454 1448 se
483 1409 686 1464 integros,
707 1418 930 1466 castosque
959 1410 1244 1460 servavissent,
1266 1408 1504 1464 quibusque
1525 1407 1675 1448 fuisset

235 1464 411 1505 minima
439 1480 538 1506 cum
559 1467 809 1522 corporibus
830 1467 1046 1521 contagio,
1069 1480 1243 1521 seseque
1263 1466 1316 1506 ab
1336 1465 1400 1506 his
1421 1478 1588 1519 semper
1606 1477 1673 1504 se-

236 1530 468 1572 vocassent,
502 1532 725 1578 essentque
760 1523 802 1564 in
838 1524 1086 1578 corporibus
1127 1522 1322 1563 humanis
1355 1522 1483 1562 vitam
1519 1519 1672 1560 imitati

237 1576 440 1619 deorum:
473 1577 536 1620 his
553 1578 605 1620 ad
627 1579 736 1630 illos,
759 1595 783 1620 a
803 1580 956 1635 quibus
985 1588 1126 1620 essent
1147 1578 1339 1634 profecti,
1361 1578 1544 1618 reditum
1567 1576 1671 1617 faci-

173 1641 221 1681 73
234 1633 321 1675 lem
343 1643 499 1690 patere.
561 1636 626 1676 Ita
646 1644 967 1687 commemorat,
989 1645 1037 1677 ut
1057 1636 1201 1691 cygni,
1223 1635 1294 1690 qui
1319 1650 1403 1675 non
1435 1634 1523 1674 sine
1545 1646 1672 1675 causa

237 1699 277 1722 24
298 1691 490 1747 Apollini
519 1691 647 1733 dicati
679 1693 776 1744 sint,
798 1692 872 1733 sed
902 1692 1018 1748 quod
1038 1692 1091 1733 ab
1111 1707 1163 1733 eo
1185 1691 1486 1732 divinationem
1517 1690 1672 1730 habere

235 1747 465 1798 videantur,
488 1763 572 1804 qua
591 1749 855 1804 providentes
877 1749 977 1804 quid
1001 1749 1042 1789 in
1061 1756 1198 1789 morte
1214 1748 1315 1788 boni
1332 1748 1400 1798 sit,
1423 1761 1519 1787 cum
1542 1754 1670 1787 cantu

234 1812 278 1844 et
297 1805 510 1859 voluptate
540 1805 769 1847 moriantur
791 1823 800 1847 ε
832 1806 891 1846 sic
913 1805 1110 1846 omnibus
1131 1813 1175 1845 et
1194 1804 1331 1854 bonis,
1353 1813 1396 1845 et
1421 1803 1559 1844 doctis
1580 1816 1670 1843 esse

233 1860 490 1903 faciendum.
521 1876 597 1902 nec
631 1876 726 1903 vero
758 1862 810 1903 de
843 1862 924 1903 hoc
951 1862 1175 1918 quisquam
1197 1859 1389 1901 dubitare
1410 1868 1569 1915 posset,
1591 1858 1670 1899 nisi

233 1915 346 1959 idem
386 1919 508 1959 nobis
546 1919 769 1970 accideret,
807 1919 1033 1974 diligenter
1080 1917 1133 1958 de
1178 1916 1321 1958 animo
1362 1915 1667 1971 cogitantibuS,

234 1982 272 2005 2⁵
289 1974 405 2030 quod
424 1974 472 2015 iis
494 1990 605 2031 saepe
625 1991 706 2017 usu
724 1976 849 2026 venit,
870 1976 942 2031 qui
963 1990 1060 2017 cum
1082 1973 1232 2014 acriter
1252 1973 1385 2014 oculis
1404 1971 1668 2014 deficientem

232 2030 366 2071 solem
397 2031 670 2083 intuerentur,
691 2041 739 2073 ut
769 2032 1015 2088 adspectum
1046 2030 1220 2072 omnino
1250 2030 1522 2072 amitterent:
1555 2035 1596 2062 26
1610 2029 1669 2075 sic

232 2088 387 2128 mentis
408 2088 518 2129 acies
538 2089 674 2143 seipsa
694 2089 874 2138 intuens,
895 2102 1215 2143 nonnumquam
1236 2087 1446 2137 hebescit;
1477 2087 1534 2127 ob
1554 2100 1670 2126 eam-

232 2158 316 2198 que
352 2159 521 2185 causam
560 2145 874 2201 contemplandi
910 2145 1175 2200 diligentiam
1209 2143 1457 2184 amittimus.
1518 2144 1667 2198 Itaque

231 2200 443 2253 dubitans,
477 2202 847 2258 circumspectans,
871 2202 1083 2252 haesitans,
1110 2208 1148 2238 ‘27
1166 2200 1302 2241 multa
1333 2199 1503 2241 adversa
1531 2213 1668 2241 rever-

231 2369 295 2389 tem
313 2360 474 2394 animum,
490 2360 593 2399 qualis
613 2360 665 2395 sit,
681 2369 869 2399 cognoscere
885 2365 929 2389 at·
975 2364 1038 2387 ret:
1062 2365 1134 2388 tum
1150 2369 1211 2387 cum
1227 2358 1401 2389 delendum
1416 2365 1473 2390 est.

229 2412 294 2443 que
310 2404 519 2441 pronunciare
538 2403 699 2433 volumus.
1018 2406 1057 2431 26
1073 2401 1293 2439 sic—hebescit]
1317 2402 1463 2432 Omnino
1485 2408 1551 2432 tota
1572 2404 1670 2434 oratio

273 2453 312 2476 22
330 2445 406 2474 nihil
426 2446 464 2473 sit
487 2446 592 2474 animis
615 2441 794 2484 admixtum]
812 2444 928 2474 Malim
973 2453 1038 2474 non
1064 2445 1138 2474 satis
1167 2451 1237 2484 apte
1267 2445 1405 2474 cohaeret
1430 2455 1506 2475 nam
1536 2445 1669 2478 debebat

230 2501 259 2529 q.
277 2500 305 2517 n.
316 2498 339 2517 5.
356 2488 385 2516 in
402 2488 504 2517 animis
523 2489 645 2517 mixtum
660 2501 669 2517 .-
693 2497 769 2518 nam
793 2487 866 2517 alibi
882 2488 927 2517 Sic
971 2496 1037 2516 esse
1052 2498 1058 2515 :
1084 2494 1116 2515 ut
1131 2486 1205 2516 enim
1220 2486 1251 2515 1ιὶ
1264 2487 1428 2526 adspectum
1448 2487 1560 2517 omnino
1581 2489 1669 2518 ami!-

228 2531 349 2560 Cicero.
971 2536 1048 2566 tunt,
1073 2530 1114 2558 sic
1137 2529 1239 2558 mentis
1263 2529 1504 2560 acies—hebescit
1528 2531 1586 2562 ὅτε.
1613 2543 1668 2572 pro

272 2580 310 2604 εει
329 2585 363 2602 απ
377 2571 528 2610 diremtos]
548 2573 574 2601 V
577 2572 663 2612 ulgg.
679 2571 816 2611 direptus.
835 2572 928 2602 male.
973 2572 1093 2612 seipsam
1109 2581 1187 2602 cum
1210 2572 1291 2602 Dav.
1307 2582 1325 2601 e
1347 2573 1426 2603 Mss.
1442 2574 1523 2604 edidi
1546 2585 1574 2604 se
1593 2575 1669 2616 ipsa,

228 2617 266 2647 In
284 2617 347 2646 Ms.
365 2616 473 2646 Guelf.
490 2624 536 2644 est
554 2614 703 2646 dir-emtas.
720 2626 750 2644 v.
768 2615 871 2645 Clavis
896 2616 927 2645 in
972 2615 1058 2654 quod
1075 2621 1104 2645 et
1118 2614 1256 2644 latinitas
1268 2615 1413 2652 jubebat.

227 2662 260 2690 h.
277 2670 308 2689 v.
1016 2664 1053 2692 27
1074 2656 1166 2686 multa
1189 2656 1315 2687 adversa
1331 2655 1494 2697 revertens]
1510 2658 1670 2690 Vitiosum

271 2711 309 2733 ¹24
329 2701 458 2740 Apollini
475 2700 578 2739 dicati]
599 2701 662 2731 Ms.
677 2700 784 2730 Guelf.
807 2700 924 2729 edic-ati.
970 2710 1037 2730 esse
1053 2706 1212 2736 revertens,
1229 2700 1260 2729 in
1277 2708 1405 2739 promtu
1421 2706 1477 2730 est.
1521 2701 1670 2732 Davisius

226 2746 368 2775 librarius
385 2744 487 2774 voluit
502 2739 573 2773 dare
589 2744 725 2773 dedicati.
968 2743 1065 2773 edidit
1095 2753 1238 2773 reverens.
1269 2743 1355 2782 quod
1389 2743 1525 2774 minIme
1554 2744 1668 2783 placet.

268 2797 305 2819 *25
333 2788 409 2829 qetoael'
432 2788 467 2816 iis
488 2794 562 2824 ωερε
587 2798 638 2815 usu
664 2786 759 2820 venit,
787 2786 837 2827 qni
861 2797 925 2815 cum
967 2797 1070 2815 verens
1086 2785 1279 2815 tolerabilius
1298 2793 1389 2816 esset.
1433 2785 1563 2824 ConjeCi
1585 2787 1664 2818 Olim

224 2833 271 2862 &c
287 2830 300 2869 ]
320 2831 461 2861 Primum
482 2840 535 2869 pro
553 2830 636 2859 venir
650 2829 823 2868 legendum
840 2829 923 2859 veni·
969 2829 1124 2870 refugiens.
1141 2838 1199 2859 nec
1217 2828 1331 2860 melius
1348 2830 1424 2869 quid
1442 2830 1549 2869 reperi.
