<?xml version="1.0" encoding="UTF-8"?>
<!DOCTYPE html PUBLIC "-//W3C//DTD XHTML 1.0 Transitional//EN"
    "http://www.w3.org/TR/xhtml1/DTD/xhtml1-transitional.dtd">
<html xmlns="http://www.w3.org/1999/xhtml" xml:lang="en" lang="en">
 <head>
  <title>
</title>
<meta http-equiv="Content-Type" content="text/html;charset=utf-8" />
  <meta name='ocr-system' content='tesseract 3.04.00' />
  <meta name='ocr-capabilities' content='ocr_page ocr_carea ocr_par ocr_line ocrx_word'/>
</head>
<body>
  <div class='ocr_page' id='page_1' title='image "./p1operaomnia04ciceuoft_0355.png"; bbox 0 0 1778 3095; ppageno 0'>
   <div class='ocr_carea' id='block_1_1' title="bbox 568 85 1542 132">
    <p class='ocr_par' dir='ltr' id='par_1_1' title="bbox 568 85 1542 132">
     <span class='ocr_line' id='line_1_1' title="bbox 568 85 1542 132; baseline -0.002 -5"><span class='ocrx_word' id='word_1_1' title='bbox 568 89 744 127; x_wconf 91' lang='lat' dir='ltr'>LIBER</span> <span class='ocrx_word' id='word_1_2' title='bbox 773 85 1081 125; x_wconf 76' lang='lat' dir='ltr'><strong>QUARTUS.</strong></span> <span class='ocrx_word' id='word_1_3' title='bbox 1466 91 1542 132; x_wconf 82' lang='lat'><strong>347</strong></span> 
     </span>
    </p>
   </div>
   <div class='ocr_carea' id='block_1_2' title="bbox 223 193 1242 304">
    <p class='ocr_par' dir='ltr' id='par_1_2' title="bbox 223 193 1242 304">
     <span class='ocr_line' id='line_1_2' title="bbox 226 193 1235 248; baseline -0.008 -10"><span class='ocrx_word' id='word_1_4' title='bbox 226 200 295 238; x_wconf 84' lang='lat' dir='ltr'><strong>Odi</strong></span> <span class='ocrx_word' id='word_1_5' title='bbox 313 200 470 238; x_wconf 80' lang='lat' dir='ltr'><strong>hominem</strong></span> <span class='ocrx_word' id='word_1_6' title='bbox 485 215 497 236; x_wconf 92' lang='lat'><strong>.·</strong></span> <span class='ocrx_word' id='word_1_7' title='bbox 527 199 637 235; x_wconf 83' lang='lat' dir='ltr'><strong>iratus</strong></span> <span class='ocrx_word' id='word_1_8' title='bbox 652 208 766 248; x_wconf 78' lang='lat' dir='ltr'><strong>pugno</strong></span> <span class='ocrx_word' id='word_1_9' title='bbox 781 212 793 233; x_wconf 92' lang='lat'><strong>.·</strong></span> <span class='ocrx_word' id='word_1_10' title='bbox 823 210 881 232; x_wconf 74' lang='lat' dir='ltr'><strong>nec</strong></span> <span class='ocrx_word' id='word_1_11' title='bbox 900 195 1031 244; x_wconf 84' lang='lat' dir='ltr'><strong>longius</strong></span> <span class='ocrx_word' id='word_1_12' title='bbox 1050 193 1235 245; x_wconf 79' lang='lat' dir='ltr'><em>quidquam</em></span> 
     </span>
     <span class='ocr_line' id='line_1_3' title="bbox 223 247 1242 304; baseline -0.008 -13"><span class='ocrx_word' id='word_1_13' title='bbox 223 254 341 297; x_wconf 83' lang='lat' dir='ltr'><strong>Nobis,</strong></span> <span class='ocrx_word' id='word_1_14' title='bbox 362 267 461 304; x_wconf 80' lang='lat' dir='ltr'><strong>quam</strong></span> <span class='ocrx_word' id='word_1_15' title='bbox 479 252 608 288; x_wconf 60' lang='lat' dir='ltr'><strong>dextrae</strong></span> <span class='ocrx_word' id='word_1_16' title='bbox 621 251 779 300; x_wconf 80' lang='lat' dir='ltr'><em>gladium</em></span> <span class='ocrx_word' id='word_1_17' title='bbox 799 249 877 286; x_wconf 83' lang='lat' dir='ltr'><strong>dum</strong></span> <span class='ocrx_word' id='word_1_18' title='bbox 897 247 1111 286; x_wconf 81' lang='lat' dir='ltr'><em>accommodet</em></span> <span class='ocrx_word' id='word_1_19' title='bbox 1130 248 1216 284; x_wconf 78' lang='lat' dir='ltr'><strong>alter</strong></span> <span class='ocrx_word' id='word_1_20' title='bbox 1229 263 1242 283; x_wconf 89' lang='lat'><strong>.-</strong></span> 
     </span>
    </p>
   </div>
   <div class='ocr_carea' id='block_1_3' title="bbox 222 302 1152 358">
    <p class='ocr_par' dir='ltr' id='par_1_3' title="bbox 222 302 1152 358">
     <span class='ocr_line' id='line_1_4' title="bbox 222 302 1152 358; baseline -0.006 -15"><span class='ocrx_word' id='word_1_21' title='bbox 222 313 262 343; x_wconf 71' lang='lat'><strong>74</strong></span> <span class='ocrx_word' id='word_1_22' title='bbox 282 309 390 358; x_wconf 80' lang='lat' dir='ltr'><em>Usque</em></span> <span class='ocrx_word' id='word_1_23' title='bbox 407 306 486 344; x_wconf 79' lang='lat' dir='ltr'><strong>adeo</strong></span> <span class='ocrx_word' id='word_1_24' title='bbox 504 304 614 341; x_wconf 80' lang='lat' dir='ltr'><strong>studio</strong></span> <span class='ocrx_word' id='word_1_25' title='bbox 633 313 735 354; x_wconf 78' lang='lat' dir='ltr'><strong>atque</strong></span> <span class='ocrx_word' id='word_1_26' title='bbox 752 302 822 340; x_wconf 77' lang='lat' dir='ltr'><strong>odio</strong></span> <span class='ocrx_word' id='word_1_27' title='bbox 841 302 933 339; x_wconf 78' lang='lat' dir='ltr'><strong>illius</strong></span> <span class='ocrx_word' id='word_1_28' title='bbox 952 302 1070 351; x_wconf 62' lang='lat' dir='ltr'><strong>qffcror</strong></span> <span class='ocrx_word' id='word_1_29' title='bbox 1086 302 1152 338; x_wconf 82' lang='lat' dir='ltr'><strong>ira.</strong></span> 
     </span>
    </p>
   </div>
   <div class='ocr_carea' id='block_1_4' title="bbox 83 384 1668 2313">
    <p class='ocr_par' dir='ltr' id='par_1_4' title="bbox 107 384 1621 1237">
     <span class='ocr_line' id='line_1_5' title="bbox 117 384 1621 446; baseline -0.005 -13"><span class='ocrx_word' id='word_1_30' title='bbox 117 398 154 427; x_wconf 83' lang='lat'><strong>7⁵</strong></span> <span class='ocrx_word' id='word_1_31' title='bbox 170 392 231 433; x_wconf 86' lang='lat' dir='ltr'><strong>At</strong></span> <span class='ocrx_word' id='word_1_32' title='bbox 262 393 347 433; x_wconf 86' lang='lat' dir='ltr'><strong>sine</strong></span> <span class='ocrx_word' id='word_1_33' title='bbox 378 391 457 431; x_wconf 91' lang='lat' dir='ltr'><strong>hac</strong></span> <span class='ocrx_word' id='word_1_34' title='bbox 483 389 736 446; x_wconf 85' lang='lat' dir='ltr'><strong>gladiatoria</strong></span> <span class='ocrx_word' id='word_1_35' title='bbox 762 387 978 430; x_wconf 79' lang='lat' dir='ltr'>iracundia</span> <span class='ocrx_word' id='word_1_36' title='bbox 997 387 1184 428; x_wconf 84' lang='lat' dir='ltr'><strong>videmus</strong></span> <span class='ocrx_word' id='word_1_37' title='bbox 1204 384 1540 441; x_wconf 81' lang='lat' dir='ltr'><strong>progredientem</strong></span> <span class='ocrx_word' id='word_1_38' title='bbox 1558 393 1621 438; x_wconf 71' lang='lat'><strong>22</strong></span> 
     </span>
     <span class='ocr_line' id='line_1_6' title="bbox 118 442 1606 506; baseline -0.005 -17"><span class='ocrx_word' id='word_1_39' title='bbox 118 455 156 485; x_wconf 82' lang='lat'><strong>7⁶</strong></span> <span class='ocrx_word' id='word_1_40' title='bbox 172 447 284 504; x_wconf 86' lang='lat' dir='ltr'><strong>apud</strong></span> <span class='ocrx_word' id='word_1_41' title='bbox 318 449 553 488; x_wconf 84' lang='lat' dir='ltr'><strong>Homerum</strong></span> <span class='ocrx_word' id='word_1_42' title='bbox 586 445 764 501; x_wconf 85' lang='lat' dir='ltr'><strong>Ajacem</strong></span> <span class='ocrx_word' id='word_1_43' title='bbox 797 444 932 485; x_wconf 88' lang='lat' dir='ltr'><strong>multa</strong></span> <span class='ocrx_word' id='word_1_44' title='bbox 959 459 1055 484; x_wconf 90' lang='lat' dir='ltr'><strong>cum</strong></span> <span class='ocrx_word' id='word_1_45' title='bbox 1087 443 1310 493; x_wconf 80' lang='lat' dir='ltr'><strong>hilaritate,</strong></span> <span class='ocrx_word' id='word_1_46' title='bbox 1339 457 1437 483; x_wconf 90' lang='lat' dir='ltr'><strong>cum</strong></span> <span class='ocrx_word' id='word_1_47' title='bbox 1469 442 1543 483; x_wconf 78' lang='lat' dir='ltr'><strong>de·</strong></span> <span class='ocrx_word' id='word_1_48' title='bbox 1555 466 1606 506; x_wconf 76' lang='lat'><strong>49</strong></span> 
     </span>
     <span class='ocr_line' id='line_1_7' title="bbox 115 499 1542 561; baseline -0.005 -16"><span class='ocrx_word' id='word_1_49' title='bbox 115 515 378 561; x_wconf 85' lang='lat' dir='ltr'><strong>pugnaturus</strong></span> <span class='ocrx_word' id='word_1_50' title='bbox 410 512 518 544; x_wconf 88' lang='lat' dir='ltr'><strong>esset</strong></span> <span class='ocrx_word' id='word_1_51' title='bbox 546 517 644 544; x_wconf 88' lang='lat' dir='ltr'><strong>cum</strong></span> <span class='ocrx_word' id='word_1_52' title='bbox 675 504 861 543; x_wconf 84' lang='lat' dir='ltr'><strong>Hectore</strong></span> <span class='ocrx_word' id='word_1_53' title='bbox 883 517 892 541; x_wconf 76' lang='grc' dir='ltr'><strong><em>ε</em></strong></span> <span class='ocrx_word' id='word_1_54' title='bbox 922 500 1056 556; x_wconf 88' lang='lat' dir='ltr'><strong>cujus,</strong></span> <span class='ocrx_word' id='word_1_55' title='bbox 1078 509 1126 541; x_wconf 90' lang='lat' dir='ltr'><strong>ut</strong></span> <span class='ocrx_word' id='word_1_56' title='bbox 1152 514 1268 540; x_wconf 88' lang='lat' dir='ltr'><strong>arma</strong></span> <span class='ocrx_word' id='word_1_57' title='bbox 1295 499 1458 549; x_wconf 82' lang='lat' dir='ltr'><strong>sumsit,</strong></span> <span class='ocrx_word' id='word_1_58' title='bbox 1480 499 1542 539; x_wconf 90' lang='lat' dir='ltr'><strong>in-</strong></span> 
     </span>
     <span class='ocr_line' id='line_1_8' title="bbox 113 556 1545 616; baseline -0.003 -14"><span class='ocrx_word' id='word_1_59' title='bbox 113 562 274 616; x_wconf 84' lang='lat' dir='ltr'><strong>gressio</strong></span> <span class='ocrx_word' id='word_1_60' title='bbox 298 560 487 601; x_wconf 80' lang='lat' dir='ltr'><strong>laetitiam</strong></span> <span class='ocrx_word' id='word_1_61' title='bbox 516 559 656 600; x_wconf 87' lang='lat' dir='ltr'><strong>attulit</strong></span> <span class='ocrx_word' id='word_1_62' title='bbox 678 559 816 609; x_wconf 87' lang='lat' dir='ltr'><strong>sociis,</strong></span> <span class='ocrx_word' id='word_1_63' title='bbox 846 567 1045 598; x_wconf 84' lang='lat' dir='ltr'><strong>terrorem</strong></span> <span class='ocrx_word' id='word_1_64' title='bbox 1075 565 1217 597; x_wconf 90' lang='lat' dir='ltr'><strong>autem</strong></span> <span class='ocrx_word' id='word_1_65' title='bbox 1245 556 1466 596; x_wconf 85' lang='lat' dir='ltr'><strong>hostibus:</strong></span> <span class='ocrx_word' id='word_1_66' title='bbox 1497 565 1545 597; x_wconf 92' lang='lat' dir='ltr'><strong>ut</strong></span> 
     </span>
     <span class='ocr_line' id='line_1_9' title="bbox 113 613 1544 673; baseline -0.004 -15"><span class='ocrx_word' id='word_1_67' title='bbox 113 618 253 673; x_wconf 89' lang='lat' dir='ltr'><strong>ipsum</strong></span> <span class='ocrx_word' id='word_1_68' title='bbox 279 618 526 666; x_wconf 85' lang='lat' dir='ltr'><strong>Hectorem,</strong></span> <span class='ocrx_word' id='word_1_69' title='bbox 548 615 907 671; x_wconf 79' lang='lat' dir='ltr'><strong>quemadmodum</strong></span> <span class='ocrx_word' id='word_1_70' title='bbox 927 623 992 655; x_wconf 87' lang='lat' dir='ltr'><strong>est</strong></span> <span class='ocrx_word' id='word_1_71' title='bbox 1010 613 1122 669; x_wconf 89' lang='lat' dir='ltr'><strong>apud</strong></span> <span class='ocrx_word' id='word_1_72' title='bbox 1144 614 1397 663; x_wconf 82' lang='lat' dir='ltr'><strong>Homerum,</strong></span> <span class='ocrx_word' id='word_1_73' title='bbox 1420 619 1456 648; x_wconf 82' lang='grc'><strong>77</strong></span> <span class='ocrx_word' id='word_1_74' title='bbox 1476 620 1544 653; x_wconf 91' lang='lat' dir='ltr'><strong>to-</strong></span> 
     </span>
     <span class='ocr_line' id='line_1_10' title="bbox 113 669 1544 728; baseline -0.002 -14"><span class='ocrx_word' id='word_1_75' title='bbox 113 684 157 714; x_wconf 87' lang='lat' dir='ltr'><strong>to</strong></span> <span class='ocrx_word' id='word_1_76' title='bbox 178 681 348 728; x_wconf 86' lang='lat' dir='ltr'><strong>pectore</strong></span> <span class='ocrx_word' id='word_1_77' title='bbox 367 681 617 713; x_wconf 88' lang='lat' dir='ltr'><strong>trementem</strong></span> <span class='ocrx_word' id='word_1_78' title='bbox 639 685 887 727; x_wconf 80' lang='lat' dir='ltr'><strong>provocasse</strong></span> <span class='ocrx_word' id='word_1_79' title='bbox 908 670 961 711; x_wconf 89' lang='lat' dir='ltr'><strong>ad</strong></span> <span class='ocrx_word' id='word_1_80' title='bbox 982 684 1169 726; x_wconf 88' lang='lat' dir='ltr'><strong>pugnam</strong></span> <span class='ocrx_word' id='word_1_81' title='bbox 1186 669 1422 725; x_wconf 82' lang='lat' dir='ltr'><strong>poeniteret.</strong></span> <span class='ocrx_word' id='word_1_82' title='bbox 1462 669 1544 712; x_wconf 87' lang='lat' dir='ltr'><strong>At-</strong></span> 
     </span>
     <span class='ocr_line' id='line_1_11' title="bbox 112 725 1544 785; baseline -0.003 -15"><span class='ocrx_word' id='word_1_83' title='bbox 112 744 194 785; x_wconf 90' lang='lat' dir='ltr'><strong>que</strong></span> <span class='ocrx_word' id='word_1_84' title='bbox 215 730 260 770; x_wconf 86' lang='lat' dir='ltr'><strong>hi</strong></span> <span class='ocrx_word' id='word_1_85' title='bbox 281 729 482 770; x_wconf 90' lang='lat' dir='ltr'><strong>collocuti</strong></span> <span class='ocrx_word' id='word_1_86' title='bbox 502 729 608 769; x_wconf 86' lang='lat' dir='ltr'><strong>inter</strong></span> <span class='ocrx_word' id='word_1_87' title='bbox 629 743 687 779; x_wconf 89' lang='lat' dir='ltr'><strong>se,</strong></span> <span class='ocrx_word' id='word_1_88' title='bbox 707 729 948 784; x_wconf 84' lang='lat' dir='ltr'><strong>priusquam</strong></span> <span class='ocrx_word' id='word_1_89' title='bbox 980 742 1153 768; x_wconf 87' lang='lat' dir='ltr'><strong>manum</strong></span> <span class='ocrx_word' id='word_1_90' title='bbox 1181 735 1460 776; x_wconf 85' lang='lat' dir='ltr'><strong>consererent,</strong></span> <span class='ocrx_word' id='word_1_91' title='bbox 1482 725 1544 766; x_wconf 90' lang='lat' dir='ltr'><strong>le-</strong></span> 
     </span>
     <span class='ocr_line' id='line_1_12' title="bbox 110 782 1544 842; baseline -0.003 -15"><span class='ocrx_word' id='word_1_92' title='bbox 110 786 218 827; x_wconf 84' lang='lat' dir='ltr'><strong>niter</strong></span> <span class='ocrx_word' id='word_1_93' title='bbox 248 795 290 827; x_wconf 88' lang='lat' dir='ltr'><strong>et</strong></span> <span class='ocrx_word' id='word_1_94' title='bbox 322 787 475 842; x_wconf 90' lang='lat' dir='ltr'><strong>quiete,</strong></span> <span class='ocrx_word' id='word_1_95' title='bbox 509 785 613 826; x_wconf 87' lang='lat' dir='ltr'><strong>nihil</strong></span> <span class='ocrx_word' id='word_1_96' title='bbox 653 801 703 825; x_wconf 89' lang='lat' dir='ltr'><strong>ne</strong></span> <span class='ocrx_word' id='word_1_97' title='bbox 737 786 779 825; x_wconf 90' lang='lat' dir='ltr'><strong>in</strong></span> <span class='ocrx_word' id='word_1_98' title='bbox 811 785 902 839; x_wconf 85' lang='lat' dir='ltr'><strong>ipsa</strong></span> <span class='ocrx_word' id='word_1_99' title='bbox 941 784 1113 839; x_wconf 87' lang='lat' dir='ltr'><strong>quidem</strong></span> <span class='ocrx_word' id='word_1_100' title='bbox 1151 797 1296 839; x_wconf 84' lang='lat' dir='ltr'><strong>pugna</strong></span> <span class='ocrx_word' id='word_1_101' title='bbox 1329 782 1544 833; x_wconf 84' lang='lat' dir='ltr'><strong>iracunde,</strong></span> 
     </span>
     <span class='ocr_line' id='line_1_13' title="bbox 109 839 1544 897; baseline -0.002 -14"><span class='ocrx_word' id='word_1_102' title='bbox 109 842 323 883; x_wconf 83' lang='lat' dir='ltr'><strong>rabioseve</strong></span> <span class='ocrx_word' id='word_1_103' title='bbox 348 843 551 883; x_wconf 86' lang='lat' dir='ltr'><strong>fecerunt.</strong></span> <span class='ocrx_word' id='word_1_104' title='bbox 611 844 707 897; x_wconf 84' lang='lat' dir='ltr'><strong>Ego</strong></span> <span class='ocrx_word' id='word_1_105' title='bbox 738 856 789 882; x_wconf 91' lang='lat' dir='ltr'><strong>ne</strong></span> <span class='ocrx_word' id='word_1_106' title='bbox 817 842 1080 895; x_wconf 88' lang='lat' dir='ltr'><strong>Torquatum</strong></span> <span class='ocrx_word' id='word_1_107' title='bbox 1113 840 1283 895; x_wconf 87' lang='lat' dir='ltr'><strong>quidem</strong></span> <span class='ocrx_word' id='word_1_108' title='bbox 1314 839 1450 890; x_wconf 79' lang='lat' dir='ltr'><strong>illum,</strong></span> <span class='ocrx_word' id='word_1_109' title='bbox 1472 839 1544 894; x_wconf 89' lang='lat' dir='ltr'><strong>qui</strong></span> 
     </span>
     <span class='ocr_line' id='line_1_14' title="bbox 109 897 1542 954; baseline -0.003 -14"><span class='ocrx_word' id='word_1_110' title='bbox 109 898 193 940; x_wconf 92' lang='lat' dir='ltr'><strong>hoc</strong></span> <span class='ocrx_word' id='word_1_111' title='bbox 225 913 467 954; x_wconf 84' lang='lat' dir='ltr'><strong>cognomen</strong></span> <span class='ocrx_word' id='word_1_112' title='bbox 496 899 664 948; x_wconf 87' lang='lat' dir='ltr'><strong>invenit,</strong></span> <span class='ocrx_word' id='word_1_113' title='bbox 686 899 838 939; x_wconf 89' lang='lat' dir='ltr'><strong>iratum</strong></span> <span class='ocrx_word' id='word_1_114' title='bbox 865 898 1059 938; x_wconf 78' lang='lat' dir='ltr'><strong>existimo</strong></span> <span class='ocrx_word' id='word_1_115' title='bbox 1091 897 1217 937; x_wconf 89' lang='lat' dir='ltr'><strong>Gallo</strong></span> <span class='ocrx_word' id='word_1_116' title='bbox 1245 907 1438 951; x_wconf 90' lang='lat' dir='ltr'><strong>torquem</strong></span> <span class='ocrx_word' id='word_1_117' title='bbox 1469 897 1542 937; x_wconf 88' lang='lat' dir='ltr'><strong>de-</strong></span> 
     </span>
     <span class='ocr_line' id='line_1_15' title="bbox 109 953 1541 1010; baseline -0.002 -15"><span class='ocrx_word' id='word_1_118' title='bbox 109 956 304 997; x_wconf 85' lang='lat' dir='ltr'><strong>traxisse:</strong></span> <span class='ocrx_word' id='word_1_119' title='bbox 329 970 404 996; x_wconf 88' lang='lat' dir='ltr'><strong>nec</strong></span> <span class='ocrx_word' id='word_1_120' title='bbox 424 955 676 996; x_wconf 85' lang='lat' dir='ltr'><strong>Marcellum</strong></span> <span class='ocrx_word' id='word_1_121' title='bbox 699 954 812 1010; x_wconf 89' lang='lat' dir='ltr'><strong>apud</strong></span> <span class='ocrx_word' id='word_1_122' title='bbox 833 953 1088 995; x_wconf 82' lang='lat' dir='ltr'><strong>Clastidium</strong></span> <span class='ocrx_word' id='word_1_123' title='bbox 1111 953 1207 994; x_wconf 90' lang='lat' dir='ltr'><strong>ideo</strong></span> <span class='ocrx_word' id='word_1_124' title='bbox 1228 953 1380 993; x_wconf 85' lang='lat' dir='ltr'><strong>fortem</strong></span> <span class='ocrx_word' id='word_1_125' title='bbox 1400 953 1541 1003; x_wconf 81' lang='lat' dir='ltr'><strong>fuisse,</strong></span> 
     </span>
     <span class='ocr_line' id='line_1_16' title="bbox 110 1009 1606 1067; baseline -0.002 -15"><span class='ocrx_word' id='word_1_126' title='bbox 110 1012 209 1067; x_wconf 89' lang='lat' dir='ltr'><strong>quia</strong></span> <span class='ocrx_word' id='word_1_127' title='bbox 229 1013 356 1052; x_wconf 85' lang='lat' dir='ltr'><strong>fuerit</strong></span> <span class='ocrx_word' id='word_1_128' title='bbox 374 1013 517 1054; x_wconf 88' lang='lat' dir='ltr'><strong>iratus.</strong></span> <span class='ocrx_word' id='word_1_129' title='bbox 578 1013 646 1053; x_wconf 91' lang='lat' dir='ltr'><strong>De</strong></span> <span class='ocrx_word' id='word_1_130' title='bbox 668 1012 871 1052; x_wconf 76' lang='lat' dir='ltr'><strong>Africano</strong></span> <span class='ocrx_word' id='word_1_131' title='bbox 893 1011 1079 1066; x_wconf 87' lang='lat' dir='ltr'><strong>quidem,</strong></span> <span class='ocrx_word' id='word_1_132' title='bbox 1101 1010 1200 1065; x_wconf 90' lang='lat' dir='ltr'><strong>quia</strong></span> <span class='ocrx_word' id='word_1_133' title='bbox 1221 1009 1360 1050; x_wconf 91' lang='lat' dir='ltr'><strong>notior</strong></span> <span class='ocrx_word' id='word_1_134' title='bbox 1381 1021 1444 1051; x_wconf 90' lang='lat' dir='ltr'><strong>est</strong></span> <span class='ocrx_word' id='word_1_135' title='bbox 1464 1025 1540 1050; x_wconf 89' lang='lat' dir='ltr'><strong>no-</strong></span> <span class='ocrx_word' id='word_1_136' title='bbox 1553 1019 1606 1050; x_wconf 88' lang='lat'><strong>50</strong></span> 
     </span>
     <span class='ocr_line' id='line_1_17' title="bbox 107 1067 1541 1124; baseline -0.001 -16"><span class='ocrx_word' id='word_1_137' title='bbox 107 1068 172 1108; x_wconf 89' lang='lat' dir='ltr'><strong>bis</strong></span> <span class='ocrx_word' id='word_1_138' title='bbox 202 1079 373 1124; x_wconf 86' lang='lat' dir='ltr'><strong>propter</strong></span> <span class='ocrx_word' id='word_1_139' title='bbox 403 1079 611 1109; x_wconf 89' lang='lat' dir='ltr'><strong>recentem</strong></span> <span class='ocrx_word' id='word_1_140' title='bbox 641 1068 905 1117; x_wconf 87' lang='lat' dir='ltr'><strong>memoriam,</strong></span> <span class='ocrx_word' id='word_1_141' title='bbox 926 1067 989 1108; x_wconf 85' lang='lat' dir='ltr'><strong>vel</strong></span> <span class='ocrx_word' id='word_1_142' title='bbox 1010 1077 1155 1122; x_wconf 86' lang='lat' dir='ltr'><strong>putare</strong></span> <span class='ocrx_word' id='word_1_143' title='bbox 1176 1081 1364 1121; x_wconf 89' lang='lat' dir='ltr'><strong>possum,</strong></span> <span class='ocrx_word' id='word_1_144' title='bbox 1386 1081 1470 1106; x_wconf 90' lang='lat' dir='ltr'><strong>non</strong></span> <span class='ocrx_word' id='word_1_145' title='bbox 1492 1067 1541 1107; x_wconf 90' lang='lat' dir='ltr'><strong>il-</strong></span> 
     </span>
     <span class='ocr_line' id='line_1_18' title="bbox 108 1123 1542 1173; baseline -0.001 -8"><span class='ocrx_word' id='word_1_146' title='bbox 108 1125 197 1165; x_wconf 89' lang='lat' dir='ltr'><strong>lum</strong></span> <span class='ocrx_word' id='word_1_147' title='bbox 218 1125 432 1166; x_wconf 81' lang='lat' dir='ltr'><strong>iracundia</strong></span> <span class='ocrx_word' id='word_1_148' title='bbox 452 1135 540 1166; x_wconf 86' lang='lat' dir='ltr'><strong>tum</strong></span> <span class='ocrx_word' id='word_1_149' title='bbox 563 1126 869 1166; x_wconf 87' lang='lat' dir='ltr'><strong>inflammatum</strong></span> <span class='ocrx_word' id='word_1_150' title='bbox 890 1123 1034 1173; x_wconf 77' lang='lat' dir='ltr'><strong>fuisse,</strong></span> <span class='ocrx_word' id='word_1_151' title='bbox 1055 1138 1152 1164; x_wconf 90' lang='lat' dir='ltr'><strong>cum</strong></span> <span class='ocrx_word' id='word_1_152' title='bbox 1181 1124 1224 1164; x_wconf 91' lang='lat' dir='ltr'><strong>in</strong></span> <span class='ocrx_word' id='word_1_153' title='bbox 1252 1123 1341 1163; x_wconf 90' lang='lat' dir='ltr'><strong>acie</strong></span> <span class='ocrx_word' id='word_1_154' title='bbox 1362 1124 1427 1163; x_wconf 89' lang='lat' dir='ltr'><strong>M.</strong></span> <span class='ocrx_word' id='word_1_155' title='bbox 1450 1124 1542 1163; x_wconf 88' lang='lat' dir='ltr'><strong>Ha-</strong></span> 
     </span>
     <span class='ocr_line' id='line_1_19' title="bbox 107 1179 1542 1237; baseline 0 -16"><span class='ocrx_word' id='word_1_156' title='bbox 107 1181 262 1222; x_wconf 88' lang='lat' dir='ltr'><strong>lienum</strong></span> <span class='ocrx_word' id='word_1_157' title='bbox 285 1182 503 1237; x_wconf 84' lang='lat' dir='ltr'><strong>Pelignum</strong></span> <span class='ocrx_word' id='word_1_158' title='bbox 519 1192 640 1223; x_wconf 88' lang='lat' dir='ltr'><strong>scuto</strong></span> <span class='ocrx_word' id='word_1_159' title='bbox 658 1181 901 1237; x_wconf 79' lang='lat' dir='ltr'><strong>protexerit,</strong></span> <span class='ocrx_word' id='word_1_160' title='bbox 913 1180 1188 1236; x_wconf 81' lang='lat' dir='ltr'><strong>gladiumque</strong></span> <span class='ocrx_word' id='word_1_161' title='bbox 1204 1180 1317 1220; x_wconf 90' lang='lat' dir='ltr'><strong>hosti</strong></span> <span class='ocrx_word' id='word_1_162' title='bbox 1333 1179 1375 1220; x_wconf 91' lang='lat' dir='ltr'><strong>in</strong></span> <span class='ocrx_word' id='word_1_163' title='bbox 1395 1189 1542 1234; x_wconf 91' lang='lat' dir='ltr'><strong>pectus</strong></span> 
     </span>
    </p>

    <p class='ocr_par' dir='ltr' id='par_1_5' title="bbox 83 1236 1668 2313">
     <span class='ocr_line' id='line_1_20' title="bbox 83 1236 1541 1292; baseline -0.001 -15"><span class='ocrx_word' id='word_1_164' title='bbox 83 1283 88 1289; x_wconf 38' lang='lat'><em>¹</em></span> <span class='ocrx_word' id='word_1_165' title='bbox 107 1237 298 1279; x_wconf 84' lang='lat' dir='ltr'><strong>infixerit.</strong></span> <span class='ocrx_word' id='word_1_166' title='bbox 321 1239 373 1279; x_wconf 89' lang='lat' dir='ltr'><strong>de</strong></span> <span class='ocrx_word' id='word_1_167' title='bbox 391 1240 440 1279; x_wconf 87' lang='lat' dir='ltr'><strong>L.</strong></span> <span class='ocrx_word' id='word_1_168' title='bbox 459 1240 592 1280; x_wconf 87' lang='lat' dir='ltr'><strong>Bruto</strong></span> <span class='ocrx_word' id='word_1_169' title='bbox 615 1239 789 1279; x_wconf 84' lang='lat' dir='ltr'><strong>fortasse</strong></span> <span class='ocrx_word' id='word_1_170' title='bbox 810 1237 1052 1287; x_wconf 84' lang='lat' dir='ltr'><strong>dubitarim,</strong></span> <span class='ocrx_word' id='word_1_171' title='bbox 1071 1252 1121 1277; x_wconf 87' lang='lat' dir='ltr'><strong>an</strong></span> <span class='ocrx_word' id='word_1_172' title='bbox 1142 1245 1314 1292; x_wconf 85' lang='lat' dir='ltr'><strong>propter</strong></span> <span class='ocrx_word' id='word_1_173' title='bbox 1332 1236 1541 1277; x_wconf 85' lang='lat' dir='ltr'><strong>infinitum</strong></span> 
     </span>
     <span class='ocr_line' id='line_1_21' title="bbox 108 1292 1541 1351; baseline -0.001 -17"><span class='ocrx_word' id='word_1_174' title='bbox 108 1294 254 1335; x_wconf 90' lang='lat' dir='ltr'><strong>odium</strong></span> <span class='ocrx_word' id='word_1_175' title='bbox 281 1295 445 1351; x_wconf 82' lang='lat' dir='ltr'><strong>tyranni</strong></span> <span class='ocrx_word' id='word_1_176' title='bbox 474 1295 711 1336; x_wconf 88' lang='lat' dir='ltr'><strong>effrenatius</strong></span> <span class='ocrx_word' id='word_1_177' title='bbox 740 1295 781 1335; x_wconf 90' lang='lat' dir='ltr'><strong>in</strong></span> <span class='ocrx_word' id='word_1_178' title='bbox 809 1294 1018 1335; x_wconf 85' lang='lat' dir='ltr'><strong>Aruntem</strong></span> <span class='ocrx_word' id='word_1_179' title='bbox 1051 1293 1257 1334; x_wconf 75' lang='lat' dir='ltr'><strong>invaserit.</strong></span> <span class='ocrx_word' id='word_1_180' title='bbox 1288 1292 1408 1333; x_wconf 83' lang='lat' dir='ltr'><strong>video</strong></span> <span class='ocrx_word' id='word_1_181' title='bbox 1429 1293 1541 1333; x_wconf 88' lang='lat' dir='ltr'><strong>enim</strong></span> 
     </span>
     <span class='ocr_line' id='line_1_22' title="bbox 107 1349 1541 1407; baseline 0 -17"><span class='ocrx_word' id='word_1_182' title='bbox 107 1359 336 1407; x_wconf 88' lang='lat' dir='ltr'><strong>utrumque</strong></span> <span class='ocrx_word' id='word_1_183' title='bbox 358 1352 550 1392; x_wconf 88' lang='lat' dir='ltr'><strong>cominus</strong></span> <span class='ocrx_word' id='word_1_184' title='bbox 571 1352 657 1392; x_wconf 89' lang='lat' dir='ltr'><strong>ictu</strong></span> <span class='ocrx_word' id='word_1_185' title='bbox 679 1351 879 1392; x_wconf 86' lang='lat' dir='ltr'><strong>cecidisse</strong></span> <span class='ocrx_word' id='word_1_186' title='bbox 900 1350 1125 1391; x_wconf 88' lang='lat' dir='ltr'><strong>contrario.</strong></span> <span class='ocrx_word' id='word_1_187' title='bbox 1173 1349 1290 1405; x_wconf 67' lang='lat' dir='ltr'><strong>Quid</strong></span> <span class='ocrx_word' id='word_1_188' title='bbox 1310 1349 1441 1405; x_wconf 85' lang='lat' dir='ltr'><strong>igitur</strong></span> <span class='ocrx_word' id='word_1_189' title='bbox 1458 1349 1541 1390; x_wconf 92' lang='lat' dir='ltr'><strong>huc</strong></span> 
     </span>
     <span class='ocr_line' id='line_1_23' title="bbox 108 1403 1542 1461; baseline 0 -14"><span class='ocrx_word' id='word_1_190' title='bbox 108 1407 317 1448; x_wconf 88' lang='lat' dir='ltr'><strong>adhibetis</strong></span> <span class='ocrx_word' id='word_1_191' title='bbox 336 1409 470 1449; x_wconf 82' lang='lat' dir='ltr'><strong>iram?</strong></span> <span class='ocrx_word' id='word_1_192' title='bbox 504 1423 555 1449; x_wconf 87' lang='lat' dir='ltr'><strong>an</strong></span> <span class='ocrx_word' id='word_1_193' title='bbox 585 1407 804 1457; x_wconf 83' lang='lat' dir='ltr'><strong>fortitudo,</strong></span> <span class='ocrx_word' id='word_1_194' title='bbox 827 1407 905 1447; x_wconf 89' lang='lat' dir='ltr'><strong>nisi</strong></span> <span class='ocrx_word' id='word_1_195' title='bbox 936 1407 1114 1447; x_wconf 85' lang='lat' dir='ltr'><strong>insanire</strong></span> <span class='ocrx_word' id='word_1_196' title='bbox 1148 1406 1338 1460; x_wconf 81' lang='lat' dir='ltr'><strong>coeperit,</strong></span> <span class='ocrx_word' id='word_1_197' title='bbox 1357 1403 1542 1461; x_wconf 84' lang='lat' dir='ltr'><strong>impetus</strong></span> 
     </span>
     <span class='ocr_line' id='line_1_24' title="bbox 109 1462 1540 1520; baseline -0.001 -16"><span class='ocrx_word' id='word_1_198' title='bbox 109 1478 207 1504; x_wconf 86' lang='lat' dir='ltr'><strong>suos</strong></span> <span class='ocrx_word' id='word_1_199' title='bbox 228 1479 309 1504; x_wconf 88' lang='lat' dir='ltr'><strong>non</strong></span> <span class='ocrx_word' id='word_1_200' title='bbox 332 1464 488 1505; x_wconf 87' lang='lat' dir='ltr'><strong>habet?</strong></span> <span class='ocrx_word' id='word_1_201' title='bbox 522 1465 651 1520; x_wconf 84' lang='lat' dir='ltr'><strong>quid?</strong></span> <span class='ocrx_word' id='word_1_202' title='bbox 686 1463 931 1513; x_wconf 83' lang='lat' dir='ltr'><strong>Herculem,</strong></span> <span class='ocrx_word' id='word_1_203' title='bbox 953 1463 1143 1519; x_wconf 80' lang='lat' dir='ltr'><strong>quemin</strong></span> <span class='ocrx_word' id='word_1_204' title='bbox 1164 1462 1316 1503; x_wconf 83' lang='lat' dir='ltr'><strong>caelum</strong></span> <span class='ocrx_word' id='word_1_205' title='bbox 1338 1463 1416 1503; x_wconf 87' lang='lat' dir='ltr'><strong>ista</strong></span> <span class='ocrx_word' id='word_1_206' title='bbox 1437 1463 1540 1517; x_wconf 83' lang='lat' dir='ltr'><strong>ipsa,</strong></span> 
     </span>
     <span class='ocr_line' id='line_1_25' title="bbox 107 1519 1541 1575; baseline -0.001 -14"><span class='ocrx_word' id='word_1_207' title='bbox 107 1534 234 1575; x_wconf 87' lang='lat' dir='ltr'><strong>quam</strong></span> <span class='ocrx_word' id='word_1_208' title='bbox 256 1536 325 1561; x_wconf 79' lang='lat' dir='ltr'><strong>vos</strong></span> <span class='ocrx_word' id='word_1_209' title='bbox 347 1520 605 1561; x_wconf 85' lang='lat' dir='ltr'><strong>iracundiam</strong></span> <span class='ocrx_word' id='word_1_210' title='bbox 628 1535 719 1561; x_wconf 85' lang='lat' dir='ltr'><strong>esse</strong></span> <span class='ocrx_word' id='word_1_211' title='bbox 740 1520 879 1569; x_wconf 81' lang='lat' dir='ltr'><strong>vultis,</strong></span> <span class='ocrx_word' id='word_1_212' title='bbox 901 1520 1070 1560; x_wconf 85' lang='lat' dir='ltr'><strong>sustulit</strong></span> <span class='ocrx_word' id='word_1_213' title='bbox 1091 1519 1312 1569; x_wconf 86' lang='lat' dir='ltr'><strong>fortitudo,</strong></span> <span class='ocrx_word' id='word_1_214' title='bbox 1334 1520 1541 1560; x_wconf 87' lang='lat' dir='ltr'><strong>iratumne</strong></span> 
     </span>
     <span class='ocr_line' id='line_1_26' title="bbox 105 1575 1536 1633; baseline -0.001 -16"><span class='ocrx_word' id='word_1_215' title='bbox 105 1586 250 1617; x_wconf 84' lang='lat' dir='ltr'><strong>censes</strong></span> <span class='ocrx_word' id='word_1_216' title='bbox 271 1576 506 1618; x_wconf 88' lang='lat' dir='ltr'><strong>conflixisse</strong></span> <span class='ocrx_word' id='word_1_217' title='bbox 527 1593 624 1618; x_wconf 87' lang='lat' dir='ltr'><strong>cum</strong></span> <span class='ocrx_word' id='word_1_218' title='bbox 647 1576 927 1633; x_wconf 85' lang='lat' dir='ltr'><strong>Erymanthio</strong></span> <span class='ocrx_word' id='word_1_219' title='bbox 949 1590 1065 1631; x_wconf 90' lang='lat' dir='ltr'><strong>apro,</strong></span> <span class='ocrx_word' id='word_1_220' title='bbox 1081 1586 1153 1616; x_wconf 87' lang='lat' dir='ltr'><strong>aut</strong></span> <span class='ocrx_word' id='word_1_221' title='bbox 1169 1575 1290 1616; x_wconf 88' lang='lat' dir='ltr'><strong>leone</strong></span> <span class='ocrx_word' id='word_1_222' title='bbox 1308 1577 1536 1616; x_wconf 66' lang='lat' dir='ltr'><strong>Nemeaeo?</strong></span> 
     </span>
     <span class='ocr_line' id='line_1_27' title="bbox 105 1631 1542 1687; baseline -0.001 -14"><span class='ocrx_word' id='word_1_223' title='bbox 105 1647 158 1673; x_wconf 84' lang='lat' dir='ltr'><strong>an</strong></span> <span class='ocrx_word' id='word_1_224' title='bbox 178 1633 304 1674; x_wconf 87' lang='lat' dir='ltr'><strong>etiam</strong></span> <span class='ocrx_word' id='word_1_225' title='bbox 326 1634 514 1675; x_wconf 89' lang='lat' dir='ltr'><strong>Theseus</strong></span> <span class='ocrx_word' id='word_1_226' title='bbox 531 1633 794 1675; x_wconf 85' lang='lat' dir='ltr'><strong>Marathonii</strong></span> <span class='ocrx_word' id='word_1_227' title='bbox 814 1633 922 1673; x_wconf 88' lang='lat' dir='ltr'><strong>tauri</strong></span> <span class='ocrx_word' id='word_1_228' title='bbox 941 1647 1100 1673; x_wconf 87' lang='lat' dir='ltr'><strong>cornua</strong></span> <span class='ocrx_word' id='word_1_229' title='bbox 1117 1631 1441 1687; x_wconf 84' lang='lat' dir='ltr'><strong>comprehendit</strong></span> <span class='ocrx_word' id='word_1_230' title='bbox 1462 1633 1542 1672; x_wconf 86' lang='lat' dir='ltr'><strong>ira-</strong></span> 
     </span>
     <span class='ocr_line' id='line_1_28' title="bbox 103 1688 1542 1744; baseline -0.001 -14"><span class='ocrx_word' id='word_1_231' title='bbox 103 1691 202 1731; x_wconf 90' lang='lat' dir='ltr'><strong>tus?</strong></span> <span class='ocrx_word' id='word_1_232' title='bbox 235 1690 342 1741; x_wconf 86' lang='lat' dir='ltr'><strong>vide,</strong></span> <span class='ocrx_word' id='word_1_233' title='bbox 363 1706 414 1731; x_wconf 90' lang='lat' dir='ltr'><strong>ne</strong></span> <span class='ocrx_word' id='word_1_234' title='bbox 446 1690 652 1732; x_wconf 88' lang='lat' dir='ltr'><strong>fortitudo</strong></span> <span class='ocrx_word' id='word_1_235' title='bbox 681 1690 855 1731; x_wconf 89' lang='lat' dir='ltr'><strong>minime</strong></span> <span class='ocrx_word' id='word_1_236' title='bbox 886 1689 938 1730; x_wconf 89' lang='lat' dir='ltr'><strong>sit</strong></span> <span class='ocrx_word' id='word_1_237' title='bbox 968 1689 1147 1739; x_wconf 86' lang='lat' dir='ltr'><strong>rabiosa,</strong></span> <span class='ocrx_word' id='word_1_238' title='bbox 1167 1688 1306 1744; x_wconf 86' lang='lat' dir='ltr'><strong>sitque</strong></span> <span class='ocrx_word' id='word_1_239' title='bbox 1327 1688 1542 1729; x_wconf 87' lang='lat' dir='ltr'><strong>iracundia</strong></span> 
     </span>
     <span class='ocr_line' id='line_1_29' title="bbox 104 1745 1540 1803; baseline -0.001 -17"><span class='ocrx_word' id='word_1_240' title='bbox 104 1754 196 1787; x_wconf 86' lang='lat' dir='ltr'><strong>tota</strong></span> <span class='ocrx_word' id='word_1_241' title='bbox 221 1746 413 1789; x_wconf 78' lang='lat' dir='ltr'><strong>levitatis.</strong></span> <span class='ocrx_word' id='word_1_242' title='bbox 446 1755 460 1784; x_wconf 87' lang='grc'><strong><em>7</em></strong></span> <span class='ocrx_word' id='word_1_243' title='bbox 469 1756 483 1779; x_wconf 72' lang='lat'>8</span> <span class='ocrx_word' id='word_1_244' title='bbox 502 1762 636 1803; x_wconf 90' lang='lat' dir='ltr'><strong>neque</strong></span> <span class='ocrx_word' id='word_1_245' title='bbox 665 1747 776 1787; x_wconf 87' lang='lat' dir='ltr'><strong>enim</strong></span> <span class='ocrx_word' id='word_1_246' title='bbox 809 1754 872 1786; x_wconf 87' lang='lat' dir='ltr'><strong>est</strong></span> <span class='ocrx_word' id='word_1_247' title='bbox 899 1746 970 1786; x_wconf 82' lang='lat' dir='ltr'><strong>illa</strong></span> <span class='ocrx_word' id='word_1_248' title='bbox 999 1745 1219 1795; x_wconf 81' lang='lat' dir='ltr'><strong>fortitudo,</strong></span> <span class='ocrx_word' id='word_1_249' title='bbox 1247 1760 1341 1801; x_wconf 84' lang='lat' dir='ltr'><strong>quae</strong></span> <span class='ocrx_word' id='word_1_250' title='bbox 1368 1745 1540 1785; x_wconf 87' lang='lat' dir='ltr'><strong>rationis</strong></span> 
     </span>
     <span class='ocr_line' id='line_1_30' title="bbox 103 1801 1622 1858; baseline -0.001 -16"><span class='ocrx_word' id='word_1_251' title='bbox 103 1810 168 1843; x_wconf 91' lang='lat' dir='ltr'><strong>est</strong></span> <span class='ocrx_word' id='word_1_252' title='bbox 201 1817 360 1858; x_wconf 78' lang='lat' dir='ltr'><strong>expers·</strong></span> <span class='ocrx_word' id='word_1_253' title='bbox 422 1803 756 1845; x_wconf 84' lang='lat' dir='ltr'><strong>Contemnendae</strong></span> <span class='ocrx_word' id='word_1_254' title='bbox 791 1817 854 1844; x_wconf 89' lang='lat' dir='ltr'><strong>res</strong></span> <span class='ocrx_word' id='word_1_255' title='bbox 890 1812 988 1843; x_wconf 89' lang='lat' dir='ltr'><strong>sunt</strong></span> <span class='ocrx_word' id='word_1_256' title='bbox 1018 1802 1242 1842; x_wconf 84' lang='lat' dir='ltr'><strong>humanae:</strong></span> <span class='ocrx_word' id='word_1_257' title='bbox 1284 1801 1541 1857; x_wconf 87' lang='lat' dir='ltr'><strong>negligenda</strong></span> <span class='ocrx_word' id='word_1_258' title='bbox 1554 1805 1622 1852; x_wconf 69' lang='lat'><strong>23</strong></span> 
     </span>
     <span class='ocr_line' id='line_1_31' title="bbox 105 1859 1600 1915; baseline -0.001 -15"><span class='ocrx_word' id='word_1_259' title='bbox 105 1874 219 1900; x_wconf 89' lang='lat' dir='ltr'><strong>mors</strong></span> <span class='ocrx_word' id='word_1_260' title='bbox 258 1870 353 1901; x_wconf 87' lang='lat' dir='ltr'><strong>est:</strong></span> <span class='ocrx_word' id='word_1_261' title='bbox 397 1861 590 1915; x_wconf 86' lang='lat' dir='ltr'><strong>patibiles</strong></span> <span class='ocrx_word' id='word_1_262' title='bbox 625 1869 668 1900; x_wconf 88' lang='lat' dir='ltr'><strong>et</strong></span> <span class='ocrx_word' id='word_1_263' title='bbox 701 1860 883 1909; x_wconf 82' lang='lat' dir='ltr'><strong>dolores,</strong></span> <span class='ocrx_word' id='word_1_264' title='bbox 918 1868 960 1900; x_wconf 89' lang='lat' dir='ltr'><strong>et</strong></span> <span class='ocrx_word' id='word_1_265' title='bbox 985 1859 1150 1900; x_wconf 86' lang='lat' dir='ltr'><strong>labores</strong></span> <span class='ocrx_word' id='word_1_266' title='bbox 1179 1859 1370 1913; x_wconf 86' lang='lat' dir='ltr'><strong>putandi.</strong></span> <span class='ocrx_word' id='word_1_267' title='bbox 1432 1859 1600 1910; x_wconf 80' lang='lat' dir='ltr'><strong>Haec51</strong></span> 
     </span>
     <span class='ocr_line' id='line_1_32' title="bbox 105 1916 1668 1972; baseline 0.001 -15"><span class='ocrx_word' id='word_1_268' title='bbox 105 1923 145 1951; x_wconf 80' lang='lat'><strong>79</strong></span> <span class='ocrx_word' id='word_1_269' title='bbox 162 1931 257 1957; x_wconf 88' lang='lat' dir='ltr'><strong>cum</strong></span> <span class='ocrx_word' id='word_1_270' title='bbox 290 1917 521 1958; x_wconf 85' lang='lat' dir='ltr'><strong>constituta</strong></span> <span class='ocrx_word' id='word_1_271' title='bbox 550 1926 647 1958; x_wconf 88' lang='lat' dir='ltr'><strong>sunt</strong></span> <span class='ocrx_word' id='word_1_272' title='bbox 669 1917 834 1972; x_wconf 89' lang='lat' dir='ltr'><strong>judicio</strong></span> <span class='ocrx_word' id='word_1_273' title='bbox 865 1926 992 1972; x_wconf 87' lang='lat' dir='ltr'><strong>atque</strong></span> <span class='ocrx_word' id='word_1_274' title='bbox 1021 1916 1242 1965; x_wconf 81' lang='lat' dir='ltr'><strong>sententia,</strong></span> <span class='ocrx_word' id='word_1_275' title='bbox 1263 1924 1354 1956; x_wconf 88' lang='lat' dir='ltr'><strong>tum</strong></span> <span class='ocrx_word' id='word_1_276' title='bbox 1383 1924 1445 1955; x_wconf 90' lang='lat' dir='ltr'><strong>est</strong></span> <span class='ocrx_word' id='word_1_277' title='bbox 1469 1929 1538 1955; x_wconf 93' lang='lat' dir='ltr'><strong>ro-</strong></span> <span class='ocrx_word' id='word_1_278' title='bbox 1552 1935 1668 1965; x_wconf 78' lang='lat' dir='ltr'><strong>p.22o.</strong></span> 
     </span>
     <span class='ocr_line' id='line_1_33' title="bbox 105 1972 1580 2027; baseline -0.001 -15"><span class='ocrx_word' id='word_1_279' title='bbox 105 1972 229 2013; x_wconf 88' lang='lat' dir='ltr'><strong>busta</strong></span> <span class='ocrx_word' id='word_1_280' title='bbox 255 1973 339 2022; x_wconf 89' lang='lat' dir='ltr'><strong>illa,</strong></span> <span class='ocrx_word' id='word_1_281' title='bbox 362 1984 405 2014; x_wconf 90' lang='lat' dir='ltr'><strong>et</strong></span> <span class='ocrx_word' id='word_1_282' title='bbox 433 1974 592 2014; x_wconf 88' lang='lat' dir='ltr'><strong>stabilis</strong></span> <span class='ocrx_word' id='word_1_283' title='bbox 620 1973 853 2014; x_wconf 88' lang='lat' dir='ltr'><strong>fortitudo:</strong></span> <span class='ocrx_word' id='word_1_284' title='bbox 884 1973 961 2014; x_wconf 89' lang='lat' dir='ltr'><strong>nisi</strong></span> <span class='ocrx_word' id='word_1_285' title='bbox 994 1973 1102 2013; x_wconf 89' lang='lat' dir='ltr'><strong>forte</strong></span> <span class='ocrx_word' id='word_1_286' title='bbox 1135 1987 1229 2027; x_wconf 79' lang='lat' dir='ltr'><strong>quae</strong></span> <span class='ocrx_word' id='word_1_287' title='bbox 1255 1972 1538 2023; x_wconf 82' lang='lat' dir='ltr'><strong>vehementer,</strong></span> <span class='ocrx_word' id='word_1_288' title='bbox 1551 1979 1580 2000; x_wconf 72' lang='lat' dir='ltr'><strong>a·</strong></span> 
     </span>
     <span class='ocr_line' id='line_1_34' title="bbox 104 2028 1538 2085; baseline -0.001 -16"><span class='ocrx_word' id='word_1_289' title='bbox 104 2029 266 2081; x_wconf 85' lang='lat' dir='ltr'><strong>acriter,</strong></span> <span class='ocrx_word' id='word_1_290' title='bbox 288 2030 476 2071; x_wconf 85' lang='lat' dir='ltr'><strong>animose</strong></span> <span class='ocrx_word' id='word_1_291' title='bbox 505 2031 622 2081; x_wconf 88' lang='lat' dir='ltr'><strong>fiunt,</strong></span> <span class='ocrx_word' id='word_1_292' title='bbox 645 2029 842 2071; x_wconf 90' lang='lat' dir='ltr'><strong>iracunde</strong></span> <span class='ocrx_word' id='word_1_293' title='bbox 876 2029 962 2070; x_wconf 88' lang='lat' dir='ltr'><strong>fieri</strong></span> <span class='ocrx_word' id='word_1_294' title='bbox 993 2029 1268 2085; x_wconf 89' lang='lat' dir='ltr'><strong>suspicamur.</strong></span> <span class='ocrx_word' id='word_1_295' title='bbox 1329 2028 1442 2069; x_wconf 88' lang='lat' dir='ltr'><strong>Mihi</strong></span> <span class='ocrx_word' id='word_1_296' title='bbox 1472 2043 1538 2078; x_wconf 85' lang='lat' dir='ltr'><strong>ne,</strong></span> 
     </span>
     <span class='ocr_line' id='line_1_35' title="bbox 104 2085 1538 2142; baseline -0.001 -16"><span class='ocrx_word' id='word_1_297' title='bbox 104 2085 247 2141; x_wconf 89' lang='lat' dir='ltr'><strong>Scipio</strong></span> <span class='ocrx_word' id='word_1_298' title='bbox 279 2086 450 2142; x_wconf 87' lang='lat' dir='ltr'><strong>quidem</strong></span> <span class='ocrx_word' id='word_1_299' title='bbox 483 2087 568 2137; x_wconf 90' lang='lat' dir='ltr'><strong>ille,</strong></span> <span class='ocrx_word' id='word_1_300' title='bbox 598 2087 788 2142; x_wconf 85' lang='lat' dir='ltr'><strong>pontifex</strong></span> <span class='ocrx_word' id='word_1_301' title='bbox 817 2086 1041 2136; x_wconf 86' lang='lat' dir='ltr'><strong>maximus,</strong></span> <span class='ocrx_word' id='word_1_302' title='bbox 1073 2086 1146 2141; x_wconf 90' lang='lat' dir='ltr'><strong>qui</strong></span> <span class='ocrx_word' id='word_1_303' title='bbox 1177 2086 1259 2126; x_wconf 88' lang='lat' dir='ltr'><strong>hoc</strong></span> <span class='ocrx_word' id='word_1_304' title='bbox 1295 2085 1538 2126; x_wconf 87' lang='lat' dir='ltr'><strong>Stoicorum</strong></span> 
     </span>
     <span class='ocr_line' id='line_1_36' title="bbox 103 2142 1538 2198; baseline -0.001 -16"><span class='ocrx_word' id='word_1_305' title='bbox 103 2155 246 2183; x_wconf 88' lang='lat' dir='ltr'><strong>verum</strong></span> <span class='ocrx_word' id='word_1_306' title='bbox 267 2157 357 2184; x_wconf 86' lang='lat' dir='ltr'><strong>esse</strong></span> <span class='ocrx_word' id='word_1_307' title='bbox 379 2143 615 2194; x_wconf 85' lang='lat' dir='ltr'><strong>declaravit,</strong></span> <span class='ocrx_word' id='word_1_308' title='bbox 640 2152 678 2175; x_wconf 80' lang='lat'><strong>80</strong></span> <span class='ocrx_word' id='word_1_309' title='bbox 696 2158 928 2198; x_wconf 86' lang='lat' dir='ltr'><strong>numquam</strong></span> <span class='ocrx_word' id='word_1_310' title='bbox 950 2143 1158 2198; x_wconf 87' lang='lat' dir='ltr'><strong>privatum</strong></span> <span class='ocrx_word' id='word_1_311' title='bbox 1179 2156 1270 2182; x_wconf 91' lang='lat' dir='ltr'><strong>esse</strong></span> <span class='ocrx_word' id='word_1_312' title='bbox 1293 2142 1538 2196; x_wconf 89' lang='lat' dir='ltr'><strong>sapientem,</strong></span> 
     </span>
     <span class='ocr_line' id='line_1_37' title="bbox 102 2197 1538 2249; baseline -0.001 -10"><span class='ocrx_word' id='word_1_313' title='bbox 102 2198 231 2240; x_wconf 87' lang='lat' dir='ltr'><strong>iratus</strong></span> <span class='ocrx_word' id='word_1_314' title='bbox 250 2199 411 2241; x_wconf 85' lang='lat' dir='ltr'><strong>videtur</strong></span> <span class='ocrx_word' id='word_1_315' title='bbox 432 2200 560 2241; x_wconf 83' lang='lat' dir='ltr'><strong>fuisse</strong></span> <span class='ocrx_word' id='word_1_316' title='bbox 579 2200 643 2241; x_wconf 87' lang='lat' dir='ltr'><strong>Ti.</strong></span> <span class='ocrx_word' id='word_1_317' title='bbox 668 2200 878 2249; x_wconf 87' lang='lat' dir='ltr'><strong>Graccho,</strong></span> <span class='ocrx_word' id='word_1_318' title='bbox 903 2209 1008 2249; x_wconf 88' lang='lat' dir='ltr'><strong>tum,</strong></span> <span class='ocrx_word' id='word_1_319' title='bbox 1030 2214 1129 2239; x_wconf 90' lang='lat' dir='ltr'><strong>cum</strong></span> <span class='ocrx_word' id='word_1_320' title='bbox 1152 2207 1187 2229; x_wconf 82' lang='lat'><strong>81</strong></span> <span class='ocrx_word' id='word_1_321' title='bbox 1209 2198 1427 2238; x_wconf 88' lang='lat' dir='ltr'><strong>consulem</strong></span> <span class='ocrx_word' id='word_1_322' title='bbox 1448 2197 1538 2237; x_wconf 87' lang='lat' dir='ltr'><strong>lan-</strong></span> 
     </span>
     <span class='ocr_line' id='line_1_38' title="bbox 101 2253 1540 2313; baseline -0.003 -16"><span class='ocrx_word' id='word_1_323' title='bbox 101 2265 300 2310; x_wconf 88' lang='lat' dir='ltr'><strong>guentem</strong></span> <span class='ocrx_word' id='word_1_324' title='bbox 324 2257 508 2313; x_wconf 89' lang='lat' dir='ltr'><strong>reliquit,</strong></span> <span class='ocrx_word' id='word_1_325' title='bbox 530 2265 656 2313; x_wconf 87' lang='lat' dir='ltr'><strong>atque</strong></span> <span class='ocrx_word' id='word_1_326' title='bbox 676 2257 765 2312; x_wconf 89' lang='lat' dir='ltr'><strong>ipse</strong></span> <span class='ocrx_word' id='word_1_327' title='bbox 786 2257 983 2312; x_wconf 78' lang='lat' dir='ltr'><strong>privatus,</strong></span> <span class='ocrx_word' id='word_1_328' title='bbox 1007 2265 1055 2296; x_wconf 91' lang='lat' dir='ltr'><strong>ut</strong></span> <span class='ocrx_word' id='word_1_329' title='bbox 1081 2255 1116 2296; x_wconf 89' lang='lat' dir='ltr'><strong>si</strong></span> <span class='ocrx_word' id='word_1_330' title='bbox 1142 2254 1292 2296; x_wconf 87' lang='lat' dir='ltr'><strong>consul</strong></span> <span class='ocrx_word' id='word_1_331' title='bbox 1320 2263 1444 2305; x_wconf 84' lang='lat' dir='ltr'><strong>esset,</strong></span> <span class='ocrx_word' id='word_1_332' title='bbox 1467 2253 1540 2310; x_wconf 90' lang='lat' dir='ltr'><strong>qui</strong></span> 
     </span>
    </p>
   </div>
   <div class='ocr_carea' id='block_1_5' title="bbox 147 2387 1300 2433">
    <p class='ocr_par' dir='ltr' id='par_1_6' title="bbox 147 2387 1300 2433">
     <span class='ocr_line' id='line_1_39' title="bbox 147 2387 1300 2433; baseline -0.003 -10"><span class='ocrx_word' id='word_1_333' title='bbox 147 2397 187 2427; x_wconf 81' lang='lat'><strong>74</strong></span> <span class='ocrx_word' id='word_1_334' title='bbox 209 2393 303 2433; x_wconf 87' lang='lat' dir='ltr'><strong>Usque</strong></span> <span class='ocrx_word' id='word_1_335' title='bbox 318 2392 386 2421; x_wconf 68' lang='lat' dir='ltr'><strong>adeo</strong></span> <span class='ocrx_word' id='word_1_336' title='bbox 401 2391 493 2420; x_wconf 80' lang='lat' dir='ltr'><strong>studio</strong></span> <span class='ocrx_word' id='word_1_337' title='bbox 509 2398 597 2432; x_wconf 77' lang='lat' dir='ltr'><strong>atque</strong></span> <span class='ocrx_word' id='word_1_338' title='bbox 611 2387 688 2429; x_wconf 81' lang='lat' dir='ltr'><strong>odio]</strong></span> <span class='ocrx_word' id='word_1_339' title='bbox 706 2389 798 2419; x_wconf 81' lang='lat' dir='ltr'><strong>studio</strong></span> <span class='ocrx_word' id='word_1_340' title='bbox 841 2400 916 2419; x_wconf 84' lang='lat' dir='ltr'><strong>men</strong></span> <span class='ocrx_word' id='word_1_341' title='bbox 934 2391 978 2420; x_wconf 85' lang='lat' dir='ltr'><strong>sic</strong></span> <span class='ocrx_word' id='word_1_342' title='bbox 994 2391 1152 2429; x_wconf 85' lang='lat' dir='ltr'><strong>accepisse</strong></span> <span class='ocrx_word' id='word_1_343' title='bbox 1168 2390 1300 2420; x_wconf 84' lang='lat' dir='ltr'><strong>videtur.</strong></span> 
     </span>
    </p>
   </div>
   <div class='ocr_carea' id='block_1_6' title="bbox 101 2432 1539 2689">
    <p class='ocr_par' dir='ltr' id='par_1_7' title="bbox 101 2432 1539 2689">
     <span class='ocr_line' id='line_1_40' title="bbox 102 2432 1539 2472; baseline -0.001 -7"><span class='ocrx_word' id='word_1_344' title='bbox 102 2435 155 2465; x_wconf 85' lang='lat' dir='ltr'><strong>hic</strong></span> <span class='ocrx_word' id='word_1_345' title='bbox 173 2445 236 2466; x_wconf 90' lang='lat' dir='ltr'><strong>non</strong></span> <span class='ocrx_word' id='word_1_346' title='bbox 253 2436 463 2465; x_wconf 87' lang='lat' dir='ltr'><strong>commodum</strong></span> <span class='ocrx_word' id='word_1_347' title='bbox 478 2435 611 2464; x_wconf 70' lang='lat' dir='ltr'><strong>videtur.</strong></span> <span class='ocrx_word' id='word_1_348' title='bbox 649 2433 797 2463; x_wconf 83' lang='lat' dir='ltr'><strong>Davisius</strong></span> <span class='ocrx_word' id='word_1_349' title='bbox 886 2440 923 2467; x_wconf 81' lang='lat'><strong>78</strong></span> <span class='ocrx_word' id='word_1_350' title='bbox 949 2446 976 2462; x_wconf 82' lang='lat' dir='ltr'><strong>n.</strong></span> <span class='ocrx_word' id='word_1_351' title='bbox 993 2445 1017 2463; x_wconf 86' lang='lat' dir='ltr'><strong>e.</strong></span> <span class='ocrx_word' id='word_1_352' title='bbox 1034 2440 1074 2462; x_wconf 76' lang='lat' dir='ltr'><strong>est</strong></span> <span class='ocrx_word' id='word_1_353' title='bbox 1090 2432 1151 2462; x_wconf 84' lang='lat' dir='ltr'><strong>ulla</strong></span> <span class='ocrx_word' id='word_1_354' title='bbox 1163 2432 1326 2472; x_wconf 79' lang='lat' dir='ltr'><strong>fortitudo]</strong></span> <span class='ocrx_word' id='word_1_355' title='bbox 1355 2433 1451 2462; x_wconf 85' lang='lat' dir='ltr'><strong>Recte</strong></span> <span class='ocrx_word' id='word_1_356' title='bbox 1475 2433 1539 2463; x_wconf 79' lang='lat' dir='ltr'><strong>Da-</strong></span> 
     </span>
     <span class='ocr_line' id='line_1_41' title="bbox 101 2475 1523 2517; baseline -0.002 -9"><span class='ocrx_word' id='word_1_357' title='bbox 101 2478 208 2508; x_wconf 73' lang='lat' dir='ltr'><strong>studeo.</strong></span> <span class='ocrx_word' id='word_1_358' title='bbox 225 2488 290 2508; x_wconf 90' lang='lat' dir='ltr'><strong>non</strong></span> <span class='ocrx_word' id='word_1_359' title='bbox 305 2478 417 2517; x_wconf 86' lang='lat' dir='ltr'><strong>placet.</strong></span> <span class='ocrx_word' id='word_1_360' title='bbox 840 2477 937 2506; x_wconf 88' lang='lat' dir='ltr'><strong>visius</strong></span> <span class='ocrx_word' id='word_1_361' title='bbox 954 2476 1021 2512; x_wconf 83' lang='lat' dir='ltr'><strong>illa,</strong></span> <span class='ocrx_word' id='word_1_362' title='bbox 1037 2484 1073 2506; x_wconf 84' lang='lat' dir='ltr'><strong>ut</strong></span> <span class='ocrx_word' id='word_1_363' title='bbox 1089 2484 1134 2506; x_wconf 86' lang='lat' dir='ltr'><strong>est</strong></span> <span class='ocrx_word' id='word_1_364' title='bbox 1150 2477 1180 2505; x_wconf 87' lang='lat' dir='ltr'><strong>in</strong></span> <span class='ocrx_word' id='word_1_365' title='bbox 1199 2476 1268 2506; x_wconf 89' lang='lat' dir='ltr'><strong>edd.</strong></span> <span class='ocrx_word' id='word_1_366' title='bbox 1284 2482 1357 2505; x_wconf 82' lang='lat' dir='ltr'><strong>vett.</strong></span> <span class='ocrx_word' id='word_1_367' title='bbox 1376 2475 1446 2505; x_wconf 88' lang='lat' dir='ltr'><strong>Aldi</strong></span> <span class='ocrx_word' id='word_1_368' title='bbox 1465 2477 1523 2505; x_wconf 57' lang='lat' dir='ltr'><strong>&amp;a</strong></span> 
     </span>
     <span class='ocr_line' id='line_1_42' title="bbox 148 2518 1538 2561; baseline -0.001 -11"><span class='ocrx_word' id='word_1_369' title='bbox 148 2527 185 2555; x_wconf 82' lang='grc'><strong>75</strong></span> <span class='ocrx_word' id='word_1_370' title='bbox 206 2522 247 2550; x_wconf 83' lang='lat' dir='ltr'><strong>At</strong></span> <span class='ocrx_word' id='word_1_371' title='bbox 262 2521 320 2550; x_wconf 82' lang='lat' dir='ltr'><strong>sine</strong></span> <span class='ocrx_word' id='word_1_372' title='bbox 335 2520 402 2561; x_wconf 72' lang='lat' dir='ltr'><strong>lma]</strong></span> <span class='ocrx_word' id='word_1_373' title='bbox 422 2521 473 2550; x_wconf 86' lang='lat' dir='ltr'><strong>Sic</strong></span> <span class='ocrx_word' id='word_1_374' title='bbox 490 2520 568 2550; x_wconf 81' lang='lat' dir='ltr'>MSS.</span> <span class='ocrx_word' id='word_1_375' title='bbox 586 2520 670 2549; x_wconf 80' lang='lat' dir='ltr'><strong>Leid.</strong></span> <span class='ocrx_word' id='word_1_376' title='bbox 689 2519 796 2548; x_wconf 85' lang='lat' dir='ltr'><strong>Guelf.</strong></span> <span class='ocrx_word' id='word_1_377' title='bbox 884 2525 924 2554; x_wconf 86' lang='lat'><strong>79</strong></span> <span class='ocrx_word' id='word_1_378' title='bbox 948 2531 1010 2548; x_wconf 75' lang='lat' dir='ltr'><strong>cum</strong></span> <span class='ocrx_word' id='word_1_379' title='bbox 1034 2518 1188 2548; x_wconf 81' lang='lat' dir='ltr'><strong>constituta</strong></span> <span class='ocrx_word' id='word_1_380' title='bbox 1215 2518 1292 2556; x_wconf 85' lang='lat' dir='ltr'><strong>sunt]</strong></span> <span class='ocrx_word' id='word_1_381' title='bbox 1321 2519 1372 2548; x_wconf 92' lang='lat' dir='ltr'><strong>Sic</strong></span> <span class='ocrx_word' id='word_1_382' title='bbox 1401 2518 1538 2548; x_wconf 65' lang='lat' dir='ltr'><strong>latinitas</strong></span> 
     </span>
     <span class='ocr_line' id='line_1_43' title="bbox 103 2561 1538 2603; baseline -0.001 -10"><span class='ocrx_word' id='word_1_383' title='bbox 103 2564 183 2594; x_wconf 79' lang='lat' dir='ltr'><strong>bene</strong></span> <span class='ocrx_word' id='word_1_384' title='bbox 199 2573 253 2603; x_wconf 88' lang='lat' dir='ltr'><strong>pro</strong></span> <span class='ocrx_word' id='word_1_385' title='bbox 269 2563 356 2603; x_wconf 81' lang='lat' dir='ltr'><strong>vulg.</strong></span> <span class='ocrx_word' id='word_1_386' title='bbox 372 2576 406 2593; x_wconf 85' lang='lat' dir='ltr'><strong>ac</strong></span> <span class='ocrx_word' id='word_1_387' title='bbox 840 2563 988 2601; x_wconf 77' lang='lat' dir='ltr'><strong>postulat.</strong></span> <span class='ocrx_word' id='word_1_388' title='bbox 1037 2562 1140 2603; x_wconf 83' lang='lat' dir='ltr'><strong>Vulgo</strong></span> <span class='ocrx_word' id='word_1_389' title='bbox 1167 2561 1237 2598; x_wconf 81' lang='lat' dir='ltr'><strong>sint,</strong></span> <span class='ocrx_word' id='word_1_390' title='bbox 1264 2563 1350 2601; x_wconf 83' lang='lat' dir='ltr'><strong>quod</strong></span> <span class='ocrx_word' id='word_1_391' title='bbox 1378 2568 1423 2591; x_wconf 88' lang='lat' dir='ltr'><strong>est</strong></span> <span class='ocrx_word' id='word_1_392' title='bbox 1448 2562 1538 2591; x_wconf 85' lang='lat' dir='ltr'><strong>vitio-</strong></span> 
     </span>
     <span class='ocr_line' id='line_1_44' title="bbox 149 2603 925 2646; baseline -0.001 -10"><span class='ocrx_word' id='word_1_393' title='bbox 149 2612 188 2641; x_wconf 85' lang='lat'><strong>76</strong></span> <span class='ocrx_word' id='word_1_394' title='bbox 210 2614 258 2646; x_wconf 83' lang='lat' dir='ltr'><strong>ap.</strong></span> <span class='ocrx_word' id='word_1_395' title='bbox 276 2604 443 2646; x_wconf 82' lang='lat' dir='ltr'><strong>Homerum]</strong></span> <span class='ocrx_word' id='word_1_396' title='bbox 462 2605 500 2635; x_wconf 82' lang='lat' dir='ltr'><strong>Il.</strong></span> <span class='ocrx_word' id='word_1_397' title='bbox 518 2603 552 2636; x_wconf 71' lang='grc' dir='ltr'><strong>κ’.</strong></span> <span class='ocrx_word' id='word_1_398' title='bbox 569 2613 640 2636; x_wconf 69' lang='grc'>211.</span> <span class='ocrx_word' id='word_1_399' title='bbox 656 2616 725 2644; x_wconf 83' lang='lat' dir='ltr'><strong>sqq.</strong></span> <span class='ocrx_word' id='word_1_400' title='bbox 840 2615 925 2635; x_wconf 82' lang='lat' dir='ltr'><strong>sum.</strong></span> 
     </span>
     <span class='ocr_line' id='line_1_45' title="bbox 149 2646 1533 2689; baseline -0.002 -11"><span class='ocrx_word' id='word_1_401' title='bbox 149 2655 185 2684; x_wconf 82' lang='grc'><strong>77</strong></span> <span class='ocrx_word' id='word_1_402' title='bbox 212 2657 266 2678; x_wconf 77' lang='lat' dir='ltr'><strong>toto</strong></span> <span class='ocrx_word' id='word_1_403' title='bbox 290 2655 401 2688; x_wconf 80' lang='lat' dir='ltr'><strong>pectore</strong></span> <span class='ocrx_word' id='word_1_404' title='bbox 426 2648 604 2687; x_wconf 76' lang='lat' dir='ltr'><strong>trementem]</strong></span> <span class='ocrx_word' id='word_1_405' title='bbox 635 2649 706 2678; x_wconf 86' lang='lat' dir='ltr'><strong>Hoc</strong></span> <span class='ocrx_word' id='word_1_406' title='bbox 731 2658 798 2678; x_wconf 85' lang='lat' dir='ltr'><strong>non</strong></span> <span class='ocrx_word' id='word_1_407' title='bbox 885 2655 924 2679; x_wconf 85' lang='lat'><strong>80</strong></span> <span class='ocrx_word' id='word_1_408' title='bbox 947 2659 1102 2689; x_wconf 80' lang='lat' dir='ltr'><strong>numquam</strong></span> <span class='ocrx_word' id='word_1_409' title='bbox 1117 2646 1275 2687; x_wconf 80' lang='lat' dir='ltr'><strong>privatum</strong></span> <span class='ocrx_word' id='word_1_410' title='bbox 1294 2659 1347 2677; x_wconf 73' lang='lat' dir='ltr'><strong>esse</strong></span> <span class='ocrx_word' id='word_1_411' title='bbox 1364 2646 1533 2686; x_wconf 71' lang='lat' dir='ltr'><strong>sapientem]</strong></span> 
     </span>
    </p>
   </div>
   <div class='ocr_carea' id='block_1_7' title="bbox 103 2690 1538 2858">
    <p class='ocr_par' dir='ltr' id='par_1_8' title="bbox 103 2690 1538 2773">
     <span class='ocr_line' id='line_1_46' title="bbox 103 2690 1538 2731; baseline -0.001 -11"><span class='ocrx_word' id='word_1_412' title='bbox 103 2699 151 2720; x_wconf 83' lang='lat' dir='ltr'><strong>est</strong></span> <span class='ocrx_word' id='word_1_413' title='bbox 165 2701 214 2731; x_wconf 86' lang='lat' dir='ltr'><strong>ap.</strong></span> <span class='ocrx_word' id='word_1_414' title='bbox 231 2693 424 2727; x_wconf 85' lang='lat' dir='ltr'><strong>Homerum,</strong></span> <span class='ocrx_word' id='word_1_415' title='bbox 442 2701 500 2721; x_wconf 83' lang='lat' dir='ltr'><strong>nee</strong></span> <span class='ocrx_word' id='word_1_416' title='bbox 523 2692 566 2721; x_wconf 84' lang='lat' dir='ltr'><strong>ibi</strong></span> <span class='ocrx_word' id='word_1_417' title='bbox 588 2701 725 2730; x_wconf 84' lang='lat' dir='ltr'><strong>reperere</strong></span> <span class='ocrx_word' id='word_1_418' title='bbox 745 2701 798 2720; x_wconf 84' lang='lat' dir='ltr'><strong>ve·</strong></span> <span class='ocrx_word' id='word_1_419' title='bbox 843 2692 890 2721; x_wconf 82' lang='lat' dir='ltr'><strong>Ex</strong></span> <span class='ocrx_word' id='word_1_420' title='bbox 913 2692 967 2722; x_wconf 90' lang='lat' dir='ltr'><strong>illo</strong></span> <span class='ocrx_word' id='word_1_421' title='bbox 992 2692 1148 2730; x_wconf 83' lang='lat' dir='ltr'><strong>paradoxo</strong></span> <span class='ocrx_word' id='word_1_422' title='bbox 1172 2691 1290 2727; x_wconf 82' lang='lat' dir='ltr'><strong>Stoico,</strong></span> <span class='ocrx_word' id='word_1_423' title='bbox 1307 2690 1392 2720; x_wconf 84' lang='lat' dir='ltr'><strong>solus</strong></span> <span class='ocrx_word' id='word_1_424' title='bbox 1416 2690 1538 2729; x_wconf 84' lang='lat' dir='ltr'><strong>sapiens</strong></span> 
     </span>
     <span class='ocr_line' id='line_1_47' title="bbox 106 2734 1137 2773; baseline 0 -10"><span class='ocrx_word' id='word_1_425' title='bbox 106 2740 196 2770; x_wconf 84' lang='lat' dir='ltr'><strong>teres,</strong></span> <span class='ocrx_word' id='word_1_426' title='bbox 214 2735 414 2770; x_wconf 83' lang='lat' dir='ltr'><strong>Plutarchus,</strong></span> <span class='ocrx_word' id='word_1_427' title='bbox 438 2734 612 2773; x_wconf 82' lang='lat' dir='ltr'><strong>Dionysius</strong></span> <span class='ocrx_word' id='word_1_428' title='bbox 635 2734 740 2764; x_wconf 88' lang='lat' dir='ltr'><strong>Halic.</strong></span> <span class='ocrx_word' id='word_1_429' title='bbox 763 2740 799 2764; x_wconf 93' lang='lat' dir='ltr'><strong>ut</strong></span> <span class='ocrx_word' id='word_1_430' title='bbox 842 2734 922 2769; x_wconf 86' lang='lat' dir='ltr'><strong>Rex,</strong></span> <span class='ocrx_word' id='word_1_431' title='bbox 940 2735 1060 2765; x_wconf 91' lang='lat' dir='ltr'><strong>Consul</strong></span> <span class='ocrx_word' id='word_1_432' title='bbox 1079 2736 1137 2764; x_wconf 85' lang='lat' dir='ltr'><strong>&amp;c.</strong></span> 
     </span>
    </p>

    <p class='ocr_par' dir='ltr' id='par_1_9' title="bbox 103 2775 1536 2858">
     <span class='ocr_line' id='line_1_48' title="bbox 104 2775 1536 2816; baseline -0.002 -10"><span class='ocrx_word' id='word_1_433' title='bbox 104 2777 195 2806; x_wconf 87' lang='lat' dir='ltr'><strong>docet</strong></span> <span class='ocrx_word' id='word_1_434' title='bbox 211 2777 313 2807; x_wconf 84' lang='lat' dir='ltr'><strong>Clark.</strong></span> <span class='ocrx_word' id='word_1_435' title='bbox 330 2779 369 2807; x_wconf 87' lang='lat' dir='ltr'><strong>ad</strong></span> <span class='ocrx_word' id='word_1_436' title='bbox 386 2778 484 2808; x_wconf 90' lang='lat' dir='ltr'><strong>Hom.</strong></span> <span class='ocrx_word' id='word_1_437' title='bbox 501 2777 522 2806; x_wconf 93' lang='lat' dir='ltr'><strong>l.</strong></span> <span class='ocrx_word' id='word_1_438' title='bbox 536 2787 563 2806; x_wconf 85' lang='lat' dir='ltr'><strong>c.</strong></span> <span class='ocrx_word' id='word_1_439' title='bbox 577 2787 606 2807; x_wconf 93' lang='lat' dir='ltr'><strong>v.</strong></span> <span class='ocrx_word' id='word_1_440' title='bbox 621 2783 693 2808; x_wconf 78' lang='lat'>216.</span> <span class='ocrx_word' id='word_1_441' title='bbox 719 2779 798 2807; x_wconf 86' lang='lat' dir='ltr'><strong>Tro·</strong></span> <span class='ocrx_word' id='word_1_442' title='bbox 885 2784 921 2807; x_wconf 79' lang='lat'><strong>81</strong></span> <span class='ocrx_word' id='word_1_443' title='bbox 951 2776 1089 2808; x_wconf 81' lang='lat' dir='ltr'><strong>consulem</strong></span> <span class='ocrx_word' id='word_1_444' title='bbox 1121 2775 1316 2816; x_wconf 84' lang='lat' dir='ltr'><strong>languentem]</strong></span> <span class='ocrx_word' id='word_1_445' title='bbox 1350 2775 1382 2806; x_wconf 86' lang='lat' dir='ltr'><strong>P.</strong></span> <span class='ocrx_word' id='word_1_446' title='bbox 1414 2776 1536 2804; x_wconf 81' lang='lat' dir='ltr'><strong>Scaevo—</strong></span> 
     </span>
     <span class='ocr_line' id='line_1_49' title="bbox 103 2819 918 2858; baseline -0.001 -8"><span class='ocrx_word' id='word_1_447' title='bbox 103 2819 169 2858; x_wconf 81' lang='lat' dir='ltr'><strong>jani</strong></span> <span class='ocrx_word' id='word_1_448' title='bbox 186 2821 374 2857; x_wconf 80' lang='lat' dir='ltr'><strong>tremebant,</strong></span> <span class='ocrx_word' id='word_1_449' title='bbox 391 2830 457 2850; x_wconf 89' lang='lat' dir='ltr'><strong>non</strong></span> <span class='ocrx_word' id='word_1_450' title='bbox 476 2820 602 2850; x_wconf 83' lang='lat' dir='ltr'><strong>Hector.</strong></span> <span class='ocrx_word' id='word_1_451' title='bbox 626 2820 736 2850; x_wconf 85' lang='lat' dir='ltr'><strong>Cicero</strong></span> <span class='ocrx_word' id='word_1_452' title='bbox 752 2827 798 2851; x_wconf 79' lang='lat' dir='ltr'><strong>ta-</strong></span> <span class='ocrx_word' id='word_1_453' title='bbox 841 2819 918 2850; x_wconf 81' lang='lat' dir='ltr'><strong>lam.</strong></span> 
     </span>
    </p>
   </div>
  </div>
 </body>
</html>
