1778 3095
248 134 325 167 514
619 128 696 166 DE
724 127 980 166 NATURA
1008 127 1288 167 DEORUM.

246 250 374 276 versae
397 235 609 286 fictricem,
630 245 672 276 et
693 235 1010 277 moderatricem
1033 236 1212 278 divinam
1234 252 1324 278 esse
1354 236 1668 292 providentiam.

247 292 354 334 hanc
385 292 528 348 igitur,
549 307 818 348 quocumque
850 307 893 333 se
923 302 1103 343 moveat,
1124 293 1284 335 efficere
1310 307 1446 348 posse,
1467 293 1670 349 quidquid

245 349 356 389 velit.
418 350 564 404 Itaque
596 357 669 389 aut
698 349 844 399 nescit,
865 349 966 404 quid
995 350 1156 405 possit:
1189 358 1260 391 aut
1290 349 1471 405 negligit
1499 364 1562 390 res
1589 350 1669 390 hu-

247 420 418 446 manas:
450 414 536 455 aut,
557 404 658 460 quid
687 406 740 446 sit
769 406 993 461 optimum,
1023 421 1106 447 non
1136 415 1276 461 potest
1303 405 1509 460 judicare.
1568 406 1670 446 Non

248 472 367 502 curat
388 461 575 516 singulos
596 462 799 502 homiues.
858 463 958 502 Non
989 462 1166 503 mirum:
1197 477 1248 503 ne
1277 462 1464 503 civitates
1487 461 1673 517 quidem.

185 518 234 560 93
249 518 349 559 Non
371 520 467 558 eas?
501 533 552 559 ne
568 519 754 559 nationes
773 517 944 573 quidem
965 528 1007 558 et
1026 527 1187 572 gentes.
1246 518 1377 560 Quod
1397 518 1430 559 si
1453 517 1525 559 has
1545 518 1673 558 etiam

143 572 505 626 P·7⁹·contemnet,
536 575 637 630 quid
666 575 819 614 mirum
851 582 928 622 est,
959 588 1084 614 omne
1115 574 1168 614 ab
1199 589 1247 615 ea
1275 590 1407 629 genus
1438 574 1671 614 humanum

210 619 337 671 a‘esse
357 639 617 672 contemtum
634 632 646 670 ?
680 630 776 679 Sed,
798 637 834 661 2³3
851 644 935 684 quo
955 629 1084 669 modo
1105 628 1228 670 iidem
1256 631 1407 681 dicitis,
1427 646 1512 671 non
1533 630 1675 670 onmia

248 686 349 728 deos
380 687 586 743 persequi,
609 687 733 727 iidem
768 684 904 735 vultis,
936 700 960 725 a
991 685 1070 726 diis
1099 685 1406 728 immortalibus
1432 687 1674 728 hominibus

248 743 457 800 dispartiri
478 758 524 784 ac
552 742 677 783 dividi
707 741 895 782 somnia?
929 740 1085 782 idcirco
1116 742 1208 782 haec
1238 751 1394 794 tecum,
1415 744 1513 798 quia
1539 752 1675 783 vestra

247 809 313 841 est
344 799 396 840 de
432 799 691 840 somniorum
727 798 898 838 veritate
929 798 1147 838 sententia.
1206 798 1350 853 Atque
1385 800 1510 840 iidem
1545 799 1673 840 etiam

246 864 344 897 vota
363 855 516 909 suscipi
538 854 675 895 dicitis
699 863 906 909 oportere.
965 855 1135 909 Nempe
1165 854 1321 909 singuli
1349 867 1525 897 vovent:
1557 855 1676 896 audit

246 912 376 967 igitur
397 925 514 951 mens
534 910 670 952 divina
689 911 815 951 etiam
833 910 885 951 de
905 910 1097 966 singulis.
1155 910 1319 951 Videtis
1335 925 1451 965 ergo,
1473 926 1566 952 eam
1589 926 1673 952 non

245 982 336 1008 esse
363 977 450 1008 tam
480 976 745 1022 occupatam,
767 981 893 1022 quam
925 966 1167 1022 putabatis?
1202 968 1283 1007 Fac
1313 981 1404 1007 esse
1434 967 1674 1018 distentam,

246 1024 395 1065 caelum
418 1034 664 1074 versantem,
686 1032 836 1064 terram
870 1032 1073 1074 tuentem,
1095 1024 1225 1064 maria
1251 1023 1539 1065 moderantem
1559 1040 1568 1064 :
1600 1039 1675 1064 cur

245 1090 334 1121 tam
354 1081 511 1121 multos
533 1080 633 1121 deos
654 1080 756 1120 nihil
777 1094 917 1135 agere,
939 1089 981 1120 et
1002 1094 1163 1121 cessare
1185 1080 1370 1134 patitur?
1405 1095 1479 1121 cur
1500 1095 1583 1120 non
1608 1094 1673 1120 re-

247 1137 327 1178 bus
358 1137 550 1177 humanis
581 1137 742 1192 aliquos
774 1137 932 1177 otiosos
955 1136 1055 1177 deos
1079 1136 1279 1191 praeficit?
1313 1136 1384 1191 qui
1406 1151 1430 1176 a
1450 1146 1504 1186 te,
1526 1136 1672 1186 Balbe,

246 1193 571 1235 innumerabiles
593 1192 787 1248 explicati
810 1202 920 1233 sunt.
981 1194 1088 1233 Haec
1112 1193 1195 1233 fere
1216 1192 1353 1233 dicere
1381 1192 1509 1233 habui
1529 1192 1580 1233 de
1602 1207 1676 1233 na-

246 1259 340 1291 tura
375 1250 567 1299 deorum,
603 1264 686 1290 non
721 1259 770 1290 ut
804 1263 896 1289 eam
933 1249 1140 1299 tollerem,
1178 1248 1251 1289 sed
1287 1257 1335 1288 ut
1369 1249 1674 1304 intelligeretiS‚

247 1321 371 1361 quam
395 1316 503 1347 esset
523 1307 716 1355 obscura,
737 1315 780 1347 et
801 1319 926 1360 quam
946 1304 1133 1346 difficiles
1154 1305 1384 1360 explicatus
1404 1304 1591 1346 haberet.

163 1362 234 1409 40
302 1364 410 1419 ῼυεε
443 1377 541 1403 cum
574 1361 758 1412 dixisset,
780 1361 912 1403 Cotta
942 1361 1079 1402 finem.
1138 1361 1325 1402 Lucilius
1355 1369 1513 1412 autem,
1532 1361 1675 1402 Vehe-

182 1435 233 1476 94
247 1419 443 1470 mentius,
464 1419 614 1475 inquit,
639 1418 781 1469 Cotta,
804 1428 852 1459 tu
881 1417 1070 1473 quidem,
1090 1418 1278 1459 invectus
1299 1432 1342 1458 es
1366 1417 1406 1457 in
1437 1433 1527 1459 eam
1561 1418 1674 1459 Stoi-

244 1490 392 1516 corum
413 1475 632 1525 rationem,
653 1490 747 1530 quae
769 1474 820 1516 de
840 1474 1100 1530 providentia
1128 1474 1303 1515 deorum
1325 1475 1378 1514 ab
1399 1474 1479 1515 illis
1499 1474 1674 1515 sanctis-

245 1532 365 1581 sime,
398 1541 440 1573 et
473 1531 832 1587 providentissime
864 1531 1094 1572 constituta
1123 1540 1199 1572 est.
1260 1531 1343 1571 Sed
1373 1532 1571 1586 quoniam
1599 1530 1675 1571 ad-

243 1588 509 1644 vesperascit,
531 1588 649 1629 dabis
678 1587 789 1629 diem
822 1588 943 1628 nobis
973 1588 1171 1642 aliquem,
1201 1595 1249 1628 ut
1279 1584 1425 1628 contra
1454 1587 1534 1628 ista
1561 1586 1674 1627 dica-

243 1660 353 1685 mus.
374 1654 439 1686 est
457 1645 566 1685 enim
590 1643 696 1685 mihi
717 1654 858 1685 tecum
888 1659 964 1699 pro
994 1644 1074 1684 aris
1095 1652 1137 1684 et
1157 1644 1262 1684 focis
1288 1654 1514 1692 certamen,
1536 1652 1577 1684 et
1597 1657 1676 1697 pro

244 1701 420 1742 deorum
456 1701 624 1755 templis
659 1710 785 1756 atque
820 1699 1018 1750 delubris,
1048 1714 1208 1755 proque
1241 1699 1355 1740 urbis
1388 1700 1534 1750 muris,
1568 1713 1674 1754 quos

245 1772 332 1807 vos,
351 1757 584 1812 pontifices,
605 1767 771 1797 sanctos
790 1771 880 1796 esse
900 1756 1051 1805 dicitis,
1071 1755 1398 1811 diligentiusque
1427 1756 1576 1797 urbem
1608 1769 1677 1795 re-

244 1813 418 1870 ligione,
440 1829 566 1868 quam
587 1813 686 1868 ipsis
707 1814 915 1853 moenibus
942 1812 1125 1867 cingitis.
1156 1827 1249 1866 quae
1272 1812 1403 1852 deseri
1425 1827 1450 1852 a
1469 1826 1550 1859 me,
1573 1811 1672 1852 dum

181 1874 231 1914 95
246 1871 413 1926 quidem
437 1870 592 1925 spirare
622 1877 784 1924 potero,
806 1869 920 1909 nefas
944 1869 1107 1926 judico.
1164 1870 1275 1909 Tum
1298 1867 1443 1917 Cotta,
1464 1869 1560 1924 Ego
1580 1882 1676 1909 vero

244 1937 287 1968 et
306 1936 409 1982 opto
436 1926 629 1981 redargui
660 1940 741 1976 me,
761 1925 921 1966 Balbe:
952 1934 995 1966 et
1023 1940 1085 1975 ea,
1106 1940 1201 1980 quae
1232 1924 1452 1979 disputavi,
1474 1925 1677 1966 disserere

244 1983 389 2034 malui,
423 1998 550 2038 quam
574 1982 792 2038 judicare:
823 1990 866 2022 et
890 1981 1010 2023 facile
1038 1996 1105 2022 me
1135 1996 1160 2022 a
1189 1990 1229 2021 te
1260 1981 1365 2022 vinci
1395 1996 1534 2036 posse,
1559 1990 1680 2022 certo

244 2040 346 2081 scio.
406 2039 590 2096 Quippe,
624 2039 761 2094 inquit
791 2037 990 2089 Velleius,
1023 2038 1094 2094 qui
1126 2038 1253 2079 etiam
1282 2038 1445 2079 somnia
1473 2047 1594 2093 putet
1622 2037 1677 2078 ad

245 2111 320 2137 nos
353 2096 464 2136 mitti
499 2097 551 2136 ab
582 2096 699 2136 Jove.
757 2096 866 2150 Quae
898 2094 988 2150 ipsa
1019 2105 1160 2136 tamen
1194 2104 1280 2134 tam
1312 2094 1416 2135 levia
1447 2109 1532 2134 non
1563 2105 1675 2144 sunt,

246 2167 371 2209 quam
404 2161 467 2192 est
501 2152 741 2193 Stoicorum
775 2151 827 2192 de
856 2163 1005 2194 natura
1033 2153 1210 2193 deorum
1239 2151 1388 2191 oratio.
1447 2152 1555 2192 Haec
1575 2165 1674 2192 cum

245 2218 384 2250 essent
404 2209 530 2258 dicta,
552 2209 609 2248 ita
629 2208 910 2259 discessimus,
931 2218 978 2250 ut
996 2207 1162 2250 Velleio
1187 2207 1327 2248 Cottae
1356 2207 1584 2262 disputatio
1605 2222 1674 2248 ve-

246 2265 345 2316 rior,
366 2265 472 2306 mihi
490 2265 613 2306 Balbi
632 2264 685 2306 ad
706 2264 885 2306 veritatis
905 2263 1220 2307 similitudinem
1243 2263 1447 2305 videretur
1465 2277 1555 2304 esse
1575 2277 1674 2318 pro-

247 2336 430 2378 pensior.

290 2444 327 2467 ⁸23
351 2448 404 2477 quo
421 2436 498 2465 modo
517 2435 603 2464 iidem
624 2435 850 2464 dicitis—iidem
870 2434 940 2464 vul·
982 2435 1142 2472 orationis,
1166 2434 1305 2465 dedisse:
1329 2444 1381 2474 quo
1401 2432 1490 2468 modo,
1508 2431 1558 2473 qui
1580 2431 1676 2462 dit-iti.»

246 2478 297 2518 tis]
316 2480 406 2509 Olim
429 2479 480 2508 hic
504 2479 624 2508 editum
649 2485 706 2513 est,
723 2478 773 2520 qui
788 2477 893 2513 vultis,
911 2484 941 2507 et
983 2478 1113 2507 -iidem
1129 2477 1221 2506 vultis
1234 2488 1244 2505 :
1267 2476 1378 2507 deinde
1394 2476 1443 2516 que'
1459 2476 1529 2505 loco
1545 2483 1676 2507 motum

244 2522 289 2551 sic
307 2522 400 2551 habet
415 2522 510 2551 etiam
528 2522 588 2551 Ms.
604 2521 709 2550 Guelf.
750 2522 840 2557 Puto,
852 2521 940 2549 Cice-
982 2530 1060 2551 esse.

246 2574 370 2601 sonem,
393 2565 430 2594 de
453 2565 683 2595 consuetudine
705 2573 762 2595 sua
782 2564 940 2594 struendae
