1768 3095
590 38 864 77 ACADEM.
906 39 1353 79 QUAESTIONUM

251 38 303 78 64

249 144 413 198 didicit,
444 153 579 188 certas
609 146 863 200 habuerint3
895 163 971 190 cur
1000 149 1045 190 id
1077 149 1241 205 sapiens
1275 149 1328 191 de
1365 149 1536 206 reliquis
1563 151 1688 194 rebus

252 202 391 244 facere
411 217 496 244 non
516 203 685 259 possit?
718 219 771 245 an
802 213 867 247 est
886 205 1059 261 aliquid,
1083 206 1198 262 quod
1218 206 1404 262 positum
1434 206 1499 248 vel
1527 207 1690 264 impro-

250 259 365 311 bare,
384 259 450 302 vel
484 261 720 316 approbare
753 263 901 316 possit,
935 271 970 294 1⁵
989 262 1182 303 dubitare
1203 278 1287 304 non
1306 264 1442 319 possit
1459 264 1472 304 ?
1505 278 1559 305 an
1578 273 1626 306 tu
1644 265 1688 307 in

250 316 390 358 soritis
413 317 571 372 poteris
599 317 696 369 hoc,
717 332 815 359 cum
841 319 955 360 voles
976 335 985 360 :
1016 319 1086 360 ille
1107 320 1148 359 in
1167 319 1338 376 reliquis
1358 321 1482 362 rebus
1503 335 1589 362 non
1607 335 1687 378 po·

251 372 351 414 terit
380 373 532 414 eodem
562 374 693 416 modo
724 375 931 426 insistere,
962 376 1196 430 praesertim
1227 391 1326 417 cum
1357 377 1492 434 possit
1513 377 1600 419 sine
1619 392 1687 419 as-

251 429 446 471 sensione
480 430 614 486 ipsam
650 437 688 463 16
703 431 1106 474 verisimilitudinem
1140 447 1224 473 non
1252 434 1499 489 impeditam
1534 434 1684 490 sequi?

165 492 238 526 10⁸
249 485 449 528 Alterum
473 496 554 537 est,
585 487 701 544 quod
726 489 889 544 negatis
919 489 1131 530 actionem
1159 489 1286 530 ullius
1320 490 1380 531 rei
1409 505 1534 546 posse
1563 490 1604 532 in
1634 505 1687 533 eo

249 557 355 595 esse,
377 544 449 599 qui
480 543 639 586 nullam
664 559 755 585 rem
783 559 956 587 assensu
981 559 1059 586 suo
1080 546 1345 601 comprobet.
1367 548 1552 603 primum
1573 548 1686 589 enim

248 599 378 642 videri
397 609 581 656 oportet,
605 608 639 637 17
656 601 699 642 in
720 616 806 657 quo
825 602 880 643 sit
897 601 1025 643 etiam
1044 616 1250 643 assensus.
1271 602 1418 644 dicunt
1437 604 1550 645 enim
1571 605 1687 646 Stoi-

248 656 302 708 ci,
323 671 468 699 sensus
498 657 613 713 ipsos
639 672 832 699 assensus
855 672 973 699 esse:
1005 673 1112 714 quos
1133 659 1333 715 quoniam
1355 660 1561 716 appetitio
1580 675 1684 702 con-

249 723 466 770 sequatur,
494 715 706 756 actionem
737 714 869 771 sequi.
900 715 993 757 tolli
1022 723 1166 757 autem
1192 715 1350 767 omnia,
1371 716 1405 757 si
1424 716 1511 758 visa
1529 716 1687 758 tollan-

165 767 239 816 34
251 777 332 812 tur.
394 778 430 803 18
446 772 542 812 Hac
572 770 626 812 de
657 786 702 812 re
736 771 779 812 in
811 780 1035 828 utramque
1066 780 1231 828 partem
1265 780 1309 813 et
1345 772 1460 814 dicta
1493 782 1606 825 sunt,
1643 780 1687 815 et

249 827 406 883 scripta
433 827 583 879 multa,
613 828 687 869 sed
716 828 832 870 brevi
861 843 927 870 res
957 837 1100 885 potest
1130 837 1222 870 tota
1251 829 1417 871 confici.
1450 844 1536 886 ego
1571 829 1685 872 enim

247 884 329 925 etsi
348 884 574 926 maximam
597 885 807 926 actionem
835 893 955 941 puto,
976 900 1213 942 repugnare
1232 885 1343 937 visis,
1364 886 1571 928 obsistere
1590 886 1685 944 opi-

249 940 461 992 nionibus,
491 956 684 983 assensus
713 941 899 984 lubricos
930 943 1149 993 sustinere,
1169 942 1379 999 credoque
1411 942 1685 985 Clitomacho

205 997 308 1038 b-ita
338 997 552 1049 scribenti,
595 1007 632 1033 19
646 998 824 1040 Herculi
854 999 1066 1055 quendam
1096 999 1285 1040 laborem
1317 1008 1358 1033 20
1371 999 1630 1042 exantlatum
1659 1013 1686 1042 a

248 1053 482 1106 Carneade,
504 1055 634 1110 quod,
655 1064 704 1096 ut
733 1055 879 1105 feram,
907 1065 951 1097 et
979 1056 1210 1097 immanem
1239 1055 1426 1108 beluam,
1445 1056 1505 1098 sic
1524 1072 1574 1099 ex
1593 1057 1686 1098 ani-

246 1111 327 1152 mis
347 1111 500 1153 nostris
519 1112 818 1163 assensionem,
838 1112 881 1153 id
909 1122 988 1164 est,
1010 1113 1313 1168 opinationem,
1333 1122 1377 1154 et
1397 1113 1684 1154 temeritatem

246 1168 514 1218 extraxisset,
544 1177 703 1219 tamen,
733 1180 780 1210 ut
809 1183 860 1209 ea
887 1183 983 1224 pars
1012 1169 1268 1210 defensionis
1288 1169 1562 1226 relinquatur,
1581 1169 1685 1226 quid

246 1224 453 1279 impediet
473 1224 683 1266 actionem
703 1225 809 1280 ejus,
830 1226 902 1280 qui
922 1224 1158 1280 probabilia
1176 1226 1378 1281 sequitur,
1398 1225 1514 1267 nulla
1532 1240 1577 1267 re
1600 1227 1684 1267 im-

162 1293 235 1334 109
245 1280 471 1336 pediente?
505 1282 620 1332 Hoc,
648 1281 799 1337 inquit,
829 1282 972 1337 ipsum
1003 1281 1221 1337 impediet,
1241 1282 1357 1338 quod
1377 1290 1549 1334 statuet,
1568 1296 1620 1324 ne
1638 1282 1684 1325 id

246 1336 433 1393 quidem,
463 1337 580 1394 quod
608 1338 773 1393 probet,
803 1351 929 1394 posse
958 1339 1130 1395 percipi.
1187 1340 1285 1381 Jam
1314 1339 1425 1381 istuc
1449 1348 1491 1380 te
1511 1354 1682 1396 quoque

244 1393 462 1449 impediet,
493 1394 535 1435 in
567 1394 820 1450 navigando,
850 1403 893 1436 et
924 1395 1021 1436 21in
1052 1396 1332 1447 conserendo,
1362 1396 1405 1437 in
1439 1409 1571 1437 uxore
1601 1396 1682 1437 du-

243 1450 392 1502 cenda,
411 1450 454 1491 in
480 1451 621 1492 liberis
640 1451 927 1506 procreandis,
947 1451 1225 1508 plurimisque
1243 1451 1286 1493 in
1306 1451 1446 1504 rebus,
1465 1451 1508 1493 in
1527 1452 1682 1509 quibus

244 1506 348 1548 nihil
364 1521 553 1563 sequere,
572 1516 725 1562 praeter
742 1508 977 1562 probabile.

300 1565 357 1605 Et
384 1570 527 1604 tamen
555 1563 660 1605 illud
690 1564 907 1615 usitatum,
928 1573 972 1607 et
1000 1579 1113 1621 saepe
1142 1564 1410 1621 repudiatum
1429 1565 1574 1618 refers,
1594 1580 1680 1608 non

242 1628 292 1662 ut
320 1621 560 1676 Antipater,
590 1620 679 1671 sed,
709 1629 759 1662 ut
787 1621 861 1672 ais,
891 1621 1091 1677 pressius.
1122 1636 1218 1663 nam
1237 1622 1513 1679 Antipatrum
1535 1637 1680 1678 repre-

242 1677 437 1728 hensum,
459 1676 574 1733 quod
603 1677 777 1729 diceret,
797 1687 1128 1720 consentaneum
1159 1693 1251 1720 esse
1272 1678 1326 1730 ei,
1348 1679 1420 1736 qui
1439 1678 1679 1731 affirmaret,

243 1733 348 1775 nihil
369 1747 495 1789 posse
525 1735 841 1790 comprehendi,
861 1735 904 1776 id
924 1735 1064 1791 ipsum
1085 1735 1233 1776 saltem
1254 1735 1393 1777 dicere
1412 1750 1538 1792 posse
1557 1750 1677 1778 com-

241 1790 473 1846 prehendi:
503 1791 621 1847 quod
649 1791 731 1847 ipsi
760 1792 979 1833 Antiocho
1015 1792 1175 1848 pingue
1205 1792 1438 1844 videbatur,
1469 1801 1509 1824 22
1522 1801 1567 1834 et
1597 1792 1677 1834 sibi

240 1848 381 1903 ipsum
411 1847 684 1889 contrarium.
715 1862 800 1889 non
829 1849 942 1890 enim
972 1857 1115 1904 potest
1143 1849 1440 1890 convenienter
1455 1848 1554 1900 dici,
1573 1849 1679 1891 nihil

241 1903 545 1959 comprehendi
576 1919 717 1960 posse,
750 1913 789 1937 2³
805 1905 840 1946 si
867 1905 1008 1961 ipsum
1028 1905 1331 1962 comprehendi
1351 1920 1477 1962 posse
1497 1905 1677 1948 dicatur.

240 1960 316 2002 illo
344 1960 475 2002 modo
503 1962 645 2016 potius
673 1970 798 2017 putat
824 1962 1064 2018 urgendum
1095 1963 1226 2004 fuisse
1256 1962 1546 2004 Carneadem:
1577 1976 1676 2003 cum

240 2017 441 2074 sapientis
473 2017 639 2060 nullum
668 2018 888 2061 decretum
916 2033 1007 2062 esse
1025 2019 1177 2076 possit,
1197 2018 1276 2061 nisi
1305 2018 1676 2075 comprehensum,

286 2171 324 2195 15
347 2164 478 2196 dubitari
492 2177 545 2196 non
560 2166 669 2209 possit]
685 2169 752 2199 Aut
774 2169 828 2200 hic
851 2168 935 2199 dubi-

240 2214 304 2240 tare
327 2207 500 2248 legendum
523 2217 592 2250 est3
617 2218 653 2241 ut
668 2212 818 2242 referatur
833 2213 871 2243 ad
886 2222 935 2243 sa-

240 2251 380 2290 pientem
395 2264 402 2281 ι
427 2260 483 2284 aut
504 2260 577 2283 ante
593 2254 751 2293 improbari
766 2255 815 2286 vel
830 2261 935 2295 appro-

239 2293 304 2323 bari
320 2294 503 2334 legendum.
520 2296 598 2327 illud
615 2298 750 2337 praetuli.

285 2342 323 2367 16
346 2338 631 2370 verisimilitudinem
660 2351 714 2370 non
746 2338 931 2382 impeditam]

239 2389 269 2411 v.
284 2381 323 2410 ad
339 2381 467 2412 initium
484 2383 585 2421 hujus
598 2384 718 2423 capitis.

286 2430 321 2459 17
347 2423 378 2452 in
393 2435 447 2465 quo
462 2426 500 2454 sit
514 2425 604 2455 etiam
615 2425 754 2466 assensus]
772 2425 861 2456 etiam
873 2425 934 2456 mi-

241 2467 274 2496 hi
290 2474 474 2505 suspectum
491 2475 547 2498 est.

286 2516 322 2540 18
349 2509 415 2539 Hac
436 2511 470 2540 de
492 2511 673 2550 re—scrr'pta
695 2510 788 2540 multa
805 2511 876 2541 vide
887 2522 934 2541 su-

233 2551 366 2592 periora]
407 2553 573 2584 Ultimum
609 2554 680 2584 vide
715 2554 861 2593 superiora
892 2555 934 2584 ita

239 2596 405 2626 manifeste
431 2603 480 2627 est
505 2603 581 2626 nota
610 2597 774 2637 marginis,
801 2607 874 2636 quae
901 2599 932 2627 in

237 2645 364 2669 textum
385 2639 516 2679 irrepsit,
532 2646 569 2671 ut
592 2649 628 2670 ea
642 2640 744 2670 delere
761 2649 827 2670 non
841 2640 934 2670 dubi·

237 2683 380 2712 taverim.

283 2732 322 2758 19
346 2724 468 2755 Herculi
491 2724 629 2764 laborem]
658 2725 826 2756 Genitivus
852 2725 933 2756 anti-

233 2773 322 2808 quus
338 2777 394 2808 pro
411 2767 559 2808 Herculis,
574 2769 661 2810 quod
670 2775 703 2800 et
712 2769 812 2801 Aldus
825 2769 931 2800 habet.

1023 2175 1064 2200 20
1086 2165 1281 2206 exantlatum]
1308 2167 1402 2198 Hanc
1421 2168 1610 2208 scripturam
1625 2176 1675 2199 se-

977 2218 1072 2242 cutus
1093 2220 1169 2241 sum
1191 2211 1225 2240 h.
1247 2217 1329 2240 certe
1352 2211 1443 2241 loco:
1468 2211 1524 2241 ubi
1547 2218 1594 2242 est
1618 2221 1674 2252 pro

977 2253 1170 2284 exhaustum.-
1198 2254 1253 2283 etsi
1277 2254 1348 2284 edd.
1370 2261 1445 2286 vett.
1469 2255 1532 2284 fere
1555 2254 1675 2285 habent

978 2296 1174 2327 exanclatum.
1188 2305 1218 2326 v.
1235 2296 1322 2326 Clav.

1021 2346 1057 2370 21
1085 2340 1115 2369 in
1131 2338 1307 2379 conserendo]
1324 2340 1422 2379 Agro,
1438 2340 1562 2379 opinor.

1020 2389 1059 2413 22
1084 2389 1111 2411 et
1127 2382 1181 2412 sibi
1197 2382 1289 2422 ipsum
1303 2381 1494 2422 contrarium]
1511 2383 1604 2423 ipsum
1619 2381 1673 2412 ad-

976 2426 1038 2456 didi
1054 2435 1132 2455 curn
1147 2425 1277 2455 Davisio
1292 2435 1308 2455 e
1321 2425 1400 2456 Mss.
1414 2426 1446 2456 in
1462 2426 1511 2456 his
1528 2435 1592 2465 reg.
1605 2425 1673 2456 Par.

976 2476 1007 2499 et
1019 2469 1067 2498 ed.
1081 2468 1162 2499 Ven.
1182 2474 1273 2504 1471.
1512 2490 1513 2493 η

1019 2517 1058 2542 23
1083 2511 1107 2540 si
1122 2511 1214 2551 ipsum
1230 2517 1334 2550 compr.
1344 2518 1425 2551 posse
1439 2509 1483 2549 d.]
1502 2510 1612 2541 Putavi
1628 2508 1673 2540 le-

976 2555 1117 2594 gendum
1134 2555 1158 2583 si
1169 2554 1201 2582 id
1208 2553 1256 2583 vel
1273 2554 1322 2583 hoc
1337 2555 1441 2593 ipsum,
1455 2563 1584 2593 nempe,
1595 2552 1673 2582 nihil

977 2597 1171 2637 comprehendi
1188 2604 1279 2636 posse.
1301 2604 1371 2636 post
1394 2598 1426 2627 in
1449 2596 1536 2626 libris
1553 2596 1623 2626 edd.
1640 2602 1672 2626 et

977 2649 1036 2671 scr.
1062 2641 1176 2679 partim
1198 2641 1274 2679 ipse,
1296 2641 1410 2680 partim
1430 2648 1480 2679 ap.
1501 2639 1673 2670 Davisium

975 2684 1072 2723 reperi
1087 2694 1094 2712 2
1120 2682 1145 2712 si
1160 2683 1315 2724 quicquam
1328 2681 1523 2722 comprehendi
1531 2688 1613 2722 posse
1638 2681 1669 2712 d.

976 2726 1062 2765 quod
1084 2732 1115 2756 et
1138 2725 1190 2756 ille
1205 2726 1312 2757 edidit.
1335 2726 1416 2757 illud
1438 2725 1519 2757 mihi
1546 2723 1672 2757 facilius

975 2777 1013 2800 ac
1028 2768 1145 2801 melius
1159 2769 1293 2801 videtur.
