1778 3095
254 148 333 180 530
691 142 769 179 DE
804 141 1237 181 DIVINATIONE

361 249 486 287 Excita
504 262 577 287 cum
597 249 745 286 tremulis
762 263 847 286 anus
865 249 982 287 attulit
999 250 1135 288 artubu'
1153 251 1274 294 lumen,

364 303 464 341 Talia
480 311 707 339 commemorat
725 302 910 353 lacrymans
927 305 1086 341 exterrita
1104 318 1211 341 somno
1225 320 1237 340 :

362 355 532 405 Eurydica
546 365 731 404 prognata,
744 365 843 406 pater
860 370 961 407 quam
978 366 1084 393 noster
1103 357 1252 401 amavit,-

148 429 179 459 ρ.
194 426 244 451 59.
367 410 474 452 Vires,
493 409 635 458 vitaque
650 411 757 459 corpu·
775 423 880 446 mcum
899 423 986 446 nunc
1003 409 1122 446 deserit
1137 423 1240 447 omne.

216 471 245 492 ὃ·
363 463 456 499 Nam
475 474 524 497 me
541 462 637 498 ‘visus
651 461 739 498 homo
754 463 866 512 pulcer
880 473 940 512 per
956 475 1090 499 amoena
1109 463 1232 500 salicta

362 516 410 552 Et
428 515 520 565 ripas
538 525 682 565 raptare,
704 515 847 566 locosque
864 528 976 552 novos.
1005 516 1054 551 ita
1071 516 1142 552 sola

361 568 535 613 Post-illa,
549 581 715 617 germana
732 582 830 611 soror,
850 581 962 604 errare
979 567 1136 612 videbar,

364 620 544 671 Tardaque
561 622 743 670 vestigare,
763 630 794 656 et
812 633 959 670 quaerere
975 627 1017 662 te,
1036 634 1138 670 neque
1149 631 1240 670 posse

366 673 470 712 Corde
486 685 648 724 capessere
661 690 672 710 .·
701 675 816 710 semita
837 673 932 709 nulla
944 672 1060 723 pedem
1078 673 1266 710 stabilibat.

194 731 241 765 41
364 728 456 765 Exin
473 727 664 776 compellare
676 736 776 775 pater
794 739 843 762 me
859 739 939 762 voce
954 725 1092 762 videtur

364 781 429 818 His
446 779 557 816 verbis
573 796 584 815 .-
616 785 653 813 78
674 780 728 815 Ο]
741 788 868 828 gnata,
889 778 950 815 tibi
968 788 1048 815 sunt
1064 789 1142 816 ante
1155 778 1313 829 gerendae

361 833 554 871 AErztmnae
568 848 580 867 .·
603 841 678 882 post
694 845 736 868 cx
741 832 860 878 fluvio
865 831 1015 881 fortuna
1033 832 1172 870 resistet.

363 887 452 922 Haec
464 894 566 935 pater
580 885 718 933 effatus,
734 897 912 934 germana,
931 895 1058 935 repente
1074 885 1218 931 recessit,

362 949 378 976 A
394 940 435 974 'ee
452 951 518 975 sese
535 938 625 975 dedit
640 939 674 974 in
691 947 893 988 conspectum
911 938 1005 975 corde
1021 939 1165 989 cupitus,

367 993 581 1042 Quamquam
601 991 707 1028 multa
724 1005 843 1029 manus
862 991 912 1028 ad
927 992 1003 1029 caeli
1019 992 1148 1029 caerula
1166 991 1289 1042 templa

366 1045 551 1082 Tendebam
570 1045 772 1093 lacrymans,
793 1054 824 1081 et
843 1044 971 1082 blanda
987 1058 1068 1082 voce
1085 1045 1263 1083 vocabam.

367 1099 436 1134 Vix
454 1113 546 1147 <egro
565 1107 635 1135 tum
655 1097 748 1135 corde
766 1111 832 1135 mco
849 1111 900 1136 me
916 1099 1040 1136 somnu'
1058 1098 1204 1150 reliquit.

173 1170 239 1216 21
257 1171 378 1222 Haec,
396 1172 522 1212 etiam
545 1172 579 1212 si
602 1171 697 1213 ficta
717 1180 815 1213 sunt
833 1186 858 1212 a
874 1176 1013 1227 poeta,
1030 1186 1115 1213 non
1130 1172 1283 1213 absunt
1302 1178 1443 1212 tamen
1462 1184 1486 1212 a
1505 1184 1682 1213 consue·-

191 1241 244 1275 42
256 1228 400 1268 tudine
421 1229 695 1269 somniorum.
744 1228 807 1268 Sit
825 1243 925 1270 sane
944 1228 1072 1270 etiam
1092 1228 1197 1270 illud
1218 1227 1577 1280 commenticium,
1596 1242 1683 1285 quo

255 1285 442 1326 Priamus
462 1294 526 1325 est
545 1283 834 1326 conturbatus.

365 1365 454 1414 Quia
472 1373 578 1402 mater
590 1364 748 1414 gra—vida
761 1374 881 1414 parcre
897 1377 931 1401 se
948 1364 1116 1402 ardentem
1123 1365 1242 1414 facem

362 1418 448 1456 Visa
467 1427 515 1454 est
534 1418 570 1454 in
587 1419 706 1454 somnis
726 1418 868 1455 Hecuba
880 1431 893 1454 ‚⁴
921 1419 1090 1468 quofacto
1103 1427 1203 1469 pater

359 1471 435 1508 Rex
450 1471 516 1521 ipse
536 1471 707 1515 Priamus,
727 1472 846 1508 somnio
866 1472 981 1508 mentis
1000 1481 1087 1508 metu

358 1524 551 1567 Perculsus,
571 1525 658 1560 curis
675 1533 805 1560 sumtus
824 1525 1071 1575 suspirantibus

358 1577 630 1623 Exsacrificabat
647 1577 761 1614 hostiis
781 1577 986 1615 balantibus.

360 1631 448 1667 Tum
466 1632 670 1678 conjectorem
685 1631 848 1681 postulat,
861 1642 978 1681 pacem
993 1641 1119 1682 petens,-

364 1685 410 1721 Ut
428 1697 461 1720 se
479 1683 621 1720 edoceret
637 1683 810 1721 obsecrans
828 1684 1024 1734 Apollinem,

363 1737 438 1786 Quo
455 1749 522 1773 sese
540 1746 680 1773 vertant
697 1746 806 1773 tantae
821 1744 923 1773 sortes
939 1737 1112 1775 somnizlm.

357 1789 414 1826 Ibi
430 1802 472 1826 ex
488 1790 594 1826 oraclo
612 1803 691 1827 voce
707 1789 829 1827 divina
848 1790 950 1827 edidit

357 1842 497 1893 Apoll03
530 1848 569 1877 74
574 1853 730 1893 puerum,
742 1844 873 1893 primus
892 1844 1032 1880 Priamo
1050 1844 1113 1894 qui
1112 1844 1210 1893 joret

363 1896 443 1933 Post
461 1896 522 1933 illa
540 1905 654 1938 natus,
675 1905 867 1946 temperaret
885 1896 1007 1939 tollere,

362 1949 451 1986 Eum
469 1961 537 1986 esse
553 1949 689 1987 exitium
709 1949 830 1997 Trojce,
843 1959 966 2001 pestem
986 1951 1165 2000 Pergamo,

191 2044 241 2078 43
256 2033 350 2076 Sint
368 2034 474 2085 haec,
494 2044 543 2076 ut
562 2034 662 2085 dixi,
680 2034 842 2076 somnia
865 2035 1130 2077 fabularum:
1162 2034 1312 2091 hisque
1339 2034 1593 2092 adjungatur
1621 2044 1686 2077 et-

256 2091 340 2131 iam
360 2091 508 2132 AEneae
527 2092 761 2132 somnium:
782 2092 898 2147 quod
918 2092 961 2133 in
982 2092 1177 2133 Numerii
1195 2092 1312 2133 Fabii
1334 2092 1506 2134 Pictoris
1524 2092 1684 2134 Graecis

211 2158 244 2188 b.
257 2147 475 2189 annalibus
495 2146 703 2204 ejusmodi
721 2157 799 2199 est,
820 2156 868 2189 ut
888 2149 1044 2200 omnia,
1066 2164 1160 2205 quae
1185 2149 1238 2190 ab
1258 2149 1395 2189 AEnea
1424 2156 1546 2204 gesta
1572 2156 1684 2199 sunt,

257 2218 437 2260 quaeque
455 2204 516 2245 illi
535 2204 792 2255 acciderunt,
813 2218 864 2245 ea
881 2205 1050 2256 fuerint,
1072 2221 1167 2262 quae
1187 2205 1226 2246 ei
1247 2204 1479 2246 secundum
1499 2205 1684 2260 quietem

174 2259 242 2306 22
260 2261 344 2302 visa
377 2269 489 2301 sunt.
564 2261 648 2302 Sed
681 2268 697 2298 7
704 2270 719 2293 5
733 2261 932 2316 propiora
964 2261 1191 2304 videamus.
1221 2260 1441 2318 cujusnam
1473 2261 1588 2302 modi
1620 2269 1687 2301 est

257 2317 436 2372 Superbi
462 2317 678 2374 Tarquinii
707 2318 934 2371 somnium,
956 2318 1009 2359 de
1035 2334 1121 2375 quo
1140 2319 1184 2360 in
1203 2318 1338 2360 Bruto
1358 2317 1479 2359 Accii
1497 2316 1687 2372 loquitur

255 2373 372 2429 ipse?

193 2459 246 2492 44
367 2453 452 2491 Cum
461 2453 541 2501 jam
560 2454 663 2505 quieti
680 2466 796 2505 corpus
816 2460 831 2490 7
838 2460 856 2485 6
870 2464 1026 2492 nocturno
1043 2455 1167 2506 impetu

301 2563 340 2592 73
368 2557 415 2587 O!
428 2558 533 2597 gnata]
553 2560 604 2589 Sic
628 2560 690 2590 Ms.
716 2560 832 2599 Regius
855 2561 949 2590 Paris.
1037 2565 1076 2594 74
1093 2557 1229 2598 puerum]
1249 2558 1402 2589 Paridem.

257 2602 341 2640 apud
357 2601 522 2631 Davisium
540 2612 594 2640 pro
609 2602 737 2641 vulgato
757 2610 889 2641 cognata,
905 2604 951 2632 sic
1037 2608 1075 2636 75
1093 2602 1230 2642 propiora
1253 2600 1417 2639 videamus]
1437 2601 1621 2632 Bovillerius
1644 2601 1688 2632 le-

257 2651 289 2674 et
304 2643 464 2673 Columna
479 2645 583 2674 edidit.
608 2655 686 2674 mox
708 2645 878 2684 legendum
898 2656 950 2683 ge-
993 2645 1085 2683 gebat
1105 2645 1235 2683 propria,
1252 2651 1288 2674 ut
1308 2651 1485 2684 opponatur
1507 2644 1641 2674 externis.
1657 2653 1687 2674 c.

259 2686 355 2716 rendae
369 2696 425 2725 pro
439 2686 567 2725 vulgato
579 2687 716 2726 gerenda,
728 2687 802 2717 etin
814 2686 949 2726 vulgatis
993 2693 1045 2717 23.
1062 2688 1131 2717 init.
1148 2688 1217 2718 haec
1233 2688 1328 2718 verba
1346 2694 1377 2718 et
1396 2687 1470 2717 alibi
1493 2687 1624 2718 confusa
1640 2696 1687 2717 re-

258 2738 364 2759 versus
384 2738 518 2768 sequens
533 2730 683 2758 AErumnae
700 2731 758 2760 διε.
782 2731 950 2769 transposi-
992 2729 1144 2770 perimus.

258 2778 309 2801 tus
324 2778 382 2808 est,
399 2772 431 2800 in
453 2781 553 2811 eoque
576 2772 747 2811 legendum
770 2773 880 2801 resistet
894 2782 949 2812 pro
1036 2777 1076 2807 76
1108 2779 1240 2803 nocturno
1266 2770 1388 2814 impetu]
1416 2772 1474 2802 Pro
1500 2778 1608 2802 noctu.
1641 2772 1687 2802 sic

258 2814 375 2843 resistit.
400 2822 572 2854 utrumque
591 2815 686 2845 habet
702 2815 765 2846 Ms.
782 2815 890 2847 Guelf.
906 2826 950 2845 re-
993 2815 1113 2854 impetus
1149 2816 1214 2846 coeli
1249 2826 1305 2857 pro
1334 2815 1415 2848 coelo
1450 2815 1535 2855 apud
1570 2815 1687 2846 Lucre·
1713 2844 1716 2846 .

258 2857 337 2887 sistet
352 2858 446 2889 etiam
462 2857 532 2889 edd.
548 2864 622 2890 vett.
639 2864 674 2890 ut
690 2858 770 2890 Ven.
788 2865 882 2891 1494.
991 2859 1086 2890 tiu'm.
