1778 3095
238 132 317 169 386
593 134 849 176 TUSCUL.
879 136 1346 200 QUAESTIONUM-

239 248 326 280 tate
350 247 386 272 18
401 255 563 296 semper
582 251 699 286 vacat
720 259 731 295 3
763 245 837 287 sed
859 247 892 287 si
912 247 1047 288 multo
1072 247 1232 304 majore
1259 262 1308 289 ex
1328 257 1446 303 parte
1465 256 1600 294 exstat.
1620 246 1662 289 in

239 304 416 353 utraque
454 298 657 342 felicitas:
689 301 747 343 sic
787 302 882 354 vita,
921 318 1004 345 non
1044 305 1179 346 solum
1218 305 1251 345 si
1290 304 1475 360 undique
1514 306 1664 346 referta

197 352 363 395 b-bonis
382 363 460 406 est,
481 356 554 397 sed
580 357 614 398 si
640 358 776 400 multo
806 359 964 416 majore
995 369 1037 402 et
1064 361 1253 416 graviore
1284 374 1332 401 ex
1363 370 1479 415 parte
1502 362 1664 402 10bona

178 403 225 444 87
239 411 513 465 propendent,
533 412 658 456 beata
674 426 785 456 recte
800 416 881 457 dici
905 425 1056 470 potest.
1087 418 1294 474 Sequetur
1309 417 1437 473 igitur
1457 426 1496 449 20
1510 418 1662 459 horum

238 467 397 508 ratione
426 469 489 509 vel
525 469 578 510 ad
611 471 862 526 supplicium
900 473 1021 513 beata
1050 473 1132 514 vita
1156 475 1366 524 virtutem,
1395 488 1578 530 cumque
1614 488 1663 514 ea

237 523 461 566 descendet
501 525 543 565 in
591 535 772 578 taurum,
820 529 1063 579 Aristotele,
1111 531 1362 582 Xenocrate,
1412 531 1662 586 Speusippo,

238 580 464 622 Polemone
501 582 757 633 auctoribus,
795 593 923 625 2¹nec
963 600 1056 626 eam
1095 587 1218 627 minis
1254 596 1327 628 aut
1365 586 1661 628 blandimentis

236 647 434 692 corrupta
463 638 637 680 deseret.
668 639 813 681 eadem
847 640 1127 696 Calliphontis
1158 643 1237 684 erit
1264 643 1528 699 Diodorique
1569 657 1661 684 sen-

236 694 391 735 tentia:
441 709 620 750 quorum
660 705 837 752 uterque
872 697 1136 739 honestatem
1176 700 1234 740 sic
1270 700 1578 755 complectitur,
1617 708 1665 740 ut

235 752 389 801 omnia,
423 766 514 806 quae
548 751 636 792 sine
668 766 717 792 ea
750 753 846 804 sint,
882 753 1009 809 longe
1041 763 1084 794 et
1114 765 1225 796 retro
1258 757 1454 811 ponenda
1482 763 1663 798 censeat.

235 807 398 863 Reliqui
441 817 479 839 22
495 807 651 848 habere
689 823 731 852 se
770 809 961 850 videntur
998 811 1244 865 angustius:
1288 821 1456 854 enatant
1495 822 1662 854 tamen:

236 864 459 918 EpicurUS,
484 864 785 921 Hieronymus,
807 875 850 907 et
871 867 904 907 si
929 867 1000 922 qui
1029 876 1139 918 sunt,
1162 876 1200 899 2³³
1217 868 1290 923 qui
1310 868 1521 910 desertum
1542 869 1660 910 illum

236 919 498 960 Carneadem
519 930 666 962 curent
689 921 926 964 defendere.
959 932 998 955 24
1013 938 1138 965 nemo
1168 935 1232 966 est
1259 925 1385 976 enim,
1415 927 1487 980 qui
1515 940 1661 966 eorum

233 977 443 1018 bonorum
483 977 669 1018 animum
709 988 831 1033 putet
869 994 958 1021 esse
983 979 1190 1037 judicem,
1229 995 1411 1037 eumque
1447 982 1661 1023 condoce-

234 1034 372 1083 faciat‚
395 1044 442 1074 ut
463 1048 526 1084 ea,
547 1050 641 1090 quae
662 1035 774 1076 bona
794 1036 952 1078 malave
973 1037 1205 1089 videantur,
1226 1038 1359 1094 possit
1379 1047 1661 1080 contemnere.

173 1088 221 1121 88
234 1091 347 1131 Nam
380 1105 474 1146 quae
505 1091 582 1132 tibi
620 1092 791 1147 Epicuri
825 1093 1002 1146 videtur,
1040 1094 1186 1135 eadem
1225 1095 1304 1135 erit
1336 1094 1588 1151 Hieronymi
1621 1103 1664 1136 et

234 1146 462 1189 Carneadis
488 1162 626 1199 causa,
658 1158 700 1190 et
729 1148 868 1191 hercle
900 1150 1092 1192 omnium
1126 1151 1398 1207 reliquorum.
1428 1152 1520 1208 quis
1549 1151 1661 1192 enim

230 1218 379 1259 parum
402 1213 464 1245 est
486 1213 524 1236 2⁵
536 1214 683 1246 contra
701 1213 896 1257 mortem,
913 1216 986 1248 aut
1003 1207 1194 1248 dolorem
1215 1215 1383 1263 paratus
1401 1209 1414 1248 ἒ
1448 1207 1662 1249 ordiamur

230 1261 282 1302 ab
303 1274 369 1311 eo,
391 1260 424 1301 si
444 1260 596 1316 placet,
619 1275 745 1316 quem
764 1262 953 1313 mollem,
974 1278 1100 1319 quem
1122 1263 1402 1319 voluptarium
1423 1263 1614 1305 dicimus.

287 1317 432 1373 Quid?
466 1317 500 1359 is
521 1317 597 1358 tibi
619 1328 856 1360 mortemne
876 1319 1051 1372 videtur,
1076 1335 1128 1361 an
1157 1320 1349 1362 dolorem
1378 1321 1523 1362 timere
1544 1322 1557 1360 ?
1591 1319 1663 1376 qui

229 1388 328 1414 eum
360 1373 489 1425 diem,
519 1387 603 1430 quo
634 1375 826 1426 moritur,
857 1376 1029 1418 beatum
1060 1376 1260 1433 appellat,
1288 1376 1566 1432 maximisque
1585 1376 1663 1418 do-

229 1430 390 1472 loribus
430 1431 616 1482 affectus,
653 1446 726 1472 eos
764 1432 877 1487 ipsos
922 1432 1185 1474 inventorum
1233 1448 1404 1475 suorum
1443 1433 1662 1484 memoria,

229 1500 271 1528 et
293 1487 582 1529 recordatione
609 1488 832 1530 confutat:
864 1504 940 1531 nec
971 1489 1061 1531 haec
1092 1490 1150 1531 sic
1184 1490 1286 1546 agit,
1315 1501 1363 1531 ut
1394 1504 1444 1531 ex
1473 1499 1663 1546 tempore

228 1544 347 1598 quasi
386 1544 550 1585 effutire
586 1544 787 1587 videatur.
830 1552 869 1578 26
884 1546 936 1587 de
982 1557 1119 1588 morte
1165 1548 1276 1588 enim
1321 1547 1380 1587 ita
1417 1546 1557 1598 sentit,
1598 1555 1660 1597 ut,

228 1600 435 1642 dissoluto
464 1601 689 1652 animante,
720 1617 888 1644 sensum
918 1603 1171 1645 exstinctum
1202 1612 1352 1659 putet:
1384 1602 1498 1659 quod
1519 1611 1661 1644 autem

229 1672 353 1699 sensu
374 1667 527 1708 careat,
548 1657 650 1698 nihil
672 1658 725 1699 ad
747 1673 822 1700 nos
849 1659 891 1700 id
905 1659 1072 1716 judicet
1096 1660 1318 1715 pertinere.
1380 1661 1486 1701 Item
1508 1659 1561 1700 de
1582 1659 1661 1701 do-

228 1714 316 1755 lore
355 1722 470 1755 certa
509 1714 650 1765 habet,
690 1730 783 1771 quae
823 1718 1052 1772 sequatur?
1103 1731 1285 1772 quorum
1325 1715 1659 1772 magnitudinem

275 1847 311 1871 18
336 1846 443 1880 semper
458 1840 563 1879 vacat]
587 1841 638 1871 Sic
655 1841 717 1871 Ms.
735 1841 842 1872 Guelf.
858 1852 921 1872 non

229 1890 328 1920 vacet,
345 1890 380 1913 ut
396 1882 514 1921 vulgati
536 1884 655 1914 habent
669 1896 675 1913 :
701 1884 793 1924 idque
809 1886 923 1925 recepi.

230 1936 306 1956 nam
337 1934 366 1956 et
396 1934 463 1965 post
497 1934 573 1956 sunt
609 1928 780 1958 indicativi.
817 1930 859 1958 ita
894 1936 925 1958 et

229 1970 324 1999 edidit
340 1970 487 2000 Davisius
503 1977 533 1998 et
549 1970 717 2007 Buherius,
733 1971 787 2010 qui
807 1979 836 2002 et
859 1973 923 2012 ipse

232 2014 264 2042 in
282 2013 359 2043 Mss.
376 2013 486 2052 reperit
502 2019 602 2043 vacat.

275 2063 313 2087 19
336 2056 405 2084 bona
438 2054 629 2096 propendent]
667 2057 687 2086 i.
724 2066 751 2086 e.
780 2067 923 2097 praepon-

229 2100 347 2128 derant.
366 2099 410 2128 sic
427 2106 457 2128 et
466 2106 510 2128 est
523 2109 618 2138 supra
630 2109 657 2129 c.
673 2105 720 2134 17.
736 2100 799 2130 Ms.
816 2101 922 2130 Guelf.

230 2142 325 2171 babet
337 2142 530 2180 perpenderit,
550 2144 632 2172 unde
653 2143 803 2181 conjicias
818 2144 921 2183 legen-

230 2186 310 2215 dum
322 2185 538 2224 propenderint.

274 2236 314 2258 20
337 2228 435 2257 horum
459 2226 582 2266 ratione]
610 2228 660 2258 Sic
685 2231 817 2259 correxit
844 2228 925 2258 Ben-

230 2271 334 2306 tleius,
352 2271 525 2310 probatque
542 2272 710 2308 Buherius,
726 2273 781 2302 etsi
798 2282 923 2308 omneS,

230 2322 265 2344 ut
281 2315 334 2350 ait,
347 2314 416 2344 libri
431 2315 568 2343 habeant
577 2314 707 2344 bonorum
718 2315 766 2345 vel
777 2315 924 2346 honorum.

228 2364 259 2386 ar
278 2359 338 2388 Ms.
356 2357 463 2387 Guelf.
479 2357 572 2396 plane
595 2357 689 2388 habet
713 2358 822 2395 horum,
839 2360 923 2388 unde

228 2402 363 2436 factum,
390 2401 477 2429 velut
501 2410 518 2430 e
546 2401 748 2440 compendio,
777 2401 922 2439 honorum,

225 2444 338 2474 deinde
355 2444 496 2473 bonorum.

269 2493 304 2516 21
333 2497 381 2515 nec
396 2497 458 2514 eam
475 2485 560 2514 minis
575 2493 626 2515 aut
640 2484 754 2525 bland]
773 2487 824 2517 Sic
840 2488 921 2517 edidi

227 2539 242 2558 e
266 2530 459 2558 correctione
486 2528 618 2558 Bentleii
641 2530 783 2559 evidente
810 2537 840 2560 et
867 2540 921 2560 ne-

226 2572 370 2607 cessaria,
388 2581 442 2610 pro
457 2571 586 2609 vulgato
602 2571 728 2601 minimis
744 2572 921 2601 blandimen-

226 2615 273 2643 tis.
291 2624 362 2644 earn
379 2621 408 2643 et
425 2615 570 2644 Davisius
594 2622 623 2644 et
644 2616 800 2645 Buherius
819 2617 918 2645 secuti

224 2664 311 2687 sunt⁴
357 2658 392 2686 In
420 2658 481 2687 ΜΞ.
508 2657 614 2686 Guelf.
638 2664 684 2686 est
705 2657 831 2686 minimis
859 2668 916 2687 cor-

224 2707 309 2739 rupta
327 2699 548 2728 blandimentis:
566 2701 650 2729 unde
663 2700 812 2740 colligam
824 2702 918 2732 fuisse

223 2743 307 2772 minis
323 2753 395 2772 corr.
411 2749 463 2771 au't
479 2742 691 2773 blandimentis.

266 2794 304 2817 ¹22
329 2786 430 2814 habere
459 2797 486 2815 se
516 2786 654 2815 videntur
683 2785 845 2824 angustius]
880 2787 916 2815 In

223 2830 334 2867 majori
364 2829 549 2858 difficultate
580 2839 658 2863 csse,
692 2830 854 2868 quomodo
885 2839 917 2859 se

222 2882 377 2912 suamque
393 2873 583 2903 sententiam
604 2873 784 2903 defendant.
799 2879 918 2901 enatant

967 1848 1074 1879 tamen,
1097 1843 1151 1873 sed
1175 1850 1282 1873 tamen
1306 1848 1470 1882 utcunque
1488 1851 1521 1872 se
1544 1852 1581 1872 ex
1607 1842 1660 1873 illa

966 1885 1153 1915 difficultate
1168 1885 1351 1925 expediunt.

1012 1935 1049 1958 28
1075 1929 1125 1969 qui
1139 1928 1280 1957 desertum
1303 1928 1324 1959 ι’.
1345 1925 1537 1967 Carneadem]
1556 1928 1661 1967 Vulgo

968 1978 1013 2000 est
1035 1970 1183 2001 disertum.
1208 1979 1239 2002 et
1265 1972 1324 2001 fuit
1346 1981 1421 2001 sane
1439 1970 1584 2000 diserrus:
1607 1972 1660 2001 sed

966 2014 1042 2052 quid
1059 2014 1089 2044 id
1105 2014 1143 2045 ad
1159 2023 1301 2044 causam.
1348 2015 1424 2044 Mss-
1451 2013 1556 2052 plures
1578 2014 1660 2044 bene

967 2056 1084 2087 habent
1107 2057 1259 2094 desertum,
1283 2058 1368 2096 quod
1397 2066 1474 2086 cum
1506 2057 1659 2094 Bentleio,

967 2100 1107 2137 Davisio‚
1119 2101 1256 2130 Buherio
1267 2101 1413 2130 reducere
1426 2109 1489 2129 non
1506 2100 1659 2131 dubitavi.

967 2143 1067 2173 Vocat
1091 2150 1199 2174 autem
1226 2143 1378 2180 desertum,
1400 2143 1474 2183 quia
1497 2142 1565 2180 ejus
1589 2153 1659 2172 sen-

969 2186 1101 2216 tentiam
1116 2187 1155 2217 de
1169 2196 1301 2216 summo
1319 2186 1403 2216 bono
1426 2195 1523 2215 nemo
1536 2186 1659 2215 Acade—

969 2229 1128 2259 micorum
1144 2236 1213 2269 post
1228 2239 1304 2259 eum
1320 2230 1468 2259 defendit.

1011 2279 1050 2302 24
1074 2283 1152 2301 nemo
1174 2279 1215 2301 est
1237 2272 1324 2308 enim,
1349 2272 1400 2312 qui
1421 2281 1513 2301 eorum
1526 2268 1569 2310 b.]
1588 2271 1659 2302 Hoc

966 2324 1033 2345 esse
1058 2315 1221 2351 vitiosum,
1251 2315 1456 2345 consentiunt
1482 2314 1539 2343 viri
1564 2315 1659 2344 docti.

966 2357 1026 2387 Sed
1048 2359 1168 2388 variant
1189 2359 1220 2388 in
1239 2358 1432 2396 corrigendo.
1477 2356 1657 2388 Bentleius:

966 2400 1037 2440 quin
1058 2411 1192 2430 verorum
1212 2400 1363 2429 bonorum.-
1387 2400 1555 2430 Davisius:
1579 2411 1660 2430 nemo

967 2450 1010 2471 es!
1024 2443 1098 2473 enim
1115 2454 1219 2479 eorum,
1242 2443 1292 2484 qui
1314 2442 1444 2472 bonorum
1460 2442 1589 2471 animum
1604 2454 1658 2472 non

963 2492 1045 2523 putet
1075 2488 1133 2517 διο.
1159 2495 1257 2525 quarn
1288 2486 1430 2516 maxime
1457 2485 1566 2525 probat
1594 2486 1656 2516 Bu-

965 2529 1084 2564 herius,
1112 2535 1143 2559 et
1170 2530 1235 2568 ipse
1264 2535 1340 2567 puto
1371 2538 1437 2559 esse
1468 2527 1653 2560 meliorem:

965 2571 1077 2601 malim
1093 2579 1201 2601 tamen
1218 2571 1287 2612 quin
1303 2571 1327 2599 b.
1346 2583 1375 2601 a.
1387 2577 1472 2610 putet
1487 2583 1510 2600 e.
1528 2581 1605 2602 mox
1621 2572 1659 2602 in>

963 2625 1082 2656 eumque
1103 2614 1312 2654 condocgfirciat
1333 2615 1505 2645 addiderim
1523 2614 1586 2644 ita:
1610 2615 1655 2644 sic

962 2663 994 2685 ut
1010 2657 1090 2687 nihil
1106 2657 1288 2688 offensionis
1302 2657 1441 2687 habebit.

1006 2707 1044 2731 25
1068 2707 1166 2729 contra
1193 2707 1309 2730 mortem
1339 2707 1391 2730 au!
1420 2697 1555 2738 dolorem]
1590 2699 1653 2729 MS„

962 2742 1069 2773 Guelf.
1084 2755 1120 2771 an
1136 2742 1268 2780 dolorem,
1287 2750 1321 2773 ut
1337 2743 1444 2783 paullo
1460 2750 1527 2782 post
1543 2749 1600 2774 est.

1005 2791 1045 2816 26
1068 2786 1103 2815 de
1119 2793 1206 2815 morte
1221 2799 1245 2815 e.
1262 2786 1305 2815 ita
1322 2784 1422 2825 sentit]
1440 2786 1483 2814 ita
1503 2786 1584 2815 bene
1599 2795 1655 2824 pro

960 2829 1089 2867 vulgato
1117 2829 1172 2857 isra
1201 2829 1359 2866 Davisius,
1389 2835 1498 2868 estque
1527 2829 1559 2858 in
1591 2828 1653 2857 Ms-

961 2872 1049 2902 Leid.
