1768 3095
547 114 729 157 LIBER
765 114 1009 157 PRIMUS.
1466 121 1519 164 97

87 237 219 273 eunt:
249 229 323 287 qui
341 242 417 271 nec
447 227 568 269 facile
599 227 763 269 efficere
787 226 935 283 possit,
963 223 1081 282 quod
1100 232 1291 275 conetur,
1311 238 1388 265 nec
1407 223 1519 265 obti-

90 299 202 338 nere,
222 286 257 328 si
274 284 456 328 effecerit
476 301 486 325 :
517 292 560 325 et
579 298 680 340 opes
701 283 764 324 vel
783 285 979 333 fortunae,
998 281 1066 323 vel
1085 281 1260 337 ingenii,
1279 280 1517 322 liberalitati

87 344 226 399 magis
253 341 531 391 conveniunt;
561 354 645 397 qua
663 340 736 397 qui
763 348 955 389 utuntur,
976 337 1296 380 benivolentiam
1318 335 1399 377 sibi
1417 350 1519 378 con·
1528 354 1560 385 p.
1573 349 1625 376 60.

87 399 246 451 cibant,
275 409 331 449 et,
350 396 464 453 quod
493 397 758 452 aptissimum
789 405 852 437 est
880 395 932 437 ad
954 395 1094 451 quiete
1113 393 1349 444 vivendum,
1369 393 1558 434 carita-³·

87 464 174 498 tem
194 471 205 505 3
236 455 463 511 praesertim
485 468 583 494 cum
604 453 778 494 omnino
799 452 913 494 nulla
933 453 987 495 sit
1006 466 1133 494 causa
1151 450 1367 507 peccandi.
1407 449 1519 491 Quae
1534 462 1582 494 53

81 512 201 553 -enim
219 510 468 567 cupiditates
489 525 513 550 a
529 520 676 551 natura
695 509 1030 566 proficiscuntur,
1052 508 1172 550 facile
1191 508 1413 564 explentur
1433 507 1520 548 sine

88 568 174 610 una
201 567 377 623 injuria:
407 572 445 599 6³
463 581 557 623 quae
588 578 727 608 autem
762 568 902 608 inanes
933 575 1044 617 sunt,
1074 566 1138 606 his
1170 565 1398 621 parendum
1434 577 1519 605 non

85 633 164 668 est.
185 623 287 664 nihil
306 623 418 664 enim
440 622 716 665 desiderabile
737 623 1058 678 concupiscunt,
1078 621 1258 678 plusque
1276 622 1319 662 in
1345 621 1435 677 ipsa
1455 620 1519 661 in-

78 679 193 736 juria
212 678 456 722 detrimenti
482 690 561 731 est,
581 695 707 736 quam
729 680 772 721 in
791 680 841 721 iis
862 680 988 721 rebus
1015 678 1308 728 emolumenti,
1327 692 1421 733 quae
1443 691 1517 732 pa-

84 735 250 778 riuntur
281 736 448 793 injuria.
509 738 657 792 Itaque
688 750 740 777 ne
753 737 963 792 justitiam
986 736 1156 792 quidem
1180 744 1292 776 recte
1313 735 1406 789 quis
1427 734 1517 776 dix-

83 793 162 834 erit
192 806 267 848 per
296 807 339 834 se
369 794 501 849 ipsam
532 792 778 848 optabilem,
798 792 870 834 sed
892 792 990 848 quia
1004 792 1282 849 jucunditatis
1304 791 1367 832 vel
1387 790 1518 847 pluri-

83 863 200 890 mum
231 850 389 891 afferat.
421 864 518 890 nam
547 849 670 905 diligi
698 859 741 891 et
769 863 912 891 carum
939 864 1042 899 esse,
1059 849 1296 905 jucundum
1320 857 1397 898 est,
1419 862 1518 904 pro-

83 915 240 962 pterea,
262 907 360 962 quia
390 907 592 948 tutiorem
613 907 756 957 vitam,
777 914 819 947 et
839 905 1100 962 voluptatem
1123 906 1250 947 efficit
1269 904 1516 962 pleniorem.

83 963 224 1019 itaque
246 977 329 1004 non
350 963 406 1004 ob
440 977 490 1004 ea
509 963 647 1004 solum
668 962 952 1013 incommoda,
971 978 1065 1019 quae
1086 963 1282 1004 eveniunt
1300 961 1520 1017 improbis,

83 1018 327 1074 fugiendam
358 1019 675 1075 improbitatem
704 1028 918 1075 putamus,
948 1019 1022 1060 sed
1051 1020 1189 1061 multo
1218 1019 1344 1060 etiam
1366 1019 1517 1074 magis,

83 1075 200 1132 quod
219 1076 339 1132 cujus
367 1076 410 1117 in
429 1076 573 1118 animo
591 1084 791 1127 versatur,
813 1091 1044 1132 numquam
1067 1077 1163 1118 sinit
1182 1090 1277 1117 eum
1300 1076 1516 1131 respirare,

83 1146 313 1188 numquam
342 1134 618 1189 acquiescere.
677 1133 807 1190 Quod
836 1134 870 1174 si
901 1147 952 1174 ne
975 1134 1160 1189 ipsarum
1193 1132 1365 1189 quidem
1387 1133 1516 1173 virtu-
1528 1145 1578 1177 54

81 1197 173 1230 tum
197 1189 301 1240 laus,
322 1189 364 1230 in
386 1204 469 1246 qua
500 1190 682 1231 maxime
703 1199 939 1232 ceterorum
961 1189 1310 1245 philosophorum
1335 1189 1519 1231 exsultat

81 1245 233 1295 oratio,
262 1247 441 1302 reperire
466 1255 608 1301 potest
636 1246 810 1297 exitum,
830 1247 909 1287 nisi
929 1247 1135 1302 dirigatur
1154 1246 1206 1287 ad
1227 1246 1487 1302 voluptatem
1503 1264 1515 1298 3

82 1301 274 1357 voluptas
305 1311 446 1343 autem
475 1312 538 1343 est
565 1302 669 1353 sola,
691 1317 784 1358 quae
816 1317 893 1343 nos
914 1313 1035 1344 vocet
1055 1303 1108 1344 ad
1130 1317 1187 1353 se,
1208 1312 1252 1344 et
1270 1303 1427 1344 alliciat
1445 1318 1515 1344 su-

81 1366 181 1413 apte
205 1367 377 1400 natura:
409 1373 493 1400 non
521 1367 660 1414 potest
689 1373 778 1399 esse
806 1359 998 1410 dubium,
1030 1360 1132 1414 quin
1154 1359 1199 1400 id
1226 1359 1280 1400 sit
1299 1374 1515 1400 summum

80 1422 209 1469 atque
238 1424 471 1456 extremum
502 1416 711 1456 bonorum
747 1415 966 1457 omnium:
998 1416 1206 1471 beateque
1236 1416 1381 1466 vivere,
1412 1416 1516 1457 nihil

80 1469 195 1511 aliud
225 1471 291 1522 sit,
312 1472 389 1512 nisi
422 1486 518 1513 cum
549 1471 762 1527 voluptate
783 1473 931 1513 vivere.
994 1472 1106 1513 Huic
1127 1481 1267 1523 certae‚
1288 1472 1514 1529 stabilique
1534 1474 1596 1528 17

78 1526 296 1568 sententiae
318 1542 411 1583 quae
432 1529 513 1568 sint
533 1529 773 1584 conjuncta,
793 1528 1014 1583 explicabo
1035 1529 1162 1569 brevi.

136 1582 294 1625 Nullus
315 1584 357 1625 in
388 1584 487 1640 ipsis
519 1598 633 1625 error
661 1594 725 1626 est
745 1585 897 1625 finibus
918 1586 1142 1636 bonorum,
1165 1595 1208 1626 et
1227 1586 1452 1638 malorum,
1473 1586 1514 1627 id
1528 1601 1576 1632 55

79 1647 159 1690 est,
191 1639 233 1681 in
260 1640 491 1697 voluptate,
522 1650 596 1681 aut
623 1641 664 1681 in
698 1640 873 1682 dolore:
906 1641 979 1682 sed
1010 1642 1052 1683 in
1084 1642 1148 1683 his
1180 1642 1304 1683 rebus
1323 1653 1516 1698 peccant,

79 1708 194 1746 cum,
215 1710 238 1737 e
258 1697 412 1753 quibus
444 1697 534 1738 haec
558 1697 803 1750 efficiantur,
822 1698 1034 1753 ignorant.
1056 1699 1184 1739 animi
1207 1708 1346 1740 autem
1370 1699 1518 1756 volup-

77 1758 187 1794 tates
202 1761 245 1794 et
264 1753 430 1795 dolores
446 1753 560 1795 nasci
576 1755 758 1796 fatemur
771 1770 792 1794 e
810 1756 998 1810 corporis
1019 1756 1320 1811 voluptatibus,
1337 1765 1379 1797 et
1393 1756 1515 1798 dolo-

77 1807 209 1850 ribus.
240 1810 388 1866 Itaque
407 1811 598 1852 concedo
619 1811 734 1866 quod
753 1812 883 1852 modo
906 1812 1088 1863 dicebas,
1104 1812 1253 1854 cadere
1268 1827 1407 1863 causa,
1429 1819 1468 1845 66
1482 1814 1516 1854 si

77 1865 151 1921 qui
171 1879 194 1906 e
213 1867 365 1908 nostris
386 1867 506 1908 aliter
531 1868 797 1909 existiment:
830 1883 936 1924 quos
957 1869 1128 1925 quidem
1149 1870 1268 1911 video
1291 1884 1382 1911 esse
1403 1871 1515 1912 mul-

77 1929 162 1972 tos,
182 1921 258 1963 sed
279 1923 509 1977 imperitos.
568 1925 837 1981 Quamquam
861 1934 1001 1966 autem
1022 1935 1064 1967 et
1084 1926 1274 1968 laetitiam
1297 1927 1419 1968 nobis
1442 1943 1513 1968 vo-

77 1975 218 2032 luptas
247 1979 391 2031 animi,
422 1987 466 2021 et
494 1980 727 2021 molestiam
761 1981 883 2023 dolor
912 1983 1056 2024 afferat
1079 2000 1088 2024 z
1120 1998 1267 2025 eorum
1297 1994 1438 2026 tamen
1462 2000 1511 2025 u-
1524 1996 1556 2027 b„

77 2041 276 2090 trumque
304 2044 347 2076 et
377 2043 517 2076 ortum
545 2051 633 2077 esse
663 2052 685 2078 e
711 2052 901 2093 corpore,
920 2048 960 2080 et
983 2040 1034 2080 ad
1056 2055 1209 2096 corpus
1231 2041 1406 2082 referri:
1436 2056 1513 2082 nee

76 2090 135 2132 ob
155 2105 248 2133 eam
276 2105 445 2133 causam
468 2107 551 2134 non
573 2094 710 2135 multo
731 2095 910 2151 majores
931 2111 1020 2138 esse
1040 2106 1083 2138 et
1103 2097 1353 2153 voluptates,
1372 2109 1416 2139 et
1437 2098 1516 2140 do-

75 2145 186 2188 lores
211 2147 354 2197 animi,
375 2163 500 2205 quam
533 2151 736 2205 corporis.
759 2167 853 2192 nam
877 2166 1054 2208 corpore
1074 2154 1192 2204 nihil,
1214 2154 1292 2195 nisi
1314 2169 1512 2210 praesens3

74 2211 120 2245 et
139 2204 255 2260 quod
274 2204 407 2257 adest,
427 2206 579 2248 sentire
600 2221 848 2262 possumus:
880 2209 1022 2250 animo
1043 2220 1200 2261 autem,
1222 2222 1266 2252 et
1285 2213 1512 2267 praeterita,

75 2267 119 2301 et
136 2261 292 2303 futura.
313 2270 361 2303 ut
387 2263 499 2303 enim
522 2278 641 2319 aeque
662 2264 880 2305 doleamus
902 2266 1059 2316 animo,
1079 2280 1176 2307 cum
1199 2281 1375 2323 corpore
1393 2267 1512 2308 dole-

75 2330 196 2358 mus:
229 2317 317 2359 fieri
341 2326 483 2359 tamen
511 2334 744 2375 permagna
771 2322 955 2362 accessio
973 2331 1129 2377 potest,
1150 2323 1183 2363 si
1204 2324 1376 2379 aliquod
1397 2330 1434 2360 67
1455 2339 1512 2365 ae-

74 2379 241 2415 ternum
263 2383 306 2416 et
324 2375 534 2416 infinitum
556 2376 798 2432 impendere
819 2378 978 2419 malum
999 2379 1120 2420 nobis
1141 2380 1376 2434 opinemur.
1398 2381 1515 2436 quod

75 2427 188 2471 idem
218 2430 319 2472 licet
348 2433 570 2474 transferre
597 2433 642 2474 in
672 2434 946 2489 voluptatem,
967 2445 1015 2477 ut
1036 2450 1085 2476 ea
1105 2437 1242 2493 major
1262 2437 1330 2488 sit,
1352 2439 1386 2478 si
1409 2438 1512 2479 nihil

74 2554 113 2584 ad
137 2554 347 2595 impotentem
372 2557 562 2595 referuntur,
588 2558 634 2588 sic
661 2558 770 2599 ingenii
814 2570 879 2590 non
896 2563 1083 2592 necessarias
1099 2570 1129 2592 et
1144 2572 1252 2594 vanas.
1269 2564 1310 2593 cf.
1327 2573 1356 2594 c.
1376 2570 1424 2595 18.

74 2597 114 2627 ad
129 2596 281 2637 infantem.
299 2600 492 2639 conjecturae
506 2601 647 2631 virorum
662 2602 771 2632 docto·
858 2608 898 2633 66
914 2604 950 2633 Si
963 2605 1015 2646 qui
1029 2616 1043 2634 e
1058 2617 1086 2635 n.
1100 2606 1188 2635 aliter
1203 2605 1378 2646 existiment]
1399 2609 1450 2638 Sic
1467 2607 1511 2637 le-

74 2649 148 2670 rum
171 2642 280 2673 minus
306 2643 482 2682 probabiles
508 2651 585 2674 sunt
607 2651 663 2674 aut
687 2652 769 2684 aptae
812 2647 955 2685 gendum
978 2654 1036 2685 est,
1053 2657 1119 2679 non
1144 2649 1327 2687 existimant,
1350 2657 1386 2680 ut
1408 2658 1454 2681 est
1477 2652 1510 2680 in

73 2682 151 2712 huic
167 2683 249 2722 loco,
265 2691 301 2715 ut
316 2685 422 2726 irffami
437 2686 568 2717 Davisii.
613 2688 645 2717 Si
660 2695 770 2718 autem
812 2689 962 2728 vulgatis.

75 2723 184 2765 irfimti
197 2734 338 2758 servatur
353 2730 449 2759 etiam
466 2737 553 2771 atque
562 2731 768 2768 servandum,
855 2736 894 2767 67
912 2741 1051 2762 aeternurn
1072 2740 1161 2775 atque
1178 2734 1326 2772 infinitum
1350 2736 1512 2775 impendere

75 2776 218 2816 non-qut
242 2770 514 2810 substituendum,
541 2780 577 2803 ut
602 2774 724 2804 factum
751 2783 770 2803 a
811 2773 934 2813 malum]
962 2775 999 2805 In
1022 2776 1159 2815 vulgatis
1181 2784 1227 2807 est
1252 2778 1402 2812 malorum,
1424 2780 1509 2818 quod

75 2809 215 2841 Davmo.
810 2818 879 2847 sine
905 2819 1102 2849 haesitatione
1126 2821 1258 2851 conexi.
1302 2822 1449 2851 Davisius
1480 2829 1511 2851 et

119 2856 159 2883 65
175 2864 241 2893 quae
258 2854 354 2885 inanes
376 2856 454 2896 sunt]
474 2858 494 2888 i.
508 2868 535 2890 e.
553 2865 707 2899 appetunt
721 2868 767 2889 res
811 2860 845 2889 in
861 2859 940 2891 Mss.
957 2862 1069 2901 reperit
1084 2862 1205 2893 malum.
1229 2863 1281 2893 Sic
1297 2871 1328 2894 et
1343 2864 1412 2894 edd.
1426 2874 1473 2903 pr.

133 2906 250 2937 VOL.
273 2909 342 2939 IV.
363 2911 402 2939 P.
423 2911 456 2940 1.
800 2913 833 2941 H
