1778 3095
240 122 317 156 238
594 116 849 155 TUSCUL.
879 110 1319 154 QUAESTIONUM

239 238 325 265 uno
345 224 472 267 verbo
494 225 654 267 malum
675 225 951 281 appellamus,
968 224 1010 266 id
1029 234 1094 266 tot
1115 224 1253 265 modis
1272 236 1396 279 posse
1413 222 1566 265 dicere.
1597 223 1672 265 de-

240 280 332 323 finis
353 289 400 323 tu
419 282 538 334 mihi,
559 297 643 324 non
663 282 776 324 tollis
798 282 1003 333 dolorem,
1024 296 1121 323 cum
1153 280 1257 321 dicis
1286 293 1498 335 asperum,
1523 289 1672 322 contra

240 346 447 390 naturam,
479 339 546 380 vix
578 338 695 395 quod
726 339 838 390 ferri,
867 338 1121 394 tolerarique
1150 337 1311 393 possit:
1351 350 1427 377 nec
1458 336 1672 377 mentiris:

239 394 314 436 sed
335 410 378 436 re
398 396 674 437 succumbere
699 410 781 437 non
810 395 1047 450 oportebat,
1069 402 1109 429 39
1122 394 1257 435 verbis
1276 393 1546 449 gloriantem,
1567 392 1670 433 dum

239 451 344 493 nihil
371 453 548 503 bonum,
571 452 649 493 nisi
678 451 792 508 quod
822 452 1076 492 honestum:
1109 450 1212 491 nihil
1242 450 1416 499 malum,
1447 449 1524 490 nisi
1554 448 1671 504 quod

195 514 227 546 b.
239 515 374 564 turpe.
435 509 594 564 Optare
613 509 695 550 hoc
716 507 886 563 quidem
910 517 988 557 est,
1007 522 1091 548 non
1118 507 1284 548 docere.
1315 506 1419 547 illud
1441 515 1483 547 et
1504 505 1672 556 melius,

237 573 280 606 et
299 565 463 607 verius:
498 565 654 616 omnia,
683 574 724 597 40
742 580 836 620 quae
870 572 1018 604 natura
1045 574 1302 619 aspernetur,
1331 563 1373 603 in
1402 563 1523 604 malis
1551 576 1671 603 esse:

236 636 331 676 quae
353 622 543 672 asciscat,
564 622 606 662 in
627 622 761 674 bonis.
784 621 866 661 hoc
886 620 1040 674 positO,
1058 630 1101 661 et
1117 621 1338 661 verborum
1359 618 1673 660 concertatione

235 678 416 729 sublata,
436 687 602 719 tantum
623 686 765 718 tamen
784 676 960 718 excellet
980 676 1100 727 illud,
1117 676 1232 732 quod
1251 685 1364 717 recte
1384 677 1674 731 amplexantur

235 734 319 785 isti,
333 735 450 789 quod
466 735 709 785 honestum,
724 733 841 789 quod
855 743 1032 784 rectum,
1047 732 1161 789 quod
1179 732 1378 774 decorum
1398 732 1674 788 appellamus,

236 791 353 846 quod
373 791 484 832 idem
505 790 719 832 interdum
740 790 905 832 virtutis
935 790 1104 831 nomine
1134 789 1442 844 amplectimur,
1463 800 1511 830 ut
1531 789 1674 829 omnia

237 856 453 902 praeterea,
470 862 564 903 quae
581 847 695 888 bona
711 847 915 903 corporiS,
934 855 977 887 et
997 847 1175 888 fortunae
1196 854 1412 902 putantur,
1428 846 1672 901 perexigua,

237 912 281 945 et
299 903 464 945 minuta
484 903 701 946 videantur
722 921 732 945 t
764 919 817 945 ne
842 903 1000 945 malum
1033 903 1204 959 quidem
1235 902 1385 953 ullum,
1407 911 1444 934 41
1464 917 1554 953 nec,
1574 902 1609 943 si
1630 901 1672 942 in

236 974 370 1001 unum
391 960 534 1002 locum
555 961 708 1002 collata
728 960 870 1002 omnia
889 961 987 1012 sint,
1007 975 1104 1001 cum
1126 959 1396 1014 turpitudinis
1416 959 1530 1000 malo
1552 973 1671 1000 com-

174 1025 220 1057 31
237 1017 436 1071 paranda.
497 1018 656 1068 Quare,
678 1018 726 1067 si,
746 1026 793 1058 ut
823 1017 942 1058 initio
973 1016 1229 1067 concessisti,
1251 1025 1291 1048 42
1306 1015 1524 1071 turpitudo
1553 1015 1672 1071 pejus

237 1083 316 1125 est,
337 1088 464 1129 quam
487 1073 635 1115 dolor:
667 1074 772 1115 nihil
791 1083 856 1115 est
875 1073 999 1128 plane
1018 1072 1154 1114 dolor.
1186 1087 1282 1113 nam
1305 1072 1408 1113 dum
1428 1072 1506 1113 tibi
1534 1081 1672 1127 turpe,

237 1144 313 1171 nec
334 1130 512 1186 dignum
533 1131 619 1172 viro
638 1130 861 1180 videbitur,
878 1144 1064 1185 gemere,
1080 1128 1251 1185 ejulare,
1268 1129 1501 1179 lamentari,
1521 1129 1673 1184 frangi,

237 1194 275 1218 4³
291 1186 502 1228 debilitari
530 1187 693 1237 dolore,
715 1196 807 1228 tum
836 1187 1049 1237 honestas,
1071 1193 1163 1226 tum
1192 1184 1389 1240 dignitaS,
1419 1193 1512 1225 tum
1543 1184 1672 1226 decus

235 1243 396 1285 aderit:
428 1252 468 1276 44
482 1258 667 1299 cumque
697 1244 738 1284 in
769 1258 819 1283 ea
848 1243 1030 1294 intuens,
1056 1250 1097 1282 te
1127 1241 1388 1282 continebis:
1421 1240 1543 1281 cedet
1573 1255 1672 1296 pro-

235 1300 349 1341 fecto
369 1300 510 1341 virtuti
531 1299 666 1350 dolor,
688 1308 732 1341 et
751 1299 880 1340 animi
897 1299 1143 1340 inductione
1170 1297 1429 1353 languescet.
1458 1304 1533 1338 aut
1561 1297 1675 1338 enim

237 1356 353 1397 nulla
372 1356 500 1397 virtus
526 1364 602 1407 est,
624 1365 697 1398 aut
729 1355 1065 1398 contemnendus
1098 1355 1234 1395 omnis
1265 1354 1400 1395 dolor.
1432 1362 1471 1386 45
1490 1353 1674 1408 pruden-

235 1413 394 1454 tiamne
413 1413 472 1454 vis
492 1427 599 1464 esse,
619 1414 708 1454 sine
737 1428 821 1469 qua
849 1427 900 1454 ne
927 1411 1108 1468 intelligi
1127 1411 1297 1467 quidem
1320 1411 1407 1452 ulla
1425 1410 1553 1452 virtus
1574 1418 1674 1466 pot-

234 1471 326 1511 est?
363 1469 466 1525 quid
493 1485 597 1526 ergo
629 1472 707 1511 ea?
740 1470 979 1526 patieturne
1008 1478 1050 1510 te
1080 1468 1310 1525 quidquam
1346 1468 1482 1509 facere
1513 1473 1554 1498 4⁶
1569 1466 1674 1508 nihil

233 1526 542 1582 proficientem,
562 1535 605 1568 et
624 1527 915 1568 laborantem?
940 1541 992 1567 an
1013 1525 1290 1581 temperantia
1309 1524 1418 1566 sinet
1444 1533 1487 1565 te
1517 1524 1671 1564 immo-

235 1582 379 1624 derate
406 1583 545 1625 faeere
575 1583 838 1639 quidquam?
873 1598 925 1624 an
956 1583 1039 1624 coli
1063 1582 1228 1638 justitia
1254 1581 1410 1636 poterit
1428 1581 1481 1621 ab
1500 1579 1672 1621 homine

236 1648 410 1696 propter
429 1641 509 1681 vim
533 1640 692 1682 doloris
712 1639 957 1681 enuntiante
977 1639 1218 1689 commissa,
1237 1637 1441 1693 prodente
1466 1636 1674 1687 conscios,

174 1703 225 1736 32
238 1697 374 1738 multa
402 1696 539 1738 officia
572 1697 858 1753 relinquente?
901 1695 1044 1753 Quid?
1080 1694 1331 1746 fortitudini,
1361 1694 1674 1749 comitibusque

238 1753 345 1810 ejus,
362 1753 647 1809 magnitudini
666 1753 809 1804 animi,
831 1752 1040 1808 gravitati,
1059 1751 1288 1807 patientiae,
1307 1765 1447 1792 rerum
1467 1750 1674 1791 humana-

236 1825 333 1851 rum
354 1809 652 1865 despicientiae,
674 1825 760 1865 quo
781 1809 913 1851 modo
933 1808 1234 1864 respondebis?
1267 1807 1514 1857 afflictusne,
1538 1814 1581 1846 et
1604 1805 1673 1861 ja-

238 1880 351 1917 cens,
372 1875 416 1907 et
446 1874 483 1903 47
499 1866 760 1908 lamentabili
790 1880 891 1907 voce
922 1865 1159 1921 deplorans,
1180 1864 1340 1916 audies,
1360 1864 1399 1905 O
1430 1863 1564 1905 virum
1585 1862 1674 1903 for-

238 1925 359 1964 tem?
398 1923 460 1964 Te
489 1937 586 1964 vero
615 1923 674 1964 ita
707 1923 902 1964 affectum
935 1936 987 1963 ne
1016 1922 1148 1963 virum
1180 1921 1351 1977 quidem
1382 1919 1532 1961 dixerit
1560 1919 1675 1975 quis-

240 1994 383 2036 quam.
414 1987 453 2011 48
471 1979 701 2021 amittenda
726 1980 859 2035 igitur
887 1978 1095 2020 fortitudo
1123 1986 1200 2029 est,
1221 1987 1294 2019 aut
1314 1976 1575 2032 sepeliendus
1595 1975 1672 2016 do-

164 2031 231 2081 14
242 2037 321 2079 lor.
360 2045 401 2070 49
414 2036 581 2094 Ecquid
600 2036 680 2078 scis
699 2036 845 2092 igitur,
866 2036 902 2077 si
920 2035 1022 2092 quid
1043 2034 1095 2077 de
1118 2034 1350 2076 Corinthiis
1369 2034 1452 2075 tuis
1471 2032 1674 2083 amiseris,

281 2167 322 2194 89
336 2160 434 2190 verbis
445 2159 632 2200 gloriantem,
649 2158 716 2189 dum
731 2157 808 2188 nihil
820 2158 933 2198 bonum]

237 2203 304 2232 lum
319 2204 387 2234 sine
401 2204 499 2233 dubio
514 2204 665 2233 vitiosum
681 2209 737 2233 est.
776 2202 936 2232 Bentleius

236 2247 373 2277 correxit
387 2246 506 2282 dudum,
522 2252 558 2276 ut
578 2247 614 2275 ad
636 2245 809 2285 gloriantem
824 2246 934 2276 refera-

237 2297 300 2320 tur.
322 2289 438 2320 melius
453 2289 609 2319 delebitur
623 2289 817 2328 simpliciter.

282 2340 323 2363 4ο
346 2343 412 2374 quae
427 2343 455 2362 η.
472 2331 651 2371 aspernetur]
673 2332 724 2362 Sic
747 2331 933 2370 legendum,

241 2386 306 2406 non
327 2383 363 2405 ut
385 2375 482 2414 vulgo
509 2382 566 2412 est,
590 2382 775 2414 aspernatur,
803 2384 879 2404 nam
906 2381 936 2403 et

239 2418 362 2448 asciscat
377 2424 422 2448 est
436 2419 468 2447 in
485 2425 635 2458 sequente
652 2418 808 2447 membro.

284 2469 322 2491 41
347 2471 408 2497 nec,
434 2460 608 2490 ‚ti—collata
633 2460 726 2489 otnm'a
750 2457 822 2500 sint]
849 2458 936 2488 Male

238 2504 336 2543 vulgo
352 2510 428 2533 sunt.

285 2554 324 2577 42
348 2545 494 2585 turpitudo
514 2545 598 2585 ptius
619 2543 672 2583 est]
699 2545 762 2575 Int.
786 2544 866 2587 quid.
890 2554 936 2575 re·

173 2603 178 2609 ·
240 2590 373 2630 spondet
389 2589 420 2618 in
436 2598 500 2627 seq.
516 2587 601 2618 nihil.

286 2639 325 2663 43
348 2630 498 2660 debilitari
509 2629 614 2668 dolore]
633 2631 717 2660 Bene
732 2632 778 2660 sic
794 2640 935 2661 correxe-

241 2686 274 2707 re
290 2675 471 2709 Manutius,
487 2673 634 2704 Davisius
650 2673 817 2712 vulgatum
832 2673 935 2702 debili-

242 2718 314 2756 tari,
331 2716 434 2753 dolere,
450 2717 536 2756 quod
547 2722 594 2746 est
610 2717 766 2756 ineptum.

284 2769 324 2792 44
341 2768 428 2802 tuque
442 2759 472 2788 in
485 2771 518 2789 ea
530 2758 695 2798 intueberis]
712 2760 791 2789 Mss-
803 2759 935 2798 quidam

239 2805 324 2844 apud
351 2804 525 2833 Gruterum
555 2809 585 2832 et
614 2803 683 2833 edd.
712 2808 787 2832 vett.
818 2802 936 2832 habent

241 2857 371 2890 nmque.
393 2846 445 2877 alii
462 2855 511 2886 ap.
526 2845 695 2877 Davisium
710 2856 829 2888 cumque
852 2845 882 2875 in
902 2857 935 2875 ea

978 2158 1100 2189 intuens.
1123 2159 1208 2198 quod
1230 2167 1307 2188 cum
1331 2157 1397 2197 ipso
1419 2158 1532 2196 recepi.
1558 2156 1672 2187 malim

979 2209 1087 2232 tamen
1111 2209 1196 2242 tuque
1219 2201 1248 2230 in
1271 2213 1303 2230 ea
1325 2200 1448 2237 intuens,
1468 2207 1503 2230 ut
1525 2200 1620 2230 habet
1643 2206 1674 2230 et

978 2245 1042 2276 Ms.
1060 2245 1166 2275 Guelf.

1020 2295 1059 2318 45
1071 2287 1294 2327 prudentiamne
1303 2285 1350 2315 vis
1363 2283 1431 2325 esse]
1445 2285 1495 2315 Se.
1507 2286 1673 2315 virtutem.

1020 2336 1061 2361 46
1085 2330 1161 2359 nihil
1173 2329 1370 2369 proficientem
1389 2335 1415 2357 et
1433 2327 1619 2366 laborantem]
1641 2328 1672 2358 Si

978 2374 1022 2403 sic
1043 2374 1152 2403 Cicero
1172 2373 1267 2408 dedit,
1283 2381 1393 2402 sensus
1416 2379 1473 2408 est,
1490 2381 1567 2401 curn
1591 2371 1672 2402 nihil

978 2417 1121 2456 proficias
1144 2416 1198 2446 etsi
1220 2415 1352 2451 labores,
1370 2424 1446 2445 cum
1462 2421 1569 2444 tamen
1586 2414 1672 2444 labo-

979 2469 1035 2489 res.
1058 2459 1122 2489 Alii
1138 2459 1299 2497 conjecere
1314 2465 1340 2486 et
1348 2458 1466 2497 frustra
1481 2457 1671 2495 laborantem,

980 2509 1035 2532 aut
1050 2501 1223 2531 laborantem
1240 2508 1267 2530 et
1282 2499 1573 2539 nihilprqficientem.

1024 2551 1061 2579 47
1088 2544 1156 2574 lam.
1186 2555 1255 2573 voce
1280 2542 1441 2583 deplorans]
1469 2543 1602 2574 Videtur
1629 2542 1673 2574 le-

979 2589 1120 2627 gendum
1131 2586 1259 2626 plorans.

1021 2638 1061 2661 48
1085 2630 1244 2660 amittenda
1268 2630 1288 2660 i.
1301 2627 1461 2669 firtitudo]
1485 2627 1632 2659 Davisius
1655 2637 1672 2657 e

980 2673 1042 2703 Ms.
1071 2674 1255 2703 Norvicensi
1282 2673 1365 2703 dedit
1394 2672 1544 2701 mittenda.
1576 2670 1671 2702 male.

980 2716 1123 2746 Ciceroni
1143 2717 1384 2746 usitatissimum
1404 2723 1451 2745 est
1469 2714 1602 2744 amittere
1617 2723 1672 2753 pro

978 2759 1135 2796 dimittere,
1152 2760 1287 2790 mittere.

1022 2809 1062 2834 49
1080 2803 1198 2845 Ecquid
1211 2802 1264 2833 scis
1279 2798 1387 2843 igitur]
1404 2800 1483 2832 Puto
1498 2799 1670 2841 legendum

978 2856 1076 2877 nescu.
