1778 3095
175 162 257 208 476
540 163 619 200 DE
645 161 911 200 NATURA
938 161 1206 203 DEORUM

71 269 411 319 p.s4.admodum
455 270 625 322 multas,
664 271 708 312 in
747 284 894 313 omnes
932 279 1070 327 partes
1108 270 1297 327 corporis
1341 266 1608 326 pertinentes.

139 327 559 371 ²·Quemadmodum
594 336 737 369 autem
770 328 956 385 reliquiae
993 329 1076 371 cibi
1112 327 1376 384 depellantur
1408 336 1501 369 tum
1534 328 1611 370 ad-

145 370 166 402 8
179 384 484 440 stringentibus
506 399 550 425 se
571 385 791 436 intestinis,
812 394 903 426 tum
930 385 1227 436 relaxantibus,
1248 383 1361 425 haud
1383 398 1482 425 sane
1501 383 1610 425 diffi-

177 442 257 482 cile
278 441 396 482 dictu
415 450 506 482 est:
537 441 609 482 sed
629 449 771 483 tamen
798 442 1136 497 praetereundum
1159 451 1237 492 est,
1259 455 1311 481 ne
1332 440 1435 497 quid
1454 441 1612 483 habeat

176 498 494 553 injucunditatis
530 499 680 539 oratio.
741 507 778 530 ⁵⁵
795 498 873 539 Illa
908 499 1050 554 potius
1089 499 1319 553 explicetur
1357 497 1612 539 incredibilis

178 554 337 596 fabrica
357 564 532 596 naturae.
592 556 706 596 Nam
728 570 822 610 quae
844 554 993 610 spiritu
1018 555 1060 595 in
1088 556 1310 610 pulmones
1331 555 1471 596 anima
1491 553 1615 595 duci-v

177 619 262 661 tur,
284 625 334 652 ea
363 611 534 653 calescit
562 611 746 666 primum
776 617 814 642 ⁵6
829 611 881 651 ab
911 625 963 651 eo
994 611 1157 666 spiritu,
1179 610 1329 652 deinde
1358 611 1616 666 contagione

176 667 453 723 pulmonumt
486 683 537 709 ex
556 682 688 722 eaque
707 681 803 722 pars
824 667 1012 708 redditur
1031 668 1288 722 respirando,
1310 682 1404 724 pars
1424 667 1613 723 concipi-

175 733 247 766 tur
266 724 403 766 cordis
425 733 544 779 parte
562 723 759 779 quadam,
782 731 817 759 ⁵7
835 738 961 779 quem
992 724 1270 765 ventriculum
1303 724 1440 766 cordis
1468 724 1616 780 appel-

176 781 290 822 lant:
322 782 391 822 cui
422 781 567 821 similis
597 780 703 821 alter
730 779 954 835 adjunctus
984 788 1062 831 est,
1084 780 1125 821 in
1155 795 1283 836 quem
1303 781 1475 836 sanguis
1496 796 1520 821 a
1543 780 1612 837 je-

177 851 276 879 core
308 852 382 892 per
417 851 563 877 venam
597 836 713 877 illam
742 851 885 877 cavam
919 837 1068 878 influit.
1128 838 1278 892 quue
1309 838 1438 878 modo
1468 852 1519 878 ex
1548 838 1613 879 his

176 894 366 949 partibus
397 901 438 934 et
471 892 640 948 sanguis
667 907 743 949 per
762 907 884 934 venas
902 894 945 934 in
967 908 1093 935 omne
1113 908 1265 949 corpus
1287 893 1550 945 diffunditur,
1571 903 1614 936 et

177 951 347 1007 spiritus
367 964 442 1005 per
461 950 646 990 arteriaS.
708 951 911 1006 Utraeque
930 959 1072 991 autem
1095 951 1252 992 crebrae
1270 950 1500 1005 multaeque
1524 960 1614 992 toto

178 1021 356 1062 corpore
377 1007 548 1047 intextae
567 1006 648 1046 vim
679 1007 890 1062 quandam
922 1007 1207 1049 incredibilem
1238 1007 1451 1048 artificiosi
1477 1007 1615 1061 operis

94 1071 167 1113 139
178 1063 389 1119 divinique
408 1072 629 1105 testantur.
687 1064 804 1121 Quid
834 1063 968 1104 dican]
1002 1063 1055 1104 de
1083 1064 1276 1105 ossibus?
1309 1079 1404 1119 quae
1425 1063 1617 1120 subjecta

178 1121 359 1176 corpori,
394 1120 606 1160 mirabiles
645 1121 943 1161 commissuras
976 1120 1148 1171 habent,
1184 1131 1226 1162 et
1258 1119 1311 1161 ad
1343 1119 1616 1161 stabilitatem

177 1186 311 1232 aptas,
332 1185 375 1218 et
394 1177 448 1218 ad
467 1186 582 1218 artus
612 1176 814 1218 finiendos
842 1177 1200 1227 accommodatas,
1221 1186 1265 1218 et
1289 1176 1343 1217 ad
1368 1186 1550 1228 motum,
1573 1185 1617 1218 et

177 1233 230 1274 ad
260 1248 431 1275 omnem
462 1233 650 1289 corporis
680 1234 903 1274 actionem.
964 1235 1064 1274 Huc
1095 1233 1203 1274 adde
1232 1247 1394 1283 nervos,
1414 1247 1438 1273 a
1462 1234 1615 1289 quibus

177 1298 292 1332 artus
327 1291 596 1331 continentur
616 1305 628 1340 3
669 1304 901 1346 eorumque
939 1290 1269 1346 implicationem
1308 1299 1401 1331 toto
1440 1304 1618 1345 corpore

179 1347 456 1402 pertinentem
476 1364 485 1388 ε
518 1347 604 1402 qui,
628 1354 665 1378 ⁵8
681 1347 790 1388 sicut
809 1362 921 1388 venae
951 1356 992 1387 et
1023 1347 1202 1397 arteriae,
1223 1362 1248 1387 a
1267 1346 1396 1388 corde
1416 1347 1553 1398 tracti,
1574 1353 1619 1388 et

98 1398 373 1459 56profecti,
394 1403 437 1443 in
465 1417 618 1458 corpus
649 1419 775 1445 omne
804 1403 1030 1445 ducuntur.
1089 1404 1162 1444 Ad
1182 1404 1290 1445 hanc
1311 1403 1617 1459 providentiam

95 1479 168 1512 140
181 1468 340 1501 naturae
376 1468 464 1500 tam
499 1460 762 1516 diligentem,
798 1471 972 1517 tamque
1006 1460 1236 1512 sollertem,
1273 1461 1449 1516 adjungi
1482 1460 1619 1501 multa

178 1525 372 1572 possunt,
394 1532 417 1557 e
446 1516 599 1572 quibus
625 1517 898 1573 intelligatur,
920 1527 1088 1573 quantae
1118 1532 1181 1559 res
1211 1517 1453 1558 hominibus
1475 1531 1500 1557 a
1520 1516 1617 1567 deo,

178 1588 393 1630 quamque
415 1574 578 1615 eximiae
599 1574 769 1615 tributae
792 1575 900 1616 sint:
933 1575 1005 1629 qui
1026 1575 1212 1629 primum
1243 1588 1316 1615 eos
1345 1574 1478 1614 humo
1503 1573 1618 1614 exci-

177 1639 289 1672 tatos
322 1630 457 1672 celsos
491 1640 534 1671 et
565 1641 729 1672 erectos
759 1632 995 1681 constituit,
1025 1639 1073 1671 ut
1103 1630 1280 1671 deorum
1311 1629 1616 1686 cognitionem,

177 1688 328 1728 caelum
353 1688 579 1737 intuentes,
601 1702 750 1742 capere
772 1696 958 1743 possent.
1020 1688 1128 1728 Sunt
1149 1687 1260 1727 enim
1285 1695 1324 1721 ⁵9
1340 1701 1363 1727 e
1395 1695 1505 1727 terra
1536 1686 1617 1728 ho-

177 1744 312 1784 mines
333 1758 416 1784 non
437 1752 485 1784 ut
506 1743 654 1784 incolae
675 1753 802 1800 atque
830 1744 1102 1794 habitatores,
1123 1743 1197 1784 sed
1218 1743 1337 1799 quasi
1358 1751 1618 1798 spectatores

178 1814 424 1855 superarum
455 1815 594 1841 rerum
626 1808 754 1856 atque
780 1801 1027 1851 caelestium,
1050 1815 1228 1856 quarum
1254 1800 1543 1856 spectaculum
1564 1799 1618 1840 ad

178 1856 341 1898 nullum
363 1856 476 1897 aliud
496 1871 630 1912 genus
652 1857 928 1898 animantium
950 1857 1144 1912 pertinet.
1195 1857 1351 1897 Sensus
1373 1866 1532 1908 autem,
1552 1856 1618 1897 in-

136 1921 168 1950 b.
178 1922 380 1968 terpretes
400 1927 448 1953 ac
469 1914 604 1954 nuntii
631 1929 787 1964 rerum,
807 1915 847 1954 in
876 1914 1028 1968 capite,
1047 1922 1265 1969 tamquam
1298 1913 1340 1954 in
1370 1928 1480 1964 arce,
1501 1913 1619 1954 miri-

179 1971 255 2011 fice
276 1970 328 2010 ad
349 1985 448 2011 usus
470 1971 726 2011 necessarios
744 1981 786 2011 et
802 1971 916 2020 facti,
933 1980 976 2011 et
993 1970 1191 2011 collocati
1213 1979 1324 2011 sunt.
1354 1972 1468 2011 Nam
1489 1969 1620 2022 oculi,

179 2035 396 2082 tamquam
429 2027 727 2082 speculatores,
750 2027 1002 2067 altissimum
1028 2027 1171 2067 locum
1192 2027 1388 2067 obtinent
1409 2044 1418 2067 :
1458 2042 1508 2067 ex
1531 2041 1618 2083 quo

94 2091 162 2123 141
177 2083 358 2138 plurima
380 2084 698 2138 conspicientes,
718 2085 948 2138 fungantur
967 2099 1044 2124 suo
1065 2098 1251 2124 munere.
1300 2085 1356 2124 Et
1376 2098 1496 2124 aures
1517 2098 1616 2124 cum

179 2155 329 2181 sonum
352 2140 564 2195 percipere
587 2140 783 2191 debeant,
806 2147 846 2172 60
863 2140 935 2196 qui
955 2150 1105 2181 natura
1125 2139 1306 2181 sublime
1325 2140 1481 2191 fertur3
1504 2147 1619 2181 recte

224 2263 260 2285 55
291 2254 346 2283 Illa
356 2255 452 2293 potius
469 2254 671 2295 e.i.f⁷br.²ca]
694 2255 765 2291 Illa,
783 2256 876 2294 cujus
917 2253 1058 2295 prqucti]
1085 2254 1189 2294 Vulgo
1217 2262 1261 2284 est
1285 2263 1388 2284 rracrae
1415 2262 1442 2284 et
1466 2256 1617 2295 profectae.

178 2307 272 2337 supra
289 2299 409 2327 mentio
426 2299 507 2327 facta
524 2298 554 2327 in
572 2298 790 2337 pulmonibus.

191 2346 195 2349 ”
224 2346 263 2371 56
287 2341 323 2369 ab
339 2353 367 2370 eo
382 2341 499 2380 spiritu,
517 2340 616 2370 deinde
632 2342 795 2380 contagione
805 2340 877 2380 pul·

180 2382 308 2423 monum]
325 2396 343 2413 a
358 2384 463 2423 spiriru
477 2393 522 2414 sc.
541 2394 590 2420 eo,
607 2394 672 2423 quo
695 2385 821 2414 ducitur
845 2384 876 2413 in

180 2426 348 2465 pulmones
359 2428 708 2466 anima—contagiones).
720 2428 794 2466 quia
807 2426 876 2465 pul-

182 2479 291 2498 mones
308 2478 383 2500 sunt
399 2470 504 2506 calidi,
521 2477 551 2499 et
571 2478 719 2500 contactu
736 2480 793 2500 suo
809 2470 876 2499 ani-

181 2521 244 2541 mae
259 2512 396 2542 calorem
413 2514 543 2542 addunt.
579 2514 677 2551 Igitur
693 2513 737 2542 nil
755 2523 807 2542 me
824 2513 876 2541 hic

179 2555 321 2584 offendit.
345 2556 397 2584 sed
422 2556 500 2585 Mss.
523 2556 618 2585 etiam
638 2556 744 2586 Guelf.
761 2562 791 2585 et
806 2556 876 2585 edd.

180 2605 253 2626 vett.
279 2597 398 2627 habent
420 2597 624 2637 evaginatione,
647 2599 733 2638 quod
757 2605 787 2627 et
814 2599 876 2627 Da-

178 2641 276 2670 visius
303 2643 469 2670 revocavit.
513 2640 687 2680 Contagione
710 2641 824 2671 melius
848 2648 877 2670 et

181 2684 324 2713 Ciceroni
344 2684 486 2713 usitatius
503 2690 558 2713 est.

226 2732 263 2760 57
287 2738 375 2767 quam
390 2734 470 2756 vent.
488 2738 512 2756 c.
528 2725 610 2765 app]
633 2727 763 2766 Semper
786 2733 875 2765 puta-

183 2769 225 2805 vi,
241 2770 355 2799 rectius
367 2780 433 2800 csse
449 2781 531 2811 quem
546 2781 554 2797 :
578 2771 713 2808 denique
729 2771 774 2799 sic
791 2779 876 2808 repe-

181 2814 203 2842 ri
221 2813 253 2842 in
265 2813 314 2842 ed.
328 2813 459 2843 Mediol.
474 2813 578 2852 itaque
593 2822 658 2843 non
675 2813 815 2843 dubitavi
832 2823 878 2842 re-

181 2865 293 2895 cipere.

227 2905 264 2928 58
288 2897 361 2927 sicut
376 2909 408 2928 v.
426 2905 454 2928 et
468 2898 600 2933 arteriae‚
617 2910 634 2927 a
652 2897 730 2927 corde
746 2898 834 2928 tracti
850 2905 878 2927 et

920 2299 974 2327 sed
991 2299 1060 2327 haec
1078 2299 1243 2336 praedicata
1258 2299 1376 2336 aptiora
1397 2305 1474 2328 sunt
1494 2297 1593 2327 nervis
1606 2308 1617 2326 .-

922 2342 1006 2370 unde
1019 2342 1063 2370 sic
1076 2350 1237 2370 correxere
1250 2342 1405 2371 Buherius
1419 2347 1448 2370 et
1456 2341 1617 2378 Davisius,

922 2390 957 2413 ut
987 2394 1043 2413 nos
1073 2384 1242 2413 edidimus.
1294 2385 1419 2414 Veteres
1449 2384 1620 2414 credebant

921 2437 1030 2457 nervos
1047 2436 1064 2456 a
1079 2427 1171 2456 corde
1187 2427 1271 2456 duci.

965 2477 1004 2501 59
1029 2482 1042 2498 e
1058 2476 1136 2497 terra
1151 2467 1291 2508 homines]
1314 2469 1416 2498 Facile
1433 2469 1618 2508 intelligitur

920 2512 1033 2541 vitium
1057 2513 1088 2541 in
1105 2523 1119 2540 e
1135 2518 1223 2542 terra.
1261 2512 1407 2541 Davisius
1431 2513 1566 2542 correxit
1588 2512 1620 2541 in

921 2562 998 2583 terra
1013 2566 1019 2584 ε
1053 2555 1152 2593 magis
1180 2555 1281 2594 placet
1306 2554 1420 2584 Pearcii
1448 2555 1617 2592 sententia,

922 2599 990 2626 haec
1007 2598 1101 2626 verba
1122 2597 1193 2627 loco
1209 2604 1295 2627 mota
1311 2598 1449 2637 putantis
1466 2605 1496 2627 et
1511 2599 1550 2628 ad
1565 2608 1619 2628 su-

921 2641 1040 2679 periora
1056 2639 1158 2668 coelum
1174 2640 1312 2669 intuentes
1327 2642 1570 2681 transponentis‚
1583 2647 1620 2671 ut

920 2690 950 2712 ct
965 2683 1059 2713 edidit
1075 2683 1287 2713 Alcmannus.

964 2731 1004 2756 60
1021 2726 1070 2767 qai
1086 2732 1192 2755 natura
1209 2727 1238 2754 in
1254 2725 1494 2766 sublimefirtur]
1509 2726 1619 2756 Cicero

921 2770 952 2798 in
971 2770 1030 2798 hac
1048 2770 1149 2799 forma
1165 2778 1229 2799 non
1245 2769 1324 2799 solet
1346 2770 1456 2799 addere
1479 2769 1519 2799 in.
1543 2769 1619 2808 quia

922 2819 951 2841 et
975 2822 992 2841 a
1013 2811 1177 2843 nonnullis
1193 2812 1278 2843 libris
1294 2811 1384 2843 abest'
1396 2821 1472 2844 curn
1489 2812 1620 2843 Davisio

920 2855 1107 2886 delevimus.
