1768 3095
236 61 288 94 38
576 60 844 98 ACADEM.
882 60 1328 99 QUAESTIONUM

236 175 379 224 potest
406 167 563 210 animal
593 169 727 211 ullum
757 184 842 210 non
874 178 1069 225 appeteie
1089 168 1145 220 id,
1167 169 1283 226 quod
1304 169 1675 212 accommodatum

237 225 290 268 ad
325 233 518 267 naturam
549 235 778 282 appareat:
815 226 973 280 (Graeci
1006 226 1049 267 id
1083 229 1207 266 οἰκεῖον
1234 226 1463 282 appellant)
1499 226 1559 268 sic
1591 240 1677 268 non

237 290 378 339 potest
396 282 610 338 objectam
630 297 719 324 rem
741 282 1003 338 perspicuam
1026 297 1107 324 non
1133 283 1381 339 approbare.
1433 297 1677 347 uamquam,

238 340 273 380 si
301 339 387 390 illa,
417 339 470 380 de
500 340 653 396 quibus
683 339 943 403 disputatum
974 348 1051 390 est,
1081 353 1176 380 vera
1196 349 1308 391 sunt,
1330 298 1433 382 nihfl
1456 340 1608 381 attinet
1625 338 1679 380 de

237 397 474 438 assensione
506 411 678 438 ommno
708 396 837 452 loqui.
859 396 930 451 qui
959 397 1072 438 enim
1100 395 1202 452 quid
1232 397 1424 452 percipit,
1454 395 1680 438 assentitur

237 454 395 495 statim.
429 453 503 494 sed
531 453 621 494 haec
647 453 773 494 etiam
794 461 1042 516 sequuntur,
1065 466 1139 493 nec
1160 454 1409 495 memoriam
1430 453 1518 495 sine
1537 467 1679 494 assen-

238 510 356 552 sione
388 524 511 566 posse
539 519 749 559 constare,
780 523 855 550 nec
889 509 1058 550 notitias
1087 523 1244 560 rerum,
1279 523 1354 551 nec
1385 519 1519 553 artes.
1551 509 1680 575 idque

239 566 356 632 quod
376 567 608 608 maximum
630 576 707 616 est,
728 575 776 607 ut
808 566 862 606 sit
891 565 1088 621 aliquid
1078 581 1118 608 m
1147 574 1290 607 nostra
1308 574 1530 622 potestate,
1550 567 1592 609 in
1611 580 1680 617 eo,

174 624 225 665 39
240 623 314 688 qui
332 623 391 664 rei
411 623 514 664 nulli
533 623 796 673 assentietur,
817 637 902 663 non
923 623 1015 663 erit.
1076 622 1166 664 Ubi
1197 622 1327 677 igitur
1355 623 1499 675 virtus,
1520 624 1555 665 si
1575 621 1681 666 nihil

239 682 368 722 situm
396 689 461 721 est
492 680 531 721 in
568 680 666 736 ipsis
698 680 847 720 nobis?
881 679 1072 720 Maxime
1092 688 1235 720 autem
1255 678 1503 731 absurdum,
1519 680 1618 722 vitia
1637 680 1681 721 in

237 737 426 793 ipsomm
457 751 547 777 esse
577 745 801 801 potestate,
832 750 968 792 neque
997 750 1173 791 peccare
1203 750 1478 800 quemquam,
1508 736 1586 778 nisi
1614 751 1683 778 as-

237 794 460 835 sensione:
492 793 574 835 hoc
604 793 756 835 idem
746 808 788 834 1n
821 793 970 834 virtute
1001 808 1087 834 non
1116 807 1234 834 esse:
1266 792 1388 849 cujus
1419 792 1557 835 omnis
1578 807 1681 835 con-

238 850 407 900 stantia,
425 858 468 891 et
489 850 662 892 firmitas
681 865 732 891 ex
751 849 816 890 his
838 850 962 891 rebus
982 858 1163 900 constat,
1183 849 1337 906 quibus
1357 863 1526 892 assensa
1543 858 1622 901 est,
1640 858 1685 891 et

238 921 344 963 quas
363 906 640 963 approbavit.
670 907 929 971 omninoque
947 914 1043 948 ante
1064 905 1193 948 videri
1222 906 1399 963 aliquid,
1419 921 1548 962 quam
1578 920 1682 964 aga-

239 978 351 1014 muS,
384 978 553 1005 necesse
592 973 683 1006 est:
718 972 756 996 84
792 965 928 1019 eique,
963 963 1078 1020 quod
1117 963 1251 1005 visum
1286 964 1355 1014 sit,
1389 963 1683 1005 assentiamur.

240 1035 370 1076 quare
390 1019 463 1085 qui
487 1029 562 1062 aut
578 1021 729 1072 visum,
748 1029 821 1062 aut
839 1034 1055 1062 assensum
1075 1020 1232 1072 tollit,
1222 1035 1258 1061 1s
1277 1034 1449 1062 omnem
1470 1019 1684 1062 actionem

239 1077 354 1119 tollit
371 1091 395 1118 6
413 1076 512 1118 vita.

159 1122 225 1169 13
297 1135 426 1175 Nunc
455 1148 506 1175 ea
529 1133 759 1184 videamus,
780 1142 818 1165 8⁵
841 1148 937 1189 quae
963 1140 1112 1174 contra
1139 1132 1193 1174 ab
1220 1133 1286 1174 his
1308 1133 1513 1198 disputari
1533 1132 1686 1175 solent.

174 1196 227 1229 40
242 1190 327 1232 Sed
355 1190 470 1246 prius
500 1190 677 1246 potestis
706 1190 839 1232 totius
867 1204 1017 1231 eorum
1047 1189 1220 1230 rationis
1250 1191 1369 1246 quasi
1409 1189 1688 1232 fundamenta

241 1260 513 1311 cognoscere.
575 1246 856 1302 Componunt
882 1245 1014 1301 igitur
1039 1245 1225 1309 primurn
1246 1254 1379 1287 artem
1398 1245 1611 1302 quandam
1633 1244 1687 1287 de

240 1303 322 1355 his,
343 1319 438 1359 quae
456 1303 544 1344 visa
562 1302 758 1366 dicimus,
778 1316 1014 1366 eorumque
1032 1309 1077 1342 et
1094 1302 1195 1353 vim,
1213 1310 1257 1344 et
1276 1316 1435 1358 genera
1453 1301 1684 1344 definiunt·

241 1360 286 1401 in
305 1359 386 1411 his,
407 1359 532 1416 quale
551 1359 605 1401 sit
633 1359 690 1411 id,
711 1358 828 1423 quod
848 1358 1009 1415 percipi
1031 1366 1075 1399 et
1093 1359 1398 1415 comprehendi
1415 1359 1583 1415 possit:
1615 1367 1684 1402 to-

240 1416 374 1458 tidem
408 1416 560 1467 verbis,
589 1424 696 1472 quot
732 1416 878 1458 Stoici.
910 1414 1063 1456 deinde
1102 1414 1176 1456 illa
1203 1425 1424 1472 exponunt
1452 1415 1558 1466 duo,
1588 1431 1687 1472 quae

239 1473 361 1529 quasi
388 1472 634 1514 contineant
653 1487 824 1514 ornnem
850 1472 960 1513 hanc
981 1471 1289 1527 quaestionem·
1321 1487 1417 1536 quae
1437 1472 1496 1513 ita
1514 1471 1685 1514 videan-

239 1537 324 1579 tur,
344 1535 383 1562 86
403 1538 451 1570 ut
481 1529 608 1570 etiam
641 1529 722 1570 alia
742 1528 895 1570 eodem
927 1527 1059 1569 modo
1090 1528 1217 1569 videri
1248 1529 1428 1584 possint,
1458 1529 1599 1570 necin
1619 1528 1686 1570 his
1738 1548 1740 1550 ·

240 1585 475 1651 quidquam
505 1586 683 1636 intersit,
716 1601 801 1627 non
833 1600 959 1641 posse
989 1599 1136 1626 eorum
1168 1584 1251 1626 alia
1281 1585 1457 1649 percipi,
1487 1585 1570 1628 alia
1598 1600 1686 1628 non

240 1657 339 1698 perc
389 1658 424 1683 1.
459 1641 565 1683 nihil
594 1643 796 1683 interesse
826 1650 985 1692 autem,
1016 1656 1101 1683 non
1131 1641 1262 1683 modo
1284 1657 1317 1683 Sl
1348 1656 1399 1683 ex
1419 1642 1537 1684 omni
1566 1652 1687 1698 parte

241 1643 436 1764 ejusd-{m
456 1699 575 1740 modi
595 1699 692 1749 sint,
713 1699 785 1740 sed
814 1699 941 1740 ctiam
964 1699 998 1740 si
1018 1698 1199 1740 discerni
1223 1713 1307 1740 non
1359 1699 1508 1741 ossint.
1529 1698 1686 1756 quibus

243 1756 408 1811 positis,
431 1756 553 1797 unius
579 1756 820 1819 argumenti
844 1755 1119 1796 conclusione
1149 1763 1240 1796 tota
1258 1755 1312 1798 ab
1329 1713 1398 1797 iiis
1418 1770 1546 1798 causa
1564 1770 1686 1797 com-

244 1812 534 1868 prehenditur.
555 1813 793 1868 composita
813 1820 954 1853 autem
981 1826 1030 1853 ea
1061 1811 1280 1854 conclusio
1302 1811 1362 1853 sic
1383 1821 1473 1854 est:
1504 1813 1686 1864 Eorum,

244 1884 339 1925 quae
357 1869 564 1919 videntur,
579 1869 633 1909 ali
637 1884 661 1910 a
680 1884 775 1910 vera
789 1879 902 1920 sunt,
920 1867 1001 1909 alia
1022 1868 1145 1910 falsa:
1167 1876 1212 1910 et
1227 1868 1344 1933 quod
1363 1869 1520 1910 falsum
1540 1877 1620 1920 est,
1639 1868 1686 1911 id

245 1926 404 1981 percipi
427 1940 512 1966 non
545 1935 714 1981 potest.
745 1925 861 1981 quod
888 1934 1031 1966 autem
1058 1940 1203 1966 verum
1222 1926 1359 1967 visum
1388 1935 1469 1977 est,
1490 1925 1533 1967 id
1557 1939 1687 1967 omne

202 1980 232 2009 b
245 1982 329 2024 tale
345 1992 423 2033 est,
444 1992 493 2023 ut
509 1982 701 2039 ejusdem
722 1981 841 2023 modi
858 1981 1011 2023 falsum
1028 1982 1155 2022 etiam
1177 1982 1313 2038 possit
1325 1982 1468 2024 videri.
1499 1984 1570 2033 Et,
1587 1996 1685 2038 quae

243 2039 331 2080 visa
350 2047 449 2080 sunt
466 2039 693 2103 ejusmodi,
710 2048 758 2080 ut
777 2039 819 2080 in
838 2039 887 2090 iis
907 2038 1011 2080 nihil
1032 2039 1213 2090 intersit,
1232 2053 1317 2080 non
1338 2053 1463 2094 posse
1479 2038 1687 2104 accidere,

245 2104 295 2136 ut
312 2110 459 2138 eorum
481 2095 564 2137 alia
582 2096 741 2152 percipi
760 2095 939 2150 possint,
959 2095 1042 2137 alia
1064 2109 1148 2136 non
1168 2095 1345 2151 possint
1371 2095 1535 2137 nullum
1555 2095 1689 2152 igitur

182 2152 228 2184 41
246 2160 310 2193 est
328 2153 479 2203 visum,
501 2152 615 2208 quod
634 2153 791 2207 percipi
812 2151 960 2207 possit.
1009 2153 1118 2209 Quae
1141 2160 1283 2193 autem
1304 2161 1494 2204 sumunt,
1512 2160 1562 2194 ut
1581 2166 1688 2194 con-

245 2208 421 2250 cludant
452 2209 511 2260 id,
539 2209 655 2265 quod
689 2209 867 2250 vzolunt
898 2222 949 2250 ex
983 2208 1048 2250 his
1078 2208 1165 2249 duo
1196 2207 1275 2249 sibi
1309 2217 1462 2264 putant
1493 2208 1686 2251 concedi.

246 2280 382 2329 noeque
401 2266 514 2307 enim
535 2267 759 2331 quisquam
780 2273 1005 2322 repugnat.
1025 2279 1074 2306 ea
1092 2274 1191 2306 sunt
1209 2264 1326 2306 haec:
1348 2266 1458 2322 Quae
1478 2266 1565 2307 visa
1582 2266 1690 2308 falsa

246 2321 344 2372 sint,
374 2337 425 2363 ea
451 2323 612 2378 percipi
641 2338 725 2364 non
755 2336 909 2378 posse:
939 2331 983 2363 et
1011 2321 1205 2373 alterum,
1227 2322 1342 2363 Inter
1362 2337 1457 2378 quae
1478 2323 1564 2364 visa
1582 2322 1688 2364 nihil

246 2378 425 2430 intersit,
456 2394 507 2420 ex
537 2380 602 2420 his
632 2394 718 2420 non
748 2392 875 2435 posse
904 2377 987 2420 alia
1013 2377 1114 2420 talia
1133 2391 1241 2429 esse,
1262 2387 1311 2420 ut
1329 2379 1487 2434 percipi
1495 2379 1688 2444 possint,

246 2434 328 2477 alia
357 2443 405 2476 ut
433 2450 518 2476 non
545 2435 737 2491 possint:
770 2435 932 2491 reliqua
958 2449 1057 2476 vero
1085 2434 1221 2476 multa
1238 2442 1281 2476 et
1297 2435 1410 2477 varia
1428 2436 1592 2478 ratione
1610 2434 1688 2478 de-

291 2588 329 2612 84
351 2582 447 2623 eique,
461 2594 490 2624 q.
507 2594 540 2613 v.
556 2593 579 2612 s.
593 2583 797 2623 assentiamur]
811 2584 863 2615 Sic
878 2584 943 2614 edi·
1031 2588 1070 2614 86
1093 2589 1126 2613 u!
1149 2583 1237 2612 etiam
1267 2582 1329 2612 alia
1354 2582 1447 2612 multa
1469 2582 1562 2612 eodem
1591 2580 1685 2622 modo]

244 2625 343 2664 dipro
358 2625 548 2655 assentimur.-
566 2636 640 2656 nam
653 2628 941 2667 praeceditagamus,
987 2625 1080 2656 multa
1102 2635 1178 2657 sane
1201 2626 1364 2656 redundat.
1385 2626 1461 2666 quia
1487 2626 1520 2656 in
1543 2625 1689 2666 pluribus

244 2677 388 2706 quocum
423 2670 631 2708 conjungitur
667 2670 728 2700 hoe
765 2672 944 2710 pendetque
987 2669 1072 2700 libris
1088 2678 1147 2699 scr.
1165 2679 1230 2699 non
1243 2676 1301 2706 est,
1314 2670 1420 2700 necin
1436 2669 1485 2699 ed.
1496 2669 1578 2699 Ven.
1594 2675 1688 2703 1471.

243 2720 320 2741 cum
343 2720 381 2741 eo
403 2721 443 2742 ex
464 2719 533 2741 ante
553 2723 652 2753 quarn.
675 2713 728 2743 Sic
751 2714 783 2744 in
801 2714 864 2745 Ms.
880 2724 944 2754 reg.
986 2722 1047 2744 nec
1076 2712 1150 2742 alibi
1175 2712 1207 2742 in
1234 2713 1294 2743 hac
1318 2713 1422 2743 forma
1446 2712 1583 2749 additur,
1607 2721 1687 2743 cum

243 2753 309 2784 Par.
326 2754 438 2794 reperit
451 2755 664 2786 Alemannus.
985 2756 1115 2787 Davisio
1129 2755 1243 2788 delevi.

288 2803 326 2828 85
351 2810 381 2839 q.
397 2809 422 2830 c.
437 2798 473 2827 ab
489 2798 532 2829 his
548 2798 577 2830 d.
591 2796 630 2840 s.]
650 2799 740 2830 Forte
755 2798 856 2829 abiis.
