1778 3095
585 110 763 147 LIBER
803 109 1046 146 PRIMUS.
1460 113 1532 153 271

117 220 338 261 doemom'i:
375 218 487 260 hodie
518 216 628 271 apud
664 216 814 272 inferos
836 215 1023 271 fortasse
1056 213 1297 255 cenabimus.
1336 216 1415 255 fuit
1450 216 1541 256 haec

113 291 218 332 gens
254 277 387 328 sortis,
421 276 520 315 dum
556 273 744 328 Lycurgi
777 273 894 327 leges
930 272 1141 327 vigebant.
1172 284 1195 310 e
1234 270 1385 326 quibus
1420 286 1543 323 unus,

116 349 214 374 cum
238 335 378 375 Perses
400 330 531 371 hostis
562 330 603 369 in
633 329 847 384 colloquio
877 329 1049 370 dixisset
1074 327 1274 384 glorians,
1299 325 1431 367 Solem
1454 338 1544 381 prce

106 390 339 444 jaculorum
373 385 650 435 multitudine,
671 392 708 426 et
729 385 978 442 sagittarum
1008 400 1085 425 non
1116 383 1314 424 videbitis.
1372 384 1421 423 In
1453 398 1544 424 um-

120 446 206 496 bra,
236 445 384 501 inquit,
416 443 546 499 igitur
572 442 858 498 pugnabimus.
916 442 1042 484 Viros
1073 454 1378 482 commemoro,
1410 440 1545 495 qualis
1563 452 1632 483 102

119 503 288 543 tandem
321 501 531 541 Lacaena?
564 515 658 555 quae
686 513 784 540 cum
815 498 947 539 filium
979 499 1021 538 in
1055 497 1252 553 proelium
1282 496 1475 547 misisset,
1505 507 1547 537 et

118 558 384 600 interfectum
414 556 613 606 audisset,
635 555 800 606 Idcirco,
823 555 973 611 inquit,
992 569 1227 611 genueram,
1256 562 1302 594 ut
1332 560 1446 604 esset,
1478 555 1548 609 qui

116 626 187 670 pro
201 613 343 668 patria
362 620 530 654 mortem
560 627 639 653 non
658 612 861 653 dubitaret
883 611 1122 653 occumbere.
1180 612 1307 650 Esto:
1340 611 1483 660 fortes,
1506 619 1549 651 et
1561 616 1629 663 43

119 671 211 712 duri
251 670 499 725 Spartiatae:
531 683 729 724 magnam
763 669 891 710 habet
926 670 1007 709 vim
1040 666 1282 723 reipublicae
1315 666 1549 722 disciplina,

121 726 249 783 quid?
284 726 540 782 Cyrenaeum
565 726 853 776 Theodorum,
876 725 1177 780 philosophum
1199 738 1282 764 non
1304 723 1550 779 ignobilem,

119 798 256 824 nonne
276 784 505 824 miramur?
541 783 608 823 cui
640 797 738 824 cum
770 782 1050 839 Lysimachus
1078 795 1149 822 rex
1177 794 1347 821 crucem
1368 781 1550 822 minare-

120 849 203 890 tur,
241 839 337 880 Istis
371 854 524 895 quaeso,
559 840 711 894 inquit,
745 839 824 879 ista
853 838 1063 879 horribilia
1097 837 1287 878 minitare
1311 837 1554 892 purpuratis

122 896 202 937 tuis
220 913 232 936 .·
268 895 462 937 Theodori
482 896 644 952 quidem
664 895 772 936 nihil
802 896 981 946 interest,
1002 894 1178 943 lzunzine,
1201 909 1253 934 an
1277 893 1447 935 sublime
1472 904 1552 948 pu-

124 960 283 994 trescat.

180 1009 315 1065 Cujus
346 1010 427 1050 hoc
460 1010 575 1051 dicto
610 1009 856 1059 admoneor,
887 1018 934 1050 ut
969 1008 1128 1064 aliquid
1160 1009 1287 1050 etiam
1319 1007 1370 1048 de
1403 1007 1555 1048 huma-

121 1066 250 1117 tione,
271 1075 314 1107 et
335 1067 549 1122 sepultura
569 1066 795 1107 dicendum
816 1065 1051 1107 existimem
1072 1083 1080 1106 :
1113 1080 1202 1106 rem
1225 1080 1308 1106 non
1329 1063 1556 1114 difficilem,

121 1122 172 1164 iis
203 1124 433 1179 praesertim
469 1123 665 1179 cognitis,
702 1138 796 1179 quae
834 1130 871 1154 88
893 1122 963 1178 [de
998 1122 1102 1163 nihil
1139 1121 1375 1175 sentiendo]
1415 1121 1557 1175 paullo

124 1189 221 1221 ante
252 1180 365 1221 dicta
398 1191 508 1222 sunt.
540 1180 592 1221 de
627 1195 711 1236 qua
740 1180 933 1220 Socrates
955 1179 1127 1235 quidem
1149 1177 1252 1234 quid
1273 1177 1460 1228 senserit,
1482 1191 1558 1232 ap-

125 1245 242 1291 paret
275 1236 317 1276 in
350 1251 400 1277 eo
431 1237 554 1287 libro,
585 1237 626 1277 in
657 1251 741 1291 quo
772 1237 976 1277 moritur:
1008 1236 1060 1276 de
1091 1250 1176 1291 quo
1200 1237 1293 1291 jam
1315 1243 1402 1275 tam
1424 1234 1561 1274 multa

125 1293 321 1333 diximus.
383 1293 496 1333 Cum
528 1294 640 1334 enim
676 1293 728 1333 de
760 1292 1076 1333 immortalitate
1105 1291 1344 1332 animorum
1370 1290 1647 1345 disputa-102

128 1347 267 1400 visset,
289 1350 442 1406 etjam
472 1348 679 1391 moriendi
711 1360 876 1404 tempus
909 1358 1091 1404 urgeret,
1112 1357 1285 1403 rogatus
1315 1362 1340 1388 a
1371 1347 1560 1398 Critone,

127 1405 485 1461 quemadmodum
519 1405 682 1461 sepeliri
703 1406 839 1456 vellet,
862 1405 1050 1446 Ilffultam
1080 1420 1184 1455 vero,
1210 1404 1361 1459 inquit,
1384 1413 1561 1458 operam,

128 1462 263 1511 amici,
270 1462 440 1517 flustra
460 1462 668 1503 consumsi.
731 1462 887 1502 Critoni
907 1462 1012 1502 enim
1034 1469 1164 1502 nostro
1186 1476 1263 1501 non
1279 1459 1478 1515 persuasi,
1499 1475 1563 1501 me
1613 1472 1619 1476 ⁴

128 1517 220 1558 hinc
254 1518 525 1569 avolaturum,
550 1532 679 1574 neque
709 1518 932 1574 quidquam
965 1518 1043 1558 mei
1074 1517 1325 1558 relicturum.
1358 1524 1563 1557 verumta-

127 1589 233 1624 men,
258 1574 383 1625 Crito,
404 1575 439 1615 si
459 1591 522 1616 me
541 1575 699 1630 assequi
715 1575 897 1629 potueris
918 1582 990 1615 aut
1009 1574 1135 1615 sicubi
1154 1581 1297 1614 nactus
1314 1575 1406 1624 eris,
1424 1581 1469 1614 ut
1490 1571 1564 1614 tibi

127 1631 340 1682 videbitur,
359 1631 538 1685 sepelito.
563 1632 645 1683 sed,
666 1631 768 1672 mihi
788 1632 914 1682 crede,
934 1646 1045 1671 nemo
1067 1646 1130 1671 me
1149 1638 1340 1681 vestrum,
1362 1645 1451 1670 cum
1473 1629 1566 1670 hinc

127 1703 339 1738 excessere,
373 1696 647 1744 consequetur.
708 1688 908 1729 Praeclare
941 1688 984 1728 id
1019 1687 1205 1743 quidem,
1243 1687 1316 1742 qui
1351 1696 1394 1728 et
1426 1686 1563 1726 amico
1577 1698 1694 1732 p.171.

128 1745 376 1800 permiserit,
407 1755 449 1786 et
477 1760 520 1786 se
553 1745 785 1786 ostenderit
814 1745 866 1785 de
894 1745 976 1785 hoc
1009 1753 1101 1785 toto
1131 1758 1286 1799 genere
1312 1743 1416 1784 nihil
1443 1743 1563 1784 labo·
1576 1746 1604 1766 a·

130 1815 235 1841 rare.
280 1801 438 1842 Durior
457 1802 691 1857 Diogenes,
715 1810 805 1843 89et
827 1802 868 1842 id
889 1801 1059 1857 quidem
1078 1801 1274 1851 sentiens,
1298 1799 1385 1851 sed,
1407 1808 1455 1840 ut
1476 1799 1565 1856 Cy·
1583 1810 1656 1842 104

130 1857 263 1906 nicus,
283 1858 485 1913 asperius,
505 1859 654 1914 projici
674 1873 717 1899 se
731 1859 859 1914 jussit
886 1858 1170 1899 inhumatum.
1201 1866 1292 1898 tum
1316 1857 1454 1907 amici,
1474 1858 1566 1897 Vo-

132 1913 388 1964 lucribusne,
410 1924 452 1955 et
472 1915 593 1955 feris?
629 1915 809 1955 Minime
830 1930 943 1964 vero,
965 1914 1123 1970 inquit:
1155 1914 1228 1955 sed
1250 1913 1450 1954 bacillum
1471 1927 1571 1968 pro-

130 1980 223 2026 pter
245 1984 312 2011 me
332 1985 417 2025 quo
439 1971 624 2026 abigam,
644 1972 851 2026 ponitote.
910 1971 998 2013 Qui
1018 1971 1177 2026 poteris
1196 1972 1208 2011 ?
1243 1970 1317 2010 illi.
1350 1985 1435 2011 non
1455 1970 1568 2010 enim

136 2027 302 2068 senties.
362 2027 481 2069 Quid
500 2027 630 2082 igitur
648 2028 753 2068 mihi
774 2028 956 2069 ferarum
980 2028 1160 2069 laniatus
1181 2027 1331 2077 oberit,
1352 2026 1457 2067 nihil
1478 2041 1571 2067 sen-

132 2083 284 2124 tienti?
320 2083 520 2124 Praeclare
552 2085 857 2139 Anaxagoras:
890 2084 962 2139 qui
993 2099 1092 2125 cum
1126 2083 1348 2138 Lampsaci
1388 2097 1572 2124 morere-

132 2149 214 2189 tur,
236 2140 521 2195 quaerentibus
552 2141 711 2190 amicis,
734 2140 908 2181 velletne
937 2141 1217 2181 Clazomenas
1247 2140 1290 2180 in
1321 2140 1515 2194 patriam,
1539 2139 1571 2180 si

134 2195 236 2251 quid
258 2196 295 2236 ei
319 2196 554 2247 accidisset,
576 2197 738 2238 afferri:
770 2197 876 2237 nihil
906 2211 1076 2237 necesse
1105 2206 1183 2246 est,
1205 2196 1355 2252 inquit.
1387 2195 1573 2251 undique

133 2252 244 2292 enim
281 2252 333 2293 ad
368 2253 523 2294 inferos
557 2253 806 2294 tantundem
842 2253 916 2293 viae
953 2263 1032 2294 est.
1106 2254 1300 2308 Totaque
1331 2252 1384 2293 de
1412 2252 1575 2293 ratione

135 2308 391 2350 humationis
412 2325 544 2350 unum
565 2310 796 2350 tenendum
826 2321 917 2350 est:
950 2310 1003 2350 ad
1034 2324 1188 2364 corpus
1207 2309 1322 2349 illam
1351 2309 1574 2363 pertinere,

136 2364 219 2406 sive
250 2365 451 2407 occiderit
483 2366 663 2417 animus,
685 2366 768 2407 sive
800 2366 952 2421 vigeat.
983 2366 1024 2406 in
1051 2380 1228 2421 corpore
1249 2375 1391 2406 autem
1414 2365 1574 2420 perspi-

135 2435 262 2462 cuum
294 2432 372 2472 est,
405 2423 468 2463 vel
503 2423 709 2463 exstincto
740 2423 882 2463 animo
915 2422 979 2463 vel
1007 2423 1166 2478 elapso,
1200 2421 1364 2463 nullum
1394 2402 1662 2508 residere4clss

1593 2477 1606 2507 1
1644 2487 1663 2506 .›

133 2546 200 2575 sius
224 2546 314 2575 uncis
331 2544 469 2575 inclusit.
516 2544 629 2575 Putem
647 2554 711 2574 esse
735 2553 833 2573 trans·
875 2544 944 2574 visii
962 2550 1061 2574 notas.
1109 2545 1169 2574 Res
1186 2553 1251 2573 non
1268 2549 1314 2574 est
1328 2544 1418 2573 tanti.

140 2589 286 2627 ponenda
301 2595 369 2627 post
380 2587 584 2627 pugnabimus.
922 2593 961 2616 88
977 2587 1011 2615 de
1027 2586 1103 2615 nihil
1112 2584 1270 2626 sentiendo]
1298 2587 1369 2616 Hoc
1393 2586 1474 2616 mihi
1498 2585 1581 2624 glos-

181 2637 217 2666 87
249 2631 366 2670 Pergite
391 2631 485 2659 animo
501 2629 597 2669 forti]
622 2630 722 2659 Valde
744 2640 778 2659 se
802 2630 834 2658 in
878 2639 966 2660 sema
989 2630 1120 2660 videtur.
1146 2639 1222 2659 narn
1249 2639 1321 2668 quae
1349 2630 1406 2659 ista
1429 2629 1579 2665 latinitas,

138 2672 201 2703 hoc
216 2681 328 2704 torsere
344 2674 400 2703 viri
421 2674 516 2710 docti,
532 2674 618 2712 quod
634 2674 664 2702 id
681 2682 745 2702 non
762 2673 834 2702 satis
879 2672 912 2701 de
937 2672 1015 2701 nihil
1038 2673 1179 2702 sentiendo
1205 2672 1298 2701 dicere
1311 2671 1328 2700 ?
1355 2673 1462 2711 itaque
1488 2672 1581 2702 uncis

138 2717 293 2746 consentit
323 2717 407 2746 dicto
446 2716 558 2746 Graeco
595 2716 679 2754 apud
717 2715 837 2745 Plutar-
882 2715 1008 2745 inclusi.

139 2758 240 2788 chum
256 2765 285 2788 et
301 2759 391 2795 alios,
409 2759 440 2788 in
458 2768 522 2797 quo
539 2765 584 2789 est
601 2758 837 2798 ἀξιςοτωεῖσθαι,
927 2765 965 2791 89
991 2765 1018 2787 et
1041 2758 1074 2787 id
1095 2757 1208 2799 quidem
1236 2755 1370 2796 sentiens]
1397 2757 1580 2795 Legendum

141 2800 226 2829 uude
262 2802 393 2840 quidam
424 2811 585 2831 correxere
613 2800 764 2840 prandete.
796 2801 839 2830 le·
883 2808 910 2830 et
926 2801 1000 2830 idem
1017 2801 1149 2837 sentiens,
1167 2810 1243 2830 nam
1259 2809 1291 2830 et
1307 2800 1380 2829 idem
1394 2799 1507 2840 quidem
1522 2809 1583 2827 sen-

139 2849 226 2880 gant,
241 2844 296 2882 qui
319 2844 416 2874 velint
440 2844 548 2882 longas
573 2844 704 2874 Bentleii
721 2850 751 2873 et
774 2843 835 2873 Da·
885 2844 957 2872 tiens
969 2844 1079 2875 durius
1097 2844 1143 2873 fit.
1161 2843 1224 2874 Ms.
1242 2842 1349 2873 Guelf.
1362 2849 1389 2871 et
1401 2842 1423 2871 is
1436 2841 1551 2882 quidem
1563 2849 1602 2869 sm
