1778 3095
233 108 313 143 224
549 103 622 142 DE
650 105 807 144 FINIB.
829 107 1028 144 BONOR.
1049 106 1117 144 ET
1144 106 1356 144 MALOR.

231 219 347 264 runt,
375 218 424 253 ut
453 211 680 268 aequalium
712 211 922 268 principes
953 212 1066 254 sint?
1100 227 1195 269 quae
1225 209 1432 253 memoria
1460 218 1525 254 est
1543 212 1585 255 in
1606 213 1671 256 his

232 268 340 310 bene
358 269 638 310 merentium?
672 284 766 325 quae
787 270 1016 311 referendae
1035 270 1182 325 gratiae
1205 270 1441 325 cupiditas?
1474 278 1600 326 atque
1629 271 1673 312 in

232 326 396 382 optima
416 340 583 381 quaque
600 326 742 367 indole
762 329 943 367 maxime
964 336 1180 382 apparent.
1203 328 1244 367 in
1265 341 1348 383 qua
1367 326 1460 366 haec
1481 326 1672 379 honesta,

233 397 327 438 quae
346 382 637 438 intelligimus,
657 398 682 423 a
702 391 850 425 natura
870 393 1087 439 tamquam
1107 384 1424 425 adumbranturu
1450 391 1467 414 8
1486 382 1558 424 sed
1580 383 1672 426 haec

166 435 220 474 62
232 439 275 480 in
297 439 435 495 pueris
462 439 707 495 [expressa]
771 441 819 480 In
850 440 900 480 iis
930 452 1027 480 vero
1059 441 1268 491 aetatibus,
1288 455 1381 496 quae
1405 439 1496 495 jam
1517 440 1672 482 confir-

230 505 357 538 matae
377 505 490 547 sunt,
510 496 604 552 quis
624 506 688 537 est
708 505 794 537 tam
817 496 1031 537 dissimilis
1057 497 1233 547 homini,
1253 499 1327 553 qui
1347 512 1431 538 non
1453 505 1672 538 moveatur

229 561 274 594 et
313 553 543 594 offensione
583 553 870 609 turpitudinis,
913 562 956 594 et
1003 554 1352 609 comprobatione
1402 553 1667 595 honestatis?

228 609 325 665 quis
353 618 432 661 est,
453 611 527 665 qui
557 625 642 651 non
674 609 810 651 oderit
838 610 1122 660 libidinosam,
1154 620 1389 666 protervam
1424 610 1670 651 adolescen-

228 667 333 707 tiam
351 667 365 707 ?
399 667 492 722 quis
512 675 660 708 contra
680 667 721 707 in
743 666 815 707 illa
835 675 958 708 aetate
980 667 1201 721 pudorem,
1224 668 1519 718 constantiam,
1541 668 1669 708 etiam

229 723 265 764 si
286 737 361 765 sua
391 723 496 764 nihil
525 723 700 774 intersit,
721 738 806 764 non
836 733 977 765 tamen
1007 723 1187 779 diligat?
1222 725 1316 779 quis
1340 733 1357 758 9
1376 725 1544 765 Pullum
1570 725 1668 765 Nu·-

228 779 462 830 mitorium,
493 780 803 835 Fregellanum,
830 781 1105 836 proditorem,
1137 795 1394 837 quamquam
1425 780 1668 836 reipublicae

229 845 385 878 nostrae
407 837 580 891 profuit,
600 851 684 877 non
703 837 819 878 odit?
852 839 946 892 quis
966 838 1081 878 urbis
1103 847 1439 878 conservatorem
1460 837 1668 888 Codrum,

228 893 323 949 quis
345 892 574 934 Erechthei
594 892 698 934 filias
720 909 804 935 non
825 894 1007 935 maxime
1028 895 1171 936 laudat
1189 896 1202 935 ?
1217 918 1220 923 ·
1235 894 1304 935 cui
1324 894 1482 935 Tubuli
1512 908 1667 935 nomen

228 950 331 991 odio
352 964 437 990 non
458 958 522 990 est
540 952 552 991 ?
586 950 680 1006 quis
702 951 933 992 Aristidem
965 966 1049 992 non
1071 960 1288 993 mortuum
1310 951 1481 1006 diligit?
1514 965 1567 991 an
1589 951 1669 991 ob*-

228 1006 474 1057 liviscimur,
504 1014 763 1063 quantopere
794 1008 837 1048 in
869 1007 1095 1058 audiendo,
1128 1009 1168 1049 in
1203 1008 1470 1064 legendoque
1500 1021 1669 1048 movea-

228 1078 339 1114 mur,
373 1078 471 1104 cum
503 1064 585 1119 pie,
607 1079 706 1105 cum
738 1065 889 1115 amice,
919 1078 1017 1105 cum
1048 1079 1206 1120 magno
1239 1066 1381 1106 animo
1412 1063 1571 1120 aliquid
1604 1063 1667 1104 fa-

165 1129 215 1166 63
230 1128 345 1161 ctum
370 1121 701 1176 cognoscimus?
734 1120 853 1163 Quid
883 1121 1034 1176 loquar
1066 1121 1119 1161 de
1150 1122 1287 1172 nobis,
1309 1122 1382 1177 qui
1402 1121 1456 1162 ad
1480 1120 1668 1170 laudem,

99 1185 275 1222 {mmo-et
309 1176 362 1219 ad
397 1177 526 1219 decus
563 1178 663 1227 nati,
697 1178 897 1232 suscepti,
932 1178 1113 1218 instituti
1145 1180 1323 1218 sumus?
1358 1178 1429 1233 qui
1460 1177 1667 1218 clamores

188 1234 217 1255 ³·
231 1234 361 1289 vulgi,
380 1242 507 1290 atque
535 1234 830 1289 imperitorum
862 1235 1097 1275 excitantur
1117 1233 1160 1276 in
1180 1234 1369 1285 theatris,
1391 1249 1490 1275 cum
1511 1233 1583 1274 illa
1603 1233 1667 1274 di·-

224 1292 409 1332 cuntur?

332 1371 408 1420 Ego
427 1383 501 1406 sum
527 1370 672 1406 Orestes.

223 1453 459 1501 contraque
480 1445 533 1485 ab
560 1444 708 1494 altero,

331 1528 437 1563 Immo
454 1526 618 1563 enimvcro
635 1538 693 1574 ego
712 1538 798 1566 sum,
820 1524 971 1574 inquam,
997 1523 1141 1560 Orestes.

226 1603 339 1644 Cum
361 1610 503 1643 autem
524 1600 652 1641 etiam
678 1609 715 1631 10
731 1599 865 1639 exitus
885 1598 938 1639 ab
958 1606 1139 1654 utroque
1168 1596 1292 1638 datur
1321 1597 1577 1639 conturbato
1599 1612 1666 1638 er-

222 1660 418 1715 rantique
440 1658 553 1713 regi:
588 1666 622 1688 11
643 1657 770 1697 ambo
791 1670 895 1710 crgo
916 1670 1000 1696 una
1020 1656 1154 1696 vivere
1176 1669 1408 1709 precamur.
1443 1663 1480 1686 12
1499 1654 1664 1710 quoties

223 1717 308 1757 hoc
337 1715 492 1771 agitur,
515 1713 749 1770 quandove,
778 1714 855 1752 nisi
885 1711 1234 1753 admirationibus
1265 1711 1488 1752 maximis?
1523 1713 1665 1752 Nemo

223 1782 289 1815 est
321 1773 465 1828 igitur,
499 1773 572 1827 qui
606 1786 689 1811 non
725 1770 831 1810 hanc
867 1769 1134 1809 affectionem
1172 1769 1300 1808 animi
1335 1769 1502 1823 probet,
1536 1778 1664 1823 atque

222 1829 367 1871 laudet
385 1845 396 1880 ;
430 1842 512 1885 qua
543 1842 628 1868 non
662 1826 792 1867 modo
826 1827 983 1866 utilitas
1016 1824 1131 1866 nulla
1164 1826 1380 1880 quaeritur,
1409 1825 1485 1866 sed
1516 1833 1666 1866 contra

162 1887 451 1930 64utilitatem
488 1885 616 1925 etiam
652 1891 921 1925 conservatur
958 1882 1075 1923 fides.
1133 1881 1306 1922 Tabulis
1341 1881 1545 1938 exemplis
1578 1896 1664 1922 non

224 1944 333 1985 fictae
366 1943 504 1983 solum
536 1940 705 1991 fabulae,
736 1955 877 1981 verum
911 1939 1040 1980 etiam
1072 1938 1258 1979 historiae
1291 1939 1455 1979 refertae
1487 1947 1598 1989 sunt,
1620 1947 1665 1979 et

221 2000 395 2057 quidem
428 1998 609 2040 maxime
643 2008 811 2038 nostrae.
872 1998 967 2037 Nos
999 1996 1111 2036 enim
1143 1995 1195 2036 ad
1226 2009 1344 2036 sacra
1364 1994 1478 2036 Idaea
1506 1994 1662 2049 accipi-

221 2057 330 2098 enda
347 2057 558 2113 optimum
580 2055 713 2095 virum
745 2054 1007 2108 delegimus:
1040 2067 1115 2093 nos
1146 2060 1307 2093 tutores
1337 2052 1530 2093 misimus
1550 2051 1662 2106 regi-

220 2115 328 2155 bus:
362 2113 493 2154 nostri
526 2111 798 2167 imperatores
832 2125 909 2166 pro
940 2110 1075 2150 salute
1104 2109 1251 2164 patriae
1272 2124 1349 2150 sua
1375 2109 1514 2164 capita
1542 2122 1664 2163 vove-

219 2180 343 2213 runt:
377 2169 510 2211 nostri
541 2167 734 2209 consules
771 2183 914 2223 regem
951 2166 1303 2217 inimicissimum,
1331 2166 1544 2207 moenibus
1569 2165 1659 2221 jam

221 2228 643 2285 appropinquantem,
674 2222 945 2274 monuerunt,
975 2238 1000 2264 a
1028 2237 1187 2265 veneno
1218 2230 1266 2263 ut
1299 2231 1488 2264 caveret:
1517 2230 1662 2263 nostra

264 2379 281 2403 8
306 2373 357 2403 sed
380 2373 442 2403 haec
469 2374 499 2403 in
521 2375 618 2414 pueris
645 2374 789 2414 expressa]
818 2375 919 2405 Nullo
962 2384 1039 2404 cum
1064 2385 1096 2404 se
1123 2376 1277 2414 aperiunt.
1300 2385 1356 2414 pro
1379 2373 1490 2405 erranti
1511 2376 1662 2409 Davisius

219 2417 317 2447 modo
333 2423 463 2456 expressa
481 2419 533 2447 hic
545 2427 624 2448 stare
638 2425 747 2458 potest.
772 2428 847 2447 nam
865 2418 919 2448 illa
962 2418 1101 2448 malebat
1115 2418 1301 2459 haerentique.

218 2466 296 2489 sunt
311 2466 438 2490 tantum
454 2461 640 2497 adumhmm,
662 2468 695 2491 ut
719 2463 783 2498 ipse
807 2462 917 2490 Cicero
1006 2469 1040 2491 11
1070 2461 1151 2490 ambo
1180 2472 1244 2500 ergo
1269 2472 1327 2490 una
1356 2461 1462 2490 vivere
1487 2462 1656 2503 precamur]

218 2502 309 2532 dixit.
354 2504 464 2541 Itaque
487 2504 667 2533 deleverim.
712 2504 844 2534 Videtur
869 2515 918 2533 or-
964 2504 1045 2533 Libri
1062 2504 1115 2533 hic
1131 2504 1221 2533 valde
1236 2505 1368 2534 varlarxt.
1407 2506 1533 2535 Debent
1548 2514 1658 2538 autem

218 2552 290 2575 tum
307 2556 323 2575 e
339 2545 442 2584 glossa
457 2547 627 2577 verborum
643 2556 729 2585 seqq.
960 2556 1027 2576 csse
1053 2548 1148 2576 verba
1173 2549 1274 2586 poetae
1296 2554 1332 2577 ut
1357 2554 1443 2585 ante,
1474 2555 1504 2579 et
1526 2551 1660 2580 nomine

263 2596 282 2621 9
302 2588 418 2618 Pullum
443 2590 652 2628 Numitorium]
681 2590 731 2619 Sic
758 2588 837 2618 edidi
863 2599 917 2627 pro
961 2591 1078 2620 Orestis
1109 2596 1139 2619 et
1164 2590 1291 2620 alterius
1317 2591 1411 2621 dicta.
1456 2591 1661 2632 Simplicissi-

219 2631 401 2662 Numitorem
412 2643 422 2660 .·
446 2642 522 2661 nam
546 2633 619 2662 alibi
643 2633 752 2662 Cicero
769 2633 832 2669 ipse
848 2633 920 2661 Nu-
962 2643 1055 2663 mum
1071 2634 1130 2663 sit:
1156 2633 1237 2662 ambo
1253 2644 1318 2672 ergo
1333 2645 1390 2663 una
1405 2645 1545 2664 nocemur.

217 2675 383 2705 mitorium
400 2681 502 2704 vocat.
517 2685 547 2705 v.
565 2676 654 2705 ClaV.
678 2686 754 2705 mox
777 2685 831 2713 pn)
850 2675 918 2703 Fre·
1008 2684 1044 2706 12
1070 2676 1177 2716 quoties
1201 2676 1229 2706 h.
1253 2688 1282 2705 a.
1309 2677 1472 2717 quandove,
1495 2678 1552 2707 m'si
1579 2677 1658 2720 δῖα]

213 2717 361 2757 gellrznum
385 2718 533 2748 Davisius
557 2719 694 2749 malebat
716 2717 914 2757 Fregellarum
959 2719 1109 2760 quandove
1122 2720 1427 2759 hicpfrigidissimum
1444 2727 1503 2751 est:
1524 2724 1556 2751 in
1573 2722 1661 2759 ejus·

211 2760 399 2800 proditorem,
416 2762 508 2791 bene.
957 2772 1019 2801 que
1042 2763 1117 2792 vitio
1139 2763 1340 2801 agnoscendo
1364 2765 1570 2795 consentiunt
1585 2765 1660 2795 fere.

262 2811 299 2835 10
315 2803 409 2833 exitus
435 2804 472 2833 ab
495 2816 524 2834 u.
547 2804 635 2833 datur
656 2815 681 2834 c.
698 2816 721 2835 e.
744 2802 820 2842 regi]
849 2805 868 2833 i.
885 2815 914 2834 c.
958 2806 1068 2836 Putavi
1092 2806 1170 2835 olim
1197 2805 1369 2843 legendum
1393 2807 1521 2837 fortasse
1541 2818 1658 2850 quaeso:

216 2856 295 2879 cum
310 2856 350 2878 ex
365 2847 495 2888 ancipiti
510 2848 706 2878 dubitatione
729 2848 913 2886 expediunt,
958 2849 1062 2880 lenius
1077 2856 1134 2888 est,
1152 2848 1276 2890 quando,
1293 2849 1342 2879 vel
1359 2850 1513 2890 ecquando.
