1778 3095
223 135 299 178 176
531 133 603 170 DE
631 134 787 172 FINIB.
807 133 1008 173 BONOR.
1029 134 1096 172 ET
1125 134 1331 172 MALOR.

217 242 458 297 formasque
496 255 700 298 generum
740 242 1006 284 devenerunt.
1065 243 1159 284 Jam
1198 241 1452 298 argumenti,
1490 242 1650 284 ratione

215 298 420 349 conclusi,
440 307 568 354 caput
589 311 679 339 esse
701 299 860 340 faciunt
879 313 942 349 ea,
966 312 1060 354 quae
1082 301 1301 355 perspicua
1321 299 1466 339 dicunt
1484 315 1493 339 :
1523 307 1559 331 21
1575 300 1650 341 de-

219 355 316 396 inde
347 355 538 396 ordinem
570 365 830 410 sequuntur·
863 365 969 406 tum,
999 355 1101 411 quid
1134 370 1275 396 verum
1302 356 1354 396 sit
1385 355 1426 396 in
1458 355 1650 411 singulis,

181 421 206 459 9
220 419 405 454 extrema
424 411 640 452 conclusio
660 421 738 452 631.
797 413 970 475 Quanta
996 420 1150 452 autem
1158 413 1210 453 ab
1231 411 1311 453 illis
1333 412 1505 453 varietas
1525 427 1654 477 argu-

218 478 474 517 mentorum,
498 468 660 508 ratione
691 467 1048 517 concludentium,
1069 482 1300 525 eorumque
1324 483 1420 510 cum
1454 468 1652 524 captiosis

218 524 624 579 interiogationibus
659 523 959 564 dissimilitudo
979 525 991 564 ?
1025 524 1140 578 quid,
1173 525 1287 580 quod
1323 525 1514 581 pluribus
1547 524 1652 566 locis

218 582 337 637 quasi
357 581 466 621 denu
471 582 619 629 11116111,
637 590 685 621 111
706 594 840 635 116(1116
860 594 1057 620 sensuum
1081 580 1203 621 fidem
1224 582 1312 622 sine
1333 582 1507 632 ratione,
1526 590 1563 613 22
1575 596 1651 622 nec

217 638 397 678 rationes
418 638 506 678 31116
527 637 716 677 sensibus
737 636 1018 691 exquiramus,
1040 643 1078 667 23
1092 647 1218 691 atque
1237 647 1286 678 ut
1304 653 1449 680 eorum
1470 640 1651 680 alterum

218 694 271 735 ab
292 694 423 735 altero
445 707 708 748 separemus
702 694 713 724 Ρ
748 692 864 734 Quid
884 694 897 733 ?
922 706 985 742 ea,
1009 707 1102 748 quae
1124 693 1331 734 dialectici
1351 709 1460 736 nunc
1481 695 1652 736 tradunt

216 759 261 792 61
280 751 448 800 docent,
472 764 610 790 11011116
629 750 682 790 ab
704 749 785 790 illis
806 749 998 790 instituta
1018 758 1115 790 sunt
1135 759 1177 790 et
1197 750 1391 792 inventa?
1425 752 1478 793 (16
1497 751 1651 807 quibus

216 808 295 848 etsi
325 823 350 848 a
378 806 620 862 Chrysippo
648 806 829 846 maxime
861 816 924 847 631
951 805 1229 870 elaboratum,
1260 815 1398 847 tamen
1426 823 1451 848 a
1478 810 1651 849 Zenone

216 864 355 904 minus
390 863 540 913 multo,
575 877 703 918 quam
739 863 792 903 ab
829 862 1025 918 antiquis.
1065 863 1118 903 ab
1158 862 1238 904 hoc
1278 871 1420 904 autem
1454 865 1648 921 quaedam

217 929 255 951 ‘24
271 935 356 961 non
403 919 552 960 melius
597 920 739 975 [quam
781 921 983 973 veteres]:
1034 919 1228 975 quaedam
1267 921 1442 962 omnino
1487 922 1648 963 relicta.

157 981 205 1012 10
219 976 417 1032 Cumque
437 976 532 1018 duae
553 976 636 1016 sint
654 985 777 1027 artes,
798 976 951 1031 quibus
972 977 1156 1031 perfecte
1174 977 1295 1027 ratio,
1312 986 1354 1018 et
1374 977 1510 1019 oratio
1529 991 1650 1019 com-

215 1034 394 1088 pleatur,
414 1048 498 1074 una
525 1033 771 1083 inveniendi,
791 1033 922 1074 altera
951 1032 1205 1074 disserendi:
1237 1032 1344 1074 116116
1374 1034 1652 1089 posteriorem

214 1099 257 1130 et
278 1090 423 1140 Stoici,
444 1100 482 1131 et
508 1090 786 1153 Peripatetici,
814 1099 852 1122 25
869 1089 1052 1145 priorem
1075 1098 1217 1130 autem
1238 1090 1297 1130 illi
1325 1091 1497 1146 egregie
1519 1091 1651 1133 tradi-

215 1146 396 1188 derunt·
387 1163 398 1197 3
430 1146 473 1187 hi
498 1161 671 1187 omnmo
703 1161 755 1186 ne
787 1147 1019 1201 attigerunt
1040 1146 1226 1201 quidem.
1248 1161 1345 1187 116111
1367 1162 1390 1187 6
1410 1148 1563 1211 quibus
1583 1147 1650 1189 lo-

171 1212 202 1242 b.
214 1204 288 1268 cis,
309 1204 428 1260 quasi
449 1203 670 1254 thesauris,
689 1212 941 1266 argumenta
961 1202 1323 1257 depromerentur,
1341 1204 1463 1244 vestri
1486 1218 1537 1244 ne
1558 1219 1650 1245 sus-

213 1261 342 1315 picati
363 1259 533 1315 quidem
556 1269 666 1311 sunt,
687 1259 920 1314 superiores
948 1266 1089 1299 autem
1110 1259 1301 1308 artifieio,
1321 1268 1364 1300 61
1384 1261 1448 1300 via
1465 1259 1650 1301 tradide-

214 1325 326 1357 runt.
347 1331 440 1372 quae
463 1315 634 1380 quidem
668 1330 732 1356 res
761 1316 901 1366 efficit,
922 1329 974 1356 ne
998 1329 1166 1356 necesse
1187 1315 1253 1366 311,
1277 1315 1427 1357 iisdem
1449 1316 1502 1357 de
1523 1317 1648 1358 rebus

213 1387 379 1428 semper
397 1373 517 1428 quasi
551 1372 709 1413 dictata
727 1372 964 1422 decantare,
988 1386 1122 1427 neque
1142 1387 1167 1413 a
1185 1373 1542 1414 commentariolis
1560 1373 1649 1415 31113

213 1429 443 1470 discedere.
466 1444 562 1470 nam
584 1429 656 1484 qni
676 1429 793 1480 sciet,
813 1429 887 1470 ubi
908 1428 1093 1492 quidque
1112 1429 1299 1484 positum
1321 1430 1388 1480 sit,
1409 1444 1576 1486 quaque
1596 1444 1649 1471 co

211 1486 364 1537 veniat,
384 1486 433 1537 is,
453 1486 578 1526 etiam
599 1487 631 1526 si
651 1485 752 1541 quid
774 1486 974 1527 obrutum
992 1485 1085 1536 erit,
1107 1486 1263 1550 poterit
1282 1500 1440 1537 eruere,
1461 1501 1648 1542 semper-

211 1557 295 1599 que
328 1557 419 1584 esse
447 1542 491 1583 in
521 1541 776 1598 disputando
802 1557 915 1584 suus.
976 1548 1016 1574 26
1034 1542 1164 1598 Quod
1182 1542 1259 1583 etsi
1279 1542 1459 1598 ingeniis
1481 1543 1648 1599 magnis

210 1599 376 1655 praediti
406 1598 578 1655 quidam
609 1599 776 1640 dicendi
805 1599 969 1654 copiam
1002 1599 1091 1639 31116
1121 1599 1282 1640 ratione
1301 1608 1647 1655 consequuntur:

211 1670 276 1697 ars
299 1665 440 1697 tamen
467 1664 532 1697 est
559 1655 645 1696 dmt
673 1656 841 1706 certior,
861 1670 989 1711 quam
1009 1663 1170 1697 natura.
1191 1656 1305 1698 aliud
1326 1664 1390 1697 631
1409 1657 1520 1697 6111111
1540 1661 1647 1712 poe*-

210 1721 350 1754 tarum
380 1727 499 1753 more
528 1713 652 1753 verba
679 1712 879 1764 fundere3
910 1711 1025 1754 aliud
1054 1726 1117 1763 ea,
1147 1727 1242 1768 quae
1273 1712 1402 1764 dieas,
1423 1714 1584 1754 ratione
1603 1721 1647 1755 61

212 1778 302 1810 arte
325 1769 599 1824 distinguere.

168 1829 201 1877 5
270 1826 433 1867 Similia
460 1826 543 1866 dici
580 1835 759 1890 possunt
795 1825 849 1866 de
885 1825 1165 1881 explicatione
1210 1835 1384 1877 naturae,
1424 1833 1463 1862 27
1479 1840 1564 1882 qua
1602 1824 1647 1867 hi

153 1904 196 1935 11
213 1890 405 1933 utuntur,
435 1891 479 1923 et
505 1883 659 1924 vestri:
689 1897 826 1937 neque
857 1897 954 1924 vero
989 1883 1045 1923 ob
1066 1882 1169 1923 duas
1189 1882 1320 1924 modo
1340 1897 1502 1934 causas,
1530 1882 1647 1938 quod

212 1939 398 1995 Epicuro
438 1939 613 1990 videtur,
652 1948 701 1980 ut
738 1938 919 1994 pellatur
956 1939 1104 1980 mortis
1144 1948 1187 1980 61
1226 1939 1442 1994 religionis
1479 1943 1645 1981 metus·
1632 1970 1646 1992 ,

212 2003 252 2027 28
267 1996 342 2037 sed
372 1996 500 2037 6116111
531 1995 782 2037 modestiam
811 1995 1022 2052 quandam
1043 1996 1234 2052 cognitio
1254 2011 1394 2037 rerum
1414 1995 1647 2037 caelestium

210 2135 383 2171 scendum,
396 2134 474 2164 dixit
488 2134 678 2170 devenerunt,
695 2144 749 2174 pro
764 2144 831 2173 quo
843 2144 909 2164 11011

213 2178 293 2207 bene
318 2178 465 2208 Davisius
491 2178 605 2217 recepit
629 2188 646 2207 e
668 2178 753 2207 libris
777 2178 909 2217 quibus-

212 2221 288 2251 dam
304 2227 457 2250 vencrunt.

255 2271 292 2294 ‘21
319 2263 420 2292 deinde
446 2262 571 2292 ordinem
597 2261 767 2304 sequuntur]
800 2263 908 2293 Quem

209 2307 378 2336 ordinem?
418 2313 465 2336 est
493 2306 696 2344 ambiguum.
725 2316 783 2336 nec
813 2307 909 2336 inter-

210 2357 310 2389 pretes
328 2351 389 2379 hoc
407 2349 586 2388 attigerunt.

255 2399 293 2423 22
318 2403 367 2421 ncc
394 2391 525 2430 rationis]
556 2392 588 2421 Si
616 2392 710 2421 lectio
737 2392 806 2422 liaec
831 2401 908 2421 sana

210 2441 269 2471 est,
287 2434 532 2473 intelligendum
555 2434 708 2474 estfi11em
729 2445 768 2464 ex
784 2442 908 2464 antece-

210 2478 315 2508 dente.
361 2478 421 2507 Sed
447 2478 478 2507 id
500 2478 635 2508 verbum
653 2488 718 2507 non
734 2484 779 2508 est
795 2484 906 2516 aptum

210 2520 330 2556 rationi,
361 2530 420 2549 nec
449 2521 545 2550 verbo
576 2521 773 2561 exquiramus,
802 2522 908 2559 itaque

210 2563 334 2602 praetuli
366 2563 536 2593 lectionem
567 2564 636 2593 edd.
667 2571 740 2593 vett.
772 2563 906 2600 rationes,

209 2607 296 2645 quod
303 2612 334 2636 et
342 2606 437 2635 verbo
445 2606 630 2646 exquiramus
641 2607 842 2645 aptissimum
850 2613 905 2636 est.

210 2649 330 2678 rationis
345 2659 361 2679 e
380 2649 458 2678 Mss.
476 2649 554 2678 Pall.
571 2649 697 2679 induxit
720 2649 883 2679 Gruterus.

212 2727 214 2729 ‚
254 2698 293 2722 23
311 2698 398 2733 atque
410 2698 443 2719 ut
453 2691 764 2730 eorum—separemus]
782 2692 841 2722 Res
852 2693 905 2721 do-

209 2741 271 2772 cet,
289 2736 373 2765 hanc
391 2734 562 2770 lectionem
578 2735 724 2764 vitiosam
741 2745 816 2765 esse.
831 2745 906 2765 nam

209 2778 272 2810 hoc
294 2784 340 2808 est
363 2778 558 2807 contrarium
578 2779 800 2816 superioribus.
847 2779 907 2808 Ita

208 2831 272 2860 que
289 2821 464 2850 Lambinus
480 2821 576 2850 edidit
592 2832 624 2849 ne
640 2827 809 2860 separemus.
841 2821 907 2852 Da-

208 2865 306 2902 visius
323 2863 462 2896 malebat
477 2875 565 2905 neque
581 2863 745 2897 eorumnlt.

998 2141 1037 2164 524
1061 2144 1114 2163 non
1132 2132 1245 2169 melius,
1271 2143 1358 2174 quam
1382 2131 1505 2171 veteres]
1533 2133 1571 2163 In
1594 2142 1649 2162 non

953 2176 1053 2205 melius
1080 2177 1137 2206 int
1167 2176 1325 2206 elaborata
1349 2176 1399 2205 vel
1426 2176 1538 2205 tradita
1559 2182 1646 2206 sunt.

953 2231 1040 2261 quam
1070 2226 1180 2249 veteres
1209 2229 1285 2249 sane
1315 2219 1543 2249 constructioni
1580 2228 1645 2250 non

953 2264 1120 2299 consentit,
1138 2269 1168 2292 et
1189 2263 1359 2292 commode
1379 2262 1524 2309 abfuerit.
1534 2262 1645 2301 itaque

952 2315 1029 2336 cum
1042 2306 1169 2336 Davisio
1185 2305 1310 2335 inclusi.

996 2356 1034 2380 25
1053 2349 1180 2388 priorem
1202 2347 1323 2376 illi—hi
1345 2359 1370 2377 ο.
1387 2358 1416 2377 η.
1434 2345 1480 2387 a.]
1498 2346 1545 2376 illi
1569 2347 1646 2376 refe-

952 2392 1087 2422 rendum
1103 2392 1141 2421 ad
1157 2391 1389 2430 Peripateticos,
1413 2391 1442 2419 hi
1458 2391 1495 2420 ad
1513 2390 1646 2420 Stoicos.

952 2435 1000 2464 Ex
1023 2435 1174 2465 usitatiori
1198 2435 1330 2470 ratione,
1346 2435 1450 2473 primo
1466 2433 1537 2463 loco
1552 2433 1646 2463 debe-

952 2478 1005 2507 bat
1020 2487 1086 2508 esse
1103 2476 1144 2514 hi,
1162 2482 1231 2516 post
1246 2476 1306 2512 illi,
1323 2478 1399 2515 quia
1422 2477 1517 2507 Stoici
1543 2477 1646 2516 primo

951 2520 1022 2550 loco
1038 2520 1127 2559 positi
1143 2528 1238 2551 sunt:
1263 2521 1316 2550 sed
1332 2526 1363 2549 et
1384 2520 1446 2550 alia
1460 2519 1531 2549 loca
1545 2520 1646 2558 hujus

950 2564 1071 2603 generis
1094 2569 1201 2593 notata
1222 2569 1309 2599 sunt,
1335 2563 1365 2592 in
1393 2563 1510 2603 quibus
1534 2561 1581 2591 illi
1605 2563 1646 2592 ad

950 2606 1148 2645 proximum,
1173 2606 1203 2634 hi
1225 2607 1264 2636 ad
1287 2607 1438 2636 remotius
1454 2606 1597 2645 pertinet.
1613 2614 1644 2635 v.

950 2649 1038 2680 Clav.
1056 2650 1088 2679 in
1103 2649 1159 2679 hic.

993 2697 1033 2722 26
1058 2692 1143 2722 Quod
1163 2689 1342 2731 etsilssuod
1361 2692 1415 2721 hic
1437 2691 1577 2730 positum
1600 2697 1647 2721 est

951 2742 987 2766 ut
1003 2736 1035 2764 in
1053 2735 1137 2764 Quod
1149 2735 1184 2765 si.
1200 2744 1231 2765 v.
1248 2734 1336 2764 Clav.
1354 2735 1386 2764 in
1402 2734 1485 2776 quod.

994 2784 1031 2812 27
1058 2789 1116 2819 qua
1131 2777 1161 2806 hi
1177 2777 1314 2819 utuntur]
1331 2777 1360 2806 hi
1377 2778 1410 2807 h.
1428 2777 1448 2806 1.
1465 2777 1503 2806 ad
1520 2777 1646 2817 Peripa-

951 2822 1060 2852 teticos
1075 2821 1218 2860 pertinet.

994 2872 1034 2896 28
1058 2863 1204 2894 sedetiam
1219 2875 1258 2894 m.
1262 2861 1275 2906 ]
1294 2863 1355 2894 Hic
1371 2863 1478 2894 deesse
1492 2860 1646 2903 particula
