1778 3095
574 112 748 149 LIBER
778 109 1080 147 QUARTUS.
1469 113 1544 155 179

114 222 226 274 dem,
255 230 298 264 et
328 219 654 277 procuratricem
685 232 775 258 esse
803 217 969 268 vellent,
989 226 1026 248 41
1045 231 1138 272 quae
1160 223 1270 256 esset
1291 224 1448 256 naturae
1468 230 1541 257 co-

112 293 203 320 mes
223 288 266 321 et
285 278 466 335 adjutrix
484 293 493 315 ε
525 275 606 316 hoc
628 274 840 330 sapientiae
862 288 1015 314 munus
1036 288 1127 314 esse
1147 272 1356 322 dicebant,
1379 281 1426 312 ut
1444 287 1541 313 eum

113 344 316 386 tueretur,
344 334 414 390 qui
445 340 656 373 constaret
683 346 733 371 ex
753 331 894 371 animo
915 339 957 371 et
975 344 1175 385 corpore3
1208 329 1249 369 in
1270 338 1451 383 utroque
1467 329 1539 383 ju-

113 403 226 434 varet
255 389 366 441 eum,
397 399 523 444 atque
551 389 799 429 contineret.
831 397 957 443 atque
987 388 1046 428 ita
1075 401 1119 427 re
1139 386 1276 441 primo
1296 385 1542 439 simpliciter

113 450 332 497 collocata,
355 447 514 501 reliqua
544 444 737 485 subtilius
765 454 1077 500 persequentes,
1098 442 1286 498 corporis
1306 442 1418 483 bona
1436 441 1540 482 faci-

111 505 194 546 lem
216 503 424 568 quandam
446 503 647 542 rationem
671 501 825 543 habere
844 501 1082 541 censebant.
1106 499 1158 540 de
1178 498 1306 539 animi
1326 498 1448 539 bonis
1469 512 1540 538 ac-

112 571 293 602 curatius
322 558 619 615 exquirebant:
652 559 694 599 in
715 557 943 613 primisque
963 557 1239 613 reperiebant,
1252 556 1301 603 ,in
1323 555 1386 595 his
1406 555 1539 595 inesse

104 617 281 673 justitiae
311 616 496 657 semina:
528 615 736 670 primique
768 629 819 654 ex
845 614 1042 656 omnibus
1064 612 1328 669 philosophis
1348 627 1372 652 a
1392 622 1541 652 natura

110 673 316 714 tributum
345 687 436 713 esse
467 672 716 722 docuerunt,
747 680 794 712 ut
822 672 865 723 ii,
887 671 958 727 qui
987 670 1196 726 procreati
1225 677 1379 719 essent,
1398 683 1423 708 a
1442 683 1541 723 pro-

110 730 369 771 creatoribus
400 737 651 779 amarentur,
671 738 714 769 et
744 728 802 778 id,
835 727 951 784 quod
980 738 1221 782 temporum
1251 725 1399 767 ordine
1428 725 1540 766 anti-

111 786 233 841 quius
253 795 331 837 est,
353 794 400 827 ut
427 786 628 841 conjugia
647 785 844 835 virorum,
867 794 909 825 et
932 799 1128 835 uxorum,
1149 792 1296 824 natura
1313 782 1542 838 conjuncta

109 857 201 884 esse
221 843 431 884 dicerent:
463 858 546 899 qua
565 857 615 883 ex
635 842 763 898 stirpe
783 842 989 882 orirentur
1007 840 1202 881 amicitiae
1221 840 1541 896 cognationum.

111 909 240 956 atque
267 901 320 941 ab
353 899 417 940 his
445 899 571 940 initiis
606 899 800 954 profecti,
820 899 1011 939 omnium
1032 898 1233 938 virtutum
1254 908 1297 938 et
1318 897 1540 951 originem,

110 965 153 998 et
181 957 522 1013 progressionem
549 956 756 1011 persecuti
794 964 903 996 sunt.
925 970 975 995 ex
996 969 1080 1010 quo
1102 953 1354 1009 magnitudo
1371 966 1541 1009 quoque

111 1013 240 1054 animi
268 1014 508 1065 exsistebat,
529 1027 613 1068 qua
641 1013 761 1053 facile
781 1022 924 1068 posset
943 1011 1184 1066 repugnari,
1205 1010 1437 1065 obsistique
1455 1010 1543 1050 for-

111 1079 241 1122 tunae,
263 1070 378 1127 quod
407 1070 599 1110 maximae
631 1084 696 1110 res
723 1078 862 1110 essent
887 1070 928 1110 in
949 1077 1158 1124 potestate
1177 1068 1390 1123 sapientis.
1412 1066 1542 1107 varie-

111 1136 217 1168 tates
248 1136 405 1178 autem,
434 1127 691 1183 injuriasque
712 1127 891 1167 fortunae
911 1126 1033 1167 facile
1054 1135 1241 1166 veterum
1261 1123 1542 1179 philosopho-

112 1197 205 1225 rum
236 1185 456 1240 praeceptis
485 1184 677 1225 instituta
704 1183 787 1224 vita
815 1183 1050 1237 superabat.
1111 1181 1326 1236 Principiis
1354 1190 1498 1221 autem
1519 1187 1605 1220 a18

114 1249 264 1282 natura
292 1241 414 1291 datis,
445 1239 743 1295 amplitudines
774 1239 966 1295 quaedam
1000 1240 1208 1280 bonorum
1240 1237 1545 1287 excitabantur,

112 1298 267 1351 partim
290 1298 499 1353 profectae
517 1312 542 1337 a
560 1296 916 1351 contemplatione
946 1310 1083 1336 rerum
1109 1294 1407 1344 occultiorum,
1430 1294 1548 1349 quod

113 1363 203 1395 erat
222 1354 370 1395 insitus
390 1353 520 1395 menti
541 1353 795 1408 cognitionis
815 1367 946 1402 amor,
969 1366 1018 1392 ex
1044 1367 1128 1407 quo
1156 1352 1282 1393 etiam
1318 1360 1357 1382 42
1375 1351 1547 1391 rationis

113 1410 370 1465 explicandae
392 1410 703 1465 disserendique
723 1409 930 1464 cupiditas
951 1409 1287 1464 consequebatur
1307 1424 1315 1447 :
1348 1407 1549 1463 quodque

114 1465 196 1507 hoc
213 1467 351 1507 solum
371 1467 524 1507 animal
546 1476 691 1506 natum
712 1475 776 1506 est
789 1465 960 1520 pudoris
977 1480 1025 1505 ac
1044 1464 1305 1505 verecundiae
1324 1464 1548 1519 particeps,

113 1530 152 1554 ⁴3
171 1532 456 1579 appetensque
484 1522 828 1578 conjunctionem
861 1522 1083 1561 hominum
1105 1536 1152 1561 ac
1175 1520 1436 1571 societatem,
1459 1521 1548 1561 ani-

114 1580 460 1635 madvertensque
490 1580 531 1620 in
562 1580 758 1619 omnibus
789 1578 928 1628 rebus,
960 1593 1061 1634 quas
1093 1586 1250 1632 ageret,
1281 1586 1354 1618 aut
1375 1577 1547 1629 diceret,

116 1636 272 1693 nequid
300 1636 352 1677 ab
384 1650 434 1677 eo
468 1636 596 1686 fieret,
630 1636 706 1676 nisi
737 1635 928 1685 honeste,
956 1646 998 1676 et
1027 1635 1208 1684 decore,
1240 1634 1305 1674 his
1332 1633 1474 1683 initiis,
1500 1643 1550 1675 ut

113 1701 210 1734 ante
240 1693 339 1744 dixi,
368 1703 586 1748 tamquam
618 1692 861 1743 seminibus,
892 1707 916 1732 a
936 1701 1085 1732 natura
1110 1691 1233 1741 datis,
1256 1691 1549 1746 temperantia,

113 1750 334 1801 modestia,
349 1751 530 1806 justitia,
551 1759 593 1790 et
613 1750 750 1790 omnis
773 1749 968 1790 honestas
990 1749 1176 1803 perfecte
1196 1747 1389 1788 absoluta
1409 1755 1485 1787 est.

172 1807 334 1858 Habes,
360 1807 546 1863 inquam,
581 1806 706 1857 Cato,
734 1807 913 1847 formam
944 1820 1107 1856 eorum,
1130 1805 1181 1845 de
1202 1805 1355 1860 quibus
1381 1805 1596 1859 loquor,8

113 1863 481 1919 philosophorum.
504 1878 586 1919 qua
617 1863 820 1916 exposita,
842 1863 947 1903 scire
967 1863 1108 1917 cupio,
1129 1877 1222 1918 quae
1243 1876 1368 1902 causa
1388 1861 1456 1912 sit,
1475 1876 1612 1927 cur19

116 1921 235 1961 Zeno
256 1921 310 1962 ab
329 1920 406 1961 hac
427 1921 598 1975 antiqua
616 1920 877 1960 institutione
899 1919 1115 1960 desciverit
1132 1937 1139 1959 :
1173 1918 1373 1974 quidnam
1394 1918 1547 1959 horum

114 1977 168 2017 ab
188 1991 239 2017 eo
259 1991 343 2018 non
371 1978 424 2018 sit
451 1979 691 2032 probatum.
726 1986 766 2008 44
781 1976 949 2032 quodne
971 1991 1141 2017 omnem
1162 1986 1355 2016 naturam
1377 1990 1550 2017 conser-

115 2034 312 2075 vatricem
330 2034 394 2074 sui
413 2033 615 2075 dixerint?
639 2049 692 2074 an
714 2033 827 2089 quod
848 2048 973 2074 omne
993 2034 1148 2074 animal
1169 2034 1305 2088 ipsun]
1329 2032 1408 2072 sibi
1429 2047 1549 2088 com:

115 2090 377 2141 mendatum,
398 2100 446 2131 ut
472 2105 515 2131 se
541 2102 582 2131 et
609 2090 766 2131 salvum
799 2091 840 2130 in
861 2106 936 2131 suo
956 2105 1124 2146 genere,
1145 2090 1441 2144 incolumeque
1462 2091 1550 2131 vel-

114 2146 206 2188 let?
240 2162 307 2198 an,
338 2162 434 2188 cum
467 2148 656 2188 omnium
688 2149 839 2188 artium
872 2148 962 2187 finis
992 2147 1026 2187 is
1055 2157 1181 2198 esset,
1212 2155 1249 2178 45
1269 2146 1369 2202 quid
1402 2157 1551 2188 natura

114 2203 298 2245 maxime
327 2214 545 2260 quaereret,
577 2204 686 2244 idem
719 2205 846 2245 statui
876 2204 1030 2245 debere
1060 2204 1111 2244 de
1140 2204 1272 2244 totius
1303 2212 1391 2243 arte
1418 2204 1546 2244 vitae?

115 2267 156 2292 ⁴6
170 2275 223 2302 an
245 2261 374 2317 quod,
395 2276 492 2302 cum
515 2261 656 2302 animo
677 2272 965 2302 constaremus
988 2270 1031 2301 et
1057 2275 1250 2316 corpore,
1271 2270 1313 2300 et
1334 2260 1425 2301 haec
1445 2261 1549 2315 ipsa,

159 2384 196 2407 41
222 2387 289 2418 quae
301 2383 370 2406 esset
384 2383 499 2405 naturae
513 2387 598 2405 comes
614 2383 640 2406 e!
655 2374 806 2416 adjutrix]
853 2383 882 2405 et
912 2386 928 2404 e
960 2375 1038 2405 lX'Iss.
1070 2375 1191 2413 aliquot
1224 2374 1358 2403 restituit
1390 2375 1550 2405 Davisius.

116 2419 189 2449 Hoc
204 2422 229 2450 si
245 2420 377 2456 abesset,
394 2429 504 2449 sensus
528 2420 571 2449 nil
595 2420 704 2449 damni
728 2421 809 2449 acci-
853 2419 959 2457 Vulgo
978 2418 1203 2458 conjunctionum
1220 2417 1248 2445 Ιι.
1263 2424 1290 2444 et
1303 2417 1477 2447 societatum.

116 2470 211 2502 peret.
236 2473 314 2492 narn
331 2463 375 2492 nil
390 2464 492 2493 differt
508 2463 546 2492 ab
562 2464 727 2502 superiori:
753 2464 809 2492 eti·
889 2469 929 2492 44
946 2458 1264 2503 quodne—dixerinr?]
1277 2459 1405 2489 dixerint
1415 2460 1552 2499 postulat

116 2515 171 2536 am
200 2505 320 2545 reliqua
344 2507 399 2536 vix
423 2507 515 2535 credo
538 2508 606 2536 sine
632 2507 708 2536 vitio
734 2516 810 2536 esse.
854 2515 912 2540 res,
927 2514 1003 2534 nam
1017 2506 1054 2534 de
1066 2504 1262 2544 philosophis
1272 2512 1376 2532 sermo
1389 2511 1445 2534 est.
1462 2512 1492 2534 et
1507 2506 1551 2534 sic

118 2559 195 2579 nam
208 2556 238 2578 et
260 2549 340 2579 illud
363 2549 393 2578 in
416 2556 534 2590 utroque
544 2549 672 2588 juvaret
687 2560 749 2578 eum
765 2557 811 2578 at·
853 2549 950 2578 habet
965 2548 1012 2577 ed.
1031 2558 1074 2587 pr.
1092 2555 1258 2586 sequentes
1275 2547 1405 2576 editores
1423 2557 1487 2577 non
1505 2550 1552 2577 in-

117 2603 171 2633 que
186 2592 352 2629 ⁶⁰n²in2retx
366 2592 528 2621 redundat·
853 2602 977 2632 tellecto
987 2602 1180 2641 compendio
1189 2602 1427 2639 dixer1t‚dedere
1435 2601 1552 2633 tii-erit.

162 2642 201 2665 42
226 2635 345 2664 ramni-5
375 2633 567 2684 explicanda-1]
601 2635 663 2683 Sic·
682 2636 762 2683 bene
788 2645 810 2684 'e
853 2646 1085 2675 Animadvertit
1099 2645 1213 2675 vitium
1229 2647 1325 2675 etiam
1341 2645 1498 2674 Davisius.

120 2676 198 2707 Mss.
214 2678 278 2708 Jos.
296 2677 377 2708 Scal.
391 2685 420 2707 et
437 2677 566 2713 Ehensu
583 2678 730 2709 DaV1s1us
747 2679 811 2708 edi·
899 2696 936 2719 45
962 2688 1034 2730 quid
1049 2695 1154 2717 mmm,
1168 2689 1292 2718 maxime
1308 2688 1468 2729 quaereret]
1487 2688 1555 2717 An-

119 2719 176 2756 dit,
193 2721 478 2770 ,ἓῐῑῖῗῙΑὲῐΠῦἰΠΨ-
502 2721 599 2769 VUlgP
614 2729 663 2769 PSt
678 2722 810 2759 'stiffi-‘2
856 2732 1013 2768 teeedens,
1038 2732 1061 2760 is
1072 2731 1150 2770 finis
1173 2739 1253 2770 esset,
1278 2730 1416 2771 postulat
1438 2731 1512 2772 quod
1529 2741 1556 2759 n.

120 2761 284 2801 expltcandt
298 2764 507 2805 dtsserendzque
522 2764 678 2803 cupzdztas.
859 2786 886 2803 m

165 2811 203 2835 43
219 2812 414 2855 'appetensqrce
436 2807 656 2845 conjunctionem
671 2807 814 2855 hminum
902 2822 942 2847 46
967 2828 1004 2846 an
1027 2817 1112 2858 quod,
1137 2828 1199 2846 cum
1222 2829 1250 2847 a„
1275 2815 1350 2854 δία]
1375 2816 1451 2856 quod
1469 2816 1558 2845 vitio-

121 2859 156 2877 ‘¹0
171 2849 348 2891 5⁰⁶¹‘tfltfm]
362 2850 414 2881 8¹0
429 2851 498 2880 edd·
518 2860 563 2890 Ps-
579 2860 704 2888 omnes,
721 2851 815 2889 ldque
859 2871 934 2890 sum
950 2867 1006 2890 est.
1031 2870 1107 2890 nam
1125 2861 1193 2890 haec
1210 2869 1278 2899 pars
1295 2859 1406 2890 similis
1424 2869 1489 2888 esse
1505 2859 1557 2886 de-

858 2915 936 2943 ΝΖ
