1778 3095
212 196 294 236 460
598 196 676 233 DE
703 194 972 233 NATURA
999 193 1271 233 DEORUM

151 312 199 354 87
213 304 438 360 optimum,
456 303 652 344 effectum
673 311 750 344 est.
788 304 955 345 Doceat
976 318 1078 359 ergo
1098 303 1247 359 aliquis
1269 301 1458 359 potuisse
1476 300 1642 344 melius.

213 360 297 402 Sed
331 375 454 401 nemo
486 373 689 414 umquam
725 359 920 402 docebit:
952 370 1009 411 et,
1045 361 1078 401 si
1113 361 1204 416 quis
1238 358 1447 415 corrigere
1484 359 1642 415 aliquid

212 418 339 468 volet,
359 426 433 458 aut
453 416 637 457 deterius
665 416 802 466 faciet,
830 427 902 458 aut
931 417 989 466 id,
1019 417 1134 473 quod
1165 417 1251 458 fieri
1284 430 1367 456 non
1398 415 1550 470 potuit,
1571 415 1645 456 de-

212 473 426 515 siderabit.
485 472 615 529 Quod
637 473 670 514 si
689 487 833 514 omnes
855 473 1001 514 mundi
1021 483 1159 527 partes
1188 474 1246 514 ita
1275 472 1514 513 constituta:
1533 479 1643 522 sunt,

211 539 261 571 ut
281 543 416 585 neque
436 528 489 570 ad
511 544 632 570 usum
655 529 848 570 meliores
871 530 1083 583 potuerint
1109 544 1215 580 esse,
1235 543 1369 584 neque
1390 528 1442 568 ad
1462 527 1645 583 speciem

212 586 470 642 pulcriores:
500 585 727 635 videamus,
757 594 897 625 utrum
930 599 978 625 ca
1008 585 1182 626 fortuita
1212 586 1307 635 sint,
1338 600 1390 625 an
1429 599 1480 624 eo
1520 591 1648 633 statu,

245 658 299 683 uo
321 641 531 683 cohaerere
561 642 676 682 nullo
708 641 836 681 modo
868 641 1093 695 potuerint,
1124 642 1202 682 nisi
1233 656 1356 682 sensu
1384 640 1647 690 moderante,

214 657 436 754 divinaque
456 698 727 753 providentia.
785 696 829 737 Si
849 711 951 751 ergo
973 698 1146 737 meliora
1166 707 1262 738 sunt
1283 712 1344 748 ea,
1368 712 1460 753 quae
1484 704 1648 746 natura,

215 769 343 809 quam
365 754 436 795 illa
454 769 548 809 quae
570 763 658 794 arte
687 753 872 807 perfecta
901 763 1025 793 sunt:
1058 767 1133 793 nec
1163 768 1228 794 ars
1259 753 1384 794 efficit
1414 752 1647 809 quidquam

217 811 305 851 sine
325 810 509 851 ratione:
541 824 592 849 ne
613 817 758 849 natura
778 808 948 863 quidem
970 809 1140 849 rationis
1170 824 1315 865 expers
1345 818 1408 850 est
1439 807 1648 849 habenda.

216 868 305 923 Qui
335 866 464 921 igitur
494 865 700 915 convenit,
738 864 906 920 signum
937 873 1010 906 aut
1041 865 1228 906 tabulam
1261 866 1418 921 pictam
1450 880 1546 906 cum
1573 863 1648 904 ad-

174 934 207 966 b.
218 924 414 978 spexeris,
434 921 540 962 scire
558 921 791 962 adhibitam
812 935 901 962 esse
919 929 1050 963 artem
1067 938 1076 962 :
1109 936 1291 977 cumque
1309 921 1459 977 procul
1479 935 1650 962 cursum

218 979 373 1035 navigii
409 977 576 1029 videris,
617 992 701 1019 non
734 977 941 1030 dubitare,
981 979 1083 1034 quin
1116 977 1159 1019 id
1196 978 1358 1020 ratione
1395 987 1522 1033 atque
1561 985 1651 1018 arte

217 1042 463 1076 moveatur:
494 1043 567 1076 aut
596 1049 693 1076 cum
729 1033 926 1075 solarium
959 1034 1021 1075 vel
1050 1034 1321 1090 descriptum,
1351 1043 1424 1075 aut
1453 1048 1504 1074 ex
1529 1047 1653 1089 aqua,

218 1090 520 1142 contunfflere‚
536 1091 772 1146 intelligere
791 1090 990 1132 declarari
1011 1091 1134 1132 horas
1152 1102 1253 1142 arte,
1270 1106 1351 1132 non
1370 1105 1471 1132 casu
1490 1105 1499 1130 :
1528 1104 1654 1130 mun-

219 1147 333 1188 dum=
353 1161 509 1198 mrem,
540 1148 613 1203 qui
647 1158 691 1188 et
719 1147 794 1188 has
825 1147 937 1203 ipsas
974 1157 1098 1198 arteS‚
1133 1157 1176 1189 et
1211 1162 1354 1189 earum
1384 1147 1580 1197 artifices,
1609 1155 1653 1187 et

221 1212 374 1245 cuncta
412 1204 731 1259 complectatur,
771 1204 950 1254 consilii,
996 1213 1039 1245 et
1085 1204 1256 1245 rationis
1303 1218 1393 1244 esse
1438 1211 1652 1258 expertem

160 1275 209 1309 gg
221 1261 402 1316 putare?
435 1260 566 1302 Quod
586 1260 619 1300 si
646 1261 686 1301 in
713 1259 946 1316 Scythiam,
977 1270 1051 1301 aut
1080 1261 1122 1300 in
1153 1260 1426 1310 Britanniam,
1444 1260 1653 1315 sphaeram

221 1316 370 1372 aliquis
409 1316 551 1357 tulerit
589 1316 712 1366 hane,
748 1331 873 1371 quam
911 1331 1045 1372 nuper
1081 1316 1296 1357 familiaris
1336 1324 1478 1356 noster
1514 1314 1653 1356 effecit

223 1372 487 1422 Posidonius,
531 1372 652 1428 cujus
692 1373 870 1427 singulae
911 1373 1202 1414 conversiones
1239 1372 1352 1413 idern
1392 1371 1578 1413 efficiunt
1612 1371 1655 1411 in

222 1429 325 1479 sole,
344 1438 387 1469 et
407 1429 447 1469 in
468 1429 581 1479 luna,
602 1438 646 1470 et
666 1429 708 1469 in
729 1429 913 1485 quinque
933 1429 1064 1470 stellis
1080 1429 1328 1480 errantibus,
1344 1428 1457 1484 quod
1478 1427 1657 1468 efficitur

222 1485 265 1526 in
296 1485 401 1526 caelo
441 1485 616 1540 singulis
652 1485 799 1526 diebus
832 1498 876 1526 et
907 1486 1128 1526 noctibus:
1160 1486 1252 1541 quis
1284 1486 1327 1525 in
1361 1485 1432 1525 illa
1465 1483 1657 1525 barbarie

139 1536 403 1590 35dubitet,
443 1543 545 1596 quin
583 1556 633 1582 ea
671 1543 834 1597 sphaera
875 1543 927 1583 sit
965 1542 1148 1597 perfecta
1182 1542 1373 1582 ratione?
1415 1541 1476 1581 Hi
1514 1549 1656 1581 autem

222 1597 418 1639 dubitant
436 1597 488 1638 de
509 1598 685 1648 mundo,
706 1613 755 1639 ex
777 1613 862 1654 quo
883 1609 924 1639 et
944 1599 1135 1639 oriuntur
1152 1609 1194 1639 et
1211 1599 1314 1639 fiunt
1330 1597 1486 1647 omnia,
1503 1610 1658 1637 casune

222 1654 312 1709 ipse
333 1654 386 1695 sit
405 1656 594 1705 effectus,
616 1665 688 1696 aut
708 1655 955 1695 necessitate
982 1655 1134 1710 aliqua,
1164 1670 1215 1695 an
1247 1655 1407 1695 ratione
1437 1667 1485 1693 ac
1515 1660 1657 1692 mente

223 1710 362 1751 divina
379 1727 388 1751 ε
420 1720 464 1751 et
483 1711 785 1752 Archimedem
801 1711 1053 1751 arbitrantur
1069 1711 1162 1765 plus
1181 1711 1357 1750 valuisse
1377 1710 1420 1749 in
1442 1707 1656 1749 imitandis

223 1766 400 1822 sphaerae
432 1768 786 1817 conversionibus,
821 1782 945 1822 quam
979 1776 1169 1807 naturam
1201 1766 1243 1807 in
1274 1765 1515 1815 efficiendis,
1549 1779 1658 1820 prae·

224 1823 367 1864 sertim
407 1837 504 1864 cum
538 1823 680 1864 multis
713 1823 901 1879 partibus
940 1823 1022 1863 sint
1055 1822 1127 1863 illa
1158 1823 1358 1878 perfecta,
1398 1835 1525 1876 quam
1563 1819 1656 1862 haec

160 1888 211 1929 89
225 1880 434 1930 simulata,
475 1879 698 1920 sollertius.
756 1880 891 1935 Atqui
931 1880 1002 1920 ille
1034 1879 1148 1934 apud
1181 1878 1349 1919 Attium
1386 1887 1545 1933 pastor,
1582 1875 1657 1931 qui

224 1950 368 1976 navem
389 1951 621 1991 numquam
641 1945 739 1977 ante
759 1936 941 1986 vidisset,
973 1945 1021 1976 ut
1049 1935 1199 1991 procul
1227 1935 1411 1976 divinum
1436 1944 1479 1974 et
1499 1947 1656 1974 novum

222 1992 458 2033 vehiculum
476 1994 823 2047 Argonautarum
841 2006 864 2033 e.
879 2002 1026 2033 monte
1038 1992 1270 2048 conspexit,
1287 1991 1426 2048 primo
1444 1989 1657 2032 admirans

220 2059 262 2089 et
282 2049 540 2104 perterritus,
560 2049 643 2090 hoc
665 2048 796 2089 modo
814 2049 1003 2104 loquitur
1020 2065 1029 2089 :

433 2161 485 2167 —
498 2146 536 2172 98
552 2146 651 2176 tanta
670 2140 766 2175 moles
787 2139 914 2176 labitur

329 2192 562 2230 Fremebunda
581 2206 622 2229 ex
641 2193 723 2236 alto,
746 2193 871 2242 ingenti
889 2192 1008 2234 sonitu,
1023 2199 1054 2228 et
1068 2192 1186 2242 spiritu
1203 2209 1215 2229 .-

334 2247 418 2284 Prae
433 2261 467 2283 se
486 2245 594 2282 undas
613 2246 726 2283 vol-vit
743 2259 754 2279 .·
782 2246 924 2282 vortices
943 2246 984 2282 vi
1000 2248 1155 2288 suscitas,

332 2302 413 2338 Ruit
430 2300 586 2350 prolapsa
600 2316 611 2335 :
636 2300 779 2349 pelagus
798 2299 984 2350 respergit:
1014 2306 1053 2331 99
1061 2299 1213 2349 prestitit.

328 2355 385 2392 lta
401 2354 480 2390 dum
497 2354 718 2403 interruptum
733 2352 850 2389 credas
868 2351 1014 2389 nimbum
1033 2353 1180 2396 volvier,

329 2409 425 2445 Dum
443 2405 532 2458 quod
547 2406 687 2443 sublime
704 2407 814 2443 ventis
833 2406 1005 2456 expulsum
1025 2406 1101 2455 rapi

331 2461 477 2504 Saxum,
495 2469 557 2496 aut
568 2459 733 2510 procellis,
750 2460 811 2496 vel
819 2458 968 2508 globosos
986 2457 1132 2495 turbines

334 2514 502 2550 Ean-sistere
518 2514 598 2549 ictos
617 2512 714 2549 undis
733 2511 1004 2548 concursantibus
1018 2526 1031 2547 .-

331 2568 410 2604 Nisi
428 2580 510 2617 quas
532 2573 698 2602 terrestres
719 2566 843 2602 Pontus
860 2575 990 2614 strages
1007 2564 1126 2601 conciet
1139 2579 1152 2599 .-

270 2704 307 2729 93
333 2703 414 2725 tanta
432 2694 525 2731 moles]
554 2695 620 2724 Hos
644 2704 748 2724 versus
773 2694 848 2723 hinc
872 2703 917 2724 re·
961 2694 1036 2732 quia
1063 2699 1201 2722 metrum
1232 2702 1343 2722 vocem
1374 2693 1576 2732 dissyllabam
1607 2703 1656 2723 re.

227 2742 301 2778 petit
318 2740 490 2770 Priscianus
506 2739 543 2767 de
561 2738 666 2767 mersis
689 2737 820 2766 comicis
836 2737 919 2775 apud
962 2737 1066 2774 quirit.
1098 2745 1175 2765 mox
1205 2745 1259 2774 pro
1289 2735 1466 2764 dum—dum
1496 2737 1653 2766 Buherius

227 2784 354 2813 Putsch.
383 2792 413 2823 p.
445 2788 534 2811 1325.
562 2790 639 2810 cum
664 2780 809 2809 varietate
839 2788 918 2817 qua·
961 2785 1148 2808 tum—tum:
1172 2788 1247 2807 nam
1264 2778 1331 2807 dum
1345 2779 1474 2817 quidem
1492 2788 1555 2808 non
1573 2779 1654 2808 bene

224 2828 314 2856 dam.
960 2822 1109 2851 convenit
1124 2822 1298 2851 sententiae.
1322 2822 1405 2852 idem
1423 2831 1498 2853 mox
1515 2831 1570 2861 pro
1586 2821 1654 2851 im,-

270 2878 309 2900 ψ)
330 2864 464 2906 profluiz]
494 2866 668 2895 Priscianus
698 2864 793 2894 habet
819 2864 916 2904 rissat,
961 2865 1020 2903 legi
1036 2863 1105 2894 vult
1121 2872 1194 2893 actos
1209 2876 1219 2892 .·
1242 2864 1354 2903 placet.

227 2912 310 2949 quod
339 2911 507 2950 pra-ferunt
533 2908 719 2944 Lambinus,
748 2907 917 2943 Davisius3
