1778 3095
234 75 312 116 372
574 69 826 108 TUSCUL.
855 71 1295 114 QUAESTIONUM

238 191 349 227 nere,
371 185 410 209 ⁴⁵
425 191 510 234 quo
539 177 620 220 vita
645 179 771 221 beata
798 180 1049 236 completur,
1072 182 1106 224 si
1133 182 1176 224 id
1206 181 1340 238 possit
1360 181 1530 224 amitti?
1562 181 1666 224 nihil

237 233 348 274 enim
369 234 680 287 interarescere,
700 235 802 277 nihil
822 237 1046 294 exstingui,
1068 239 1170 280 nihil
1191 239 1339 280 cadere
1361 238 1485 280 debet
1504 253 1670 289 eorum,

240 290 282 331 in
313 291 464 345 quibus
498 291 580 332 vita
609 291 733 333 beata
760 294 964 335 consistit.
996 310 1093 336 nam
1123 296 1194 351 qui
1226 295 1406 345 timebit,
1427 311 1479 336 ne
1499 294 1602 351 quid
1618 310 1670 336 ex

176 353 222 387 41
240 346 304 388 his
325 346 539 403 deperdat,
559 349 707 390 beatus
727 364 815 390 esse
837 366 921 391 non
948 352 1116 405 poterit.
1175 353 1386 393 Volumus
1408 351 1536 402 enim,
1556 365 1670 401 eum,

240 403 312 460 qui
343 405 492 446 beatus
523 405 590 455 sit,
621 413 761 446 tutum
795 421 898 456 esse,
929 408 1312 463 inexpugnabilem,
1341 417 1509 463 septum
1541 416 1670 462 atque

240 461 477 510 munitum3
510 476 594 502 non
626 472 673 503 ut
707 476 834 517 parvo
866 474 982 503 metu
1016 464 1215 519 praeditus
1249 465 1315 514 sit,
1350 464 1423 506 sed
1458 473 1504 505 ut
1538 463 1685 504 nullos

243 518 305 559 Ut
326 518 437 557 enim
459 518 660 558 innocens
694 518 727 558 is
758 518 926 568 dicitur,
949 535 1032 560 non
1064 521 1136 575 qui
1166 521 1308 562 leviter
1335 530 1472 571 nocet,
1496 520 1569 561 sed
1599 519 1671 576 qui

241 573 343 614 nihil
368 584 492 615 nocet
511 591 519 614 ε
552 575 609 614 sic
631 575 718 614 sine
737 583 855 615 metu
873 575 907 615 is
929 575 1149 617 habendus
1174 587 1251 627 est,
1272 584 1311 609 46
1326 592 1409 618 non
1431 578 1502 633 qui
1523 591 1672 632 parum

242 630 408 681 metuit,
430 630 502 672 sed
524 631 596 685 qui
616 630 788 671 omnino
815 640 933 671 metu
961 641 1092 672 vacat.
1125 648 1218 688 quae
1239 643 1302 674 est
1321 635 1431 674 enim
1453 634 1534 675 alia
1552 632 1674 674 forti-

201 686 363 737 b·tudo,
384 687 463 727 nisi
493 687 620 727 animi
649 686 815 726 affectio
846 701 943 727 cum
966 687 1006 728 in
1027 688 1219 730 adeundo
1249 690 1451 744 periculo,
1471 699 1513 731 et
1543 690 1583 730 in
1613 689 1675 730 la-

182 751 231 783 42
245 742 346 784 bore
375 758 422 784 ac
444 743 591 783 dolore
622 742 797 797 patiens,
820 751 910 783 tum
941 745 1089 798 procul
1117 745 1170 785 ab
1201 746 1317 786 omni
1348 748 1496 787 metu?
1530 747 1675 801 Atque

246 799 336 841 haec
357 808 469 840 certe
489 814 574 839 non
595 798 653 840 ita
675 813 718 839 se
740 798 959 850 haberent,
980 800 1058 843 nisi
1079 816 1205 842 omne
1226 801 1387 842 bonum
1421 802 1461 843 in
1492 817 1576 843 una
1600 802 1680 842 ho-

245 864 405 897 nestate
439 855 700 896 consisteret.
769 856 855 912 Qui
885 866 1023 898 autem
1060 858 1175 899 illam
1207 858 1389 899 maxime
1418 867 1606 914 optatam
1636 866 1681 898 et

244 912 473 967 expetitam
497 912 763 953 securitatem
792 913 1075 966 (securitatem
1106 923 1247 956 autem
1276 929 1385 956 nunc
1406 914 1588 970 appello,
1608 929 1678 955 va-

244 969 447 1010 cuitatem
479 969 755 1024 aegritudiniS,
789 970 830 1010 in
865 985 948 1025 qua
978 971 1061 1011 vita
1092 971 1217 1012 beata
1246 971 1383 1026 posita
1412 973 1491 1024 est)
1525 970 1679 1011 habere

245 1025 469 1081 quisquam
493 1034 648 1080 potest,
668 1026 737 1067 cui
767 1035 840 1067 aut
869 1027 992 1077 adsit,
1023 1037 1096 1069 aut
1129 1028 1275 1069 adesse
1295 1028 1428 1083 possit
1447 1026 1681 1068 multitudo

245 1081 487 1123 malorum?
522 1082 593 1138 qui
627 1092 766 1123 autem
798 1083 951 1137 poterit
984 1098 1073 1125 esse
1106 1085 1257 1135 celsus,
1278 1094 1323 1125 et
1352 1092 1531 1134 erectus,
1552 1091 1594 1124 et
1615 1097 1680 1134 ea,

246 1153 329 1195 que
362 1138 523 1180 homini
556 1138 744 1179 accidere
774 1149 965 1194 possunt,
986 1141 1129 1181 onmia
1158 1155 1283 1195 parva
1311 1140 1484 1191 ducens,
1511 1139 1680 1196 qualem

245 1195 477 1250 sapientem
512 1210 602 1236 esse
634 1195 841 1246 volumus,
863 1195 941 1236 nisi
974 1197 1116 1238 omnia
1145 1197 1223 1238 sibi
1244 1196 1286 1237 in
1306 1211 1350 1238 se
1369 1197 1506 1252 posita
1534 1210 1680 1237 cense-

246 1252 337 1293 bit?
374 1252 440 1294 An
463 1251 790 1302 Lacedaemonii,
813 1260 849 1288 47
871 1252 1065 1308 Philippo
1090 1253 1310 1295 minitante
1340 1267 1416 1309 per
1443 1252 1618 1303 litteras,
1639 1266 1685 1292 se

245 1308 404 1358 onmia,
424 1323 517 1364 quae
551 1317 817 1359 conarentur,
839 1309 1169 1364 prohibiturum,
1194 1309 1487 1366 quaesiverunt,
1507 1323 1607 1350 num
1638 1322 1684 1349 se

246 1374 358 1405 esset
377 1365 503 1406 etiam
537 1365 645 1405 mori
676 1365 991 1420 prohibiturus:
1024 1366 1082 1407 vir
1107 1366 1156 1417 is,
1179 1380 1305 1422 quem
1335 1366 1578 1421 quaerimus,
1599 1379 1704 1413 non¹

247 1421 386 1462 multo
408 1421 572 1462 facilius
599 1422 673 1462 tali
694 1421 836 1463 animo
866 1423 1108 1478 reperietur,
1128 1438 1251 1479 quam
1285 1422 1426 1464 civitas
1457 1422 1680 1463 universa?

247 1477 385 1534 quid?
419 1477 472 1519 ad
500 1478 608 1519 hanc
639 1478 945 1530 fortitudinem,
965 1479 1017 1520 de
1047 1494 1130 1535 qua
1158 1480 1386 1535 loquimur,
1409 1477 1686 1534 temperantia

247 1534 462 1591 adjuncta,
485 1551 578 1591 quae
615 1535 668 1577 sit
700 1535 955 1577 moderatrix
987 1536 1176 1577 omnium
1208 1536 1560 1586 commotionum,
1583 1533 1684 1590 quid

247 1600 390 1646 potest
410 1591 463 1632 ad
483 1592 605 1632 beate
626 1592 846 1633 vivendum
868 1591 1012 1633 deesse
1039 1593 1091 1643 ei,
1113 1607 1238 1648 quem
1259 1592 1465 1634 fortitudo
1485 1592 1538 1632 ab
1560 1590 1685 1646 aegri-

250 1647 395 1689 tudine
414 1657 457 1689 et
477 1663 502 1689 a
521 1658 639 1689 metu
667 1648 874 1690 vindicet:
906 1650 1181 1705 temperantia
1206 1659 1297 1691 tum
1330 1664 1356 1690 a
1383 1648 1559 1689 libidine
1586 1662 1687 1688 avo-

249 1713 333 1755 cet,
367 1715 458 1745 tum
485 1704 682 1746 insolenti
709 1705 923 1746 alacritate
942 1706 1099 1761 gestire
1119 1721 1204 1746 non
1225 1706 1364 1747 sinat?
1398 1706 1507 1746 Haeo
1524 1704 1688 1745 efficere

248 1761 445 1802 virtutem
479 1761 761 1811 ostenderem,
789 1762 867 1803 nisi
899 1762 1183 1817 superioribus
1213 1762 1360 1803 diebus
1382 1769 1523 1802 essent
1551 1760 1686 1815 expli-

170 1817 235 1864 15
249 1826 356 1858 cata.
407 1818 553 1874 Atque
571 1833 668 1859 cum
690 1818 1026 1873 perturbationes
1047 1818 1190 1870 animi,
1212 1819 1407 1859 miseram
1417 1834 1430 1869 3
1451 1816 1689 1859 sedationes

184 1890 234 1924 43
250 1883 409 1926 autem,
442 1875 569 1915 vitam
604 1875 784 1916 efficiant
814 1875 1011 1916 beatam:
1051 1875 1291 1931 duplexque
1328 1875 1433 1916 ratio
1467 1873 1688 1929 perturba-

248 1931 376 1972 tionis
398 1932 464 1982 sit,
486 1931 600 1987 quod
632 1931 856 1986 aegritudo,
876 1941 919 1972 et
948 1941 1102 1983 metus,
1123 1932 1166 1972 in
1186 1932 1308 1973 malis
1329 1931 1525 1987 opinatis,
1545 1930 1587 1971 in
1607 1930 1687 1971 bo-

250 2002 401 2029 norum
444 1999 584 2030 autem
627 2002 780 2039 errore,
818 1988 965 2030 laetitia
1000 1989 1186 2043 gestiens
1225 1988 1442 2044 libidoque
1477 1994 1691 2028 versetur:

251 2053 404 2086 480u1n
439 2045 530 2086 haec
561 2045 705 2085 omnia
734 2060 833 2086 cum
863 2046 1040 2086 consilio
1062 2054 1106 2087 et
1125 2046 1284 2086 ratione
1310 2053 1526 2100 pugnent:
1555 2043 1620 2084 his
1641 2051 1690 2084 tu

120 2121 151 2151 p.
166 2114 239 2145 237·
252 2111 338 2142 tam
369 2101 566 2158 gravibus
598 2101 967 2152 concitationibus,
989 2112 1162 2158 tamque
1192 2102 1290 2157 ipsis
1319 2102 1426 2142 inter
1454 2115 1498 2142 se
1526 2099 1687 2141 dissenu

210 2158 451 2200 a·tientibus
483 2167 611 2214 atque
643 2158 869 2208 distractis,
901 2173 1027 2215 quem
1061 2173 1253 2210 vacuum,
1282 2158 1484 2208 solutum,
1506 2157 1686 2198 liberum

251 2215 415 2266 videris,
437 2216 550 2256 hunc
571 2215 782 2256 dubitabis
803 2216 977 2256 beatum
999 2215 1138 2257 dicere
1157 2216 1170 2258 ?
1203 2215 1318 2271 atqui
1339 2214 1503 2269 sapiens
1524 2227 1689 2268 semper

250 2271 308 2313 ita
339 2272 513 2313 affectus
549 2281 625 2313 est.
663 2286 827 2327 semper
862 2272 994 2327 igitur
1028 2272 1192 2327 sapiens
1226 2272 1374 2312 beatus
1409 2278 1486 2311 est.
1543 2270 1690 2325 Atque

248 2328 376 2369 etiam
408 2343 536 2369 omne
568 2329 744 2379 bonum,
774 2328 958 2370 laetabile
988 2338 1078 2370 est:
1111 2328 1227 2384 quod
1256 2337 1398 2368 autem
1429 2325 1626 2377 laetabile,
1646 2325 1689 2366 id

249 2384 582 2440 praedicandum,
617 2394 660 2426 et
695 2399 782 2440 prae
821 2399 864 2426 se
900 2385 1146 2427 ferendum:
1183 2383 1298 2440 quod
1335 2383 1418 2424 tale
1454 2390 1611 2432 autem,
1645 2381 1689 2422 id

249 2441 376 2482 etiarn
409 2441 661 2497 gloriosum.
693 2441 727 2482 si
757 2455 855 2482 vero
885 2441 1140 2497 gloriosum,
1161 2450 1275 2482 certe
1304 2439 1543 2482 laudabile:
1573 2438 1689 2495 quod

293 2559 331 2582 45
351 2562 404 2592 quo
427 2550 495 2580 vita
512 2550 538 2579 b.
556 2550 725 2589 completur]
753 2551 804 2580 SiC
820 2552 954 2581 correxit
1041 2556 1078 2584 47
1107 2550 1243 2590 Philippo
1267 2549 1433 2589 minitante]
1460 2551 1510 2581 Sic
1533 2550 1613 2580 bene
1636 2559 1694 2590 pro

250 2594 412 2625 Bentleius
429 2593 596 2632 vulgatum
614 2593 820 2633 complectitur.
841 2595 952 2624 eadem
995 2593 1125 2632 vulgato
1148 2594 1308 2625 minitanti.
1330 2595 1355 2624 si
1383 2600 1565 2633 sequeretur
1581 2601 1690 2633 respon.

250 2639 353 2668 forma
377 2644 422 2667 est
449 2647 476 2667 c.
497 2641 545 2666 16.
572 2637 637 2666 Ms.
665 2636 772 2667 Guelf.
801 2636 897 2666 habet
923 2637 952 2665 in
996 2637 1111 2673 derunt,
1127 2637 1295 2676 vulgatum
1312 2644 1435 2667 rectum
1451 2643 1541 2667 esset.

249 2692 315 2723 qu0.
1036 2686 1075 2709 48
1093 2690 1155 2708 cum
1181 2680 1240 2708 haec
1263 2679 1372 2718 omnia]
1390 2680 1501 2710 Addidi
1517 2679 1578 2708 haec
1594 2687 1610 2707 e
1626 2677 1690 2708 ΜΩ.

293 2727 332 2753 46
350 2733 402 2750 non
419 2722 469 2762 qui
487 2729 590 2761 parva
609 2720 725 2760 metuit]
753 2722 837 2751 Bene
853 2721 950 2751 Davi-
994 2722 1101 2752 Guelf.
1148 2722 1198 2752 Sic
1222 2730 1252 2753 et
1276 2723 1425 2753 Davisius
1439 2723 1472 2753 in
1494 2722 1544 2752 ed.
1562 2728 1590 2752 1.
1606 2721 1690 2751 alia-

248 2766 326 2802 slus‚
344 2775 360 2794 e
377 2765 454 2795 Mss.
466 2771 588 2804 parum,
604 2765 656 2795 cui
681 2765 761 2796 bene
781 2766 950 2804 opponitur
993 2775 1055 2804 que
1071 2766 1141 2795 edd.
1157 2772 1233 2795 vett.

249 2820 358 2838 ommno
375 2819 412 2838 m.
429 2814 532 2838 vacat.
