1778 3095
186 113 267 146 330
575 107 831 146 TUSCUL.
863 109 1299 150 QUAESTIONUM

183 215 218 256 si
238 220 462 270 paupertas
491 216 737 267 momordit,
765 217 800 259 si
833 218 1065 274 ignominia
1093 219 1291 275 pupugit,
1310 218 1344 260 si
1365 218 1467 274 quid
1494 227 1613 262 tene-

184 271 356 312 brarum
377 272 546 313 obfudit
565 273 771 325 exsilium,
791 286 864 316 aut
885 291 1046 327 eorum,
1074 292 1169 332 quae
1189 275 1318 316 modo
1338 275 1438 325 dixi,
1458 276 1492 317 si
1513 277 1615 332 quid

139 340 171 370 b.
186 328 344 369 exstitit
363 344 373 369 τ
404 338 445 370 et
462 329 495 369 si
517 329 775 384 singularum
806 346 944 373 rerum
967 342 1064 374 sunt
1084 333 1262 388 propriae
1280 333 1614 374 consolationes:

184 385 236 426 de
268 385 420 440 quibus
457 385 600 426 audies
638 395 683 427 tu
717 388 904 443 quidem,
936 403 1031 430 cum
1069 390 1209 430 voles:
1241 388 1315 430 sed
1345 388 1398 429 ad
1431 388 1614 430 eundem

183 442 345 484 fontem
368 441 657 483 revertendum
686 452 763 494 est,
791 445 1085 499 aegritudinem
1115 460 1281 487 omnem
1304 446 1452 500 procul
1471 445 1616 486 abesse

181 513 207 539 a
226 498 427 554 sapiente,
459 498 574 553 quod
607 499 739 540 inanis
774 501 840 550 sit,
872 501 986 555 quod
1021 502 1175 543 frustra
1204 502 1468 558 suscipiatur,
1498 500 1616 557 quod

182 570 266 596 non
290 564 437 596 natura
456 555 681 605 exoriatur,
702 556 774 596 sed
798 556 977 612 judicio,
1007 558 1078 599 sed
1108 558 1319 613 opinione,
1342 559 1412 599 sed
1433 557 1615 614 quadam

182 612 426 653 invitatione
447 610 500 652 ad
522 611 768 662 dolendum,
789 628 886 653 cum
909 613 951 654 id
984 613 1286 656 decreverimus
1306 616 1363 656 ita
1384 615 1470 656 fieri
1488 629 1617 670 opor-

120 684 168 716 83
182 677 284 710 tere.
344 669 442 709 Hoc
464 668 668 718 detracto,
692 669 804 723 quod
832 678 970 710 totum
1001 679 1065 710 est
1092 670 1386 721 voluntarium,
1407 671 1616 727 aegritudo

183 725 262 766 erit
288 724 453 765 sublata
483 724 554 764 illa
584 740 789 765 maerens:
823 732 859 761 37
876 741 1041 767 morsus
1073 736 1227 776 tamen,
1259 736 1301 768 et
1329 728 1617 769 contractiun-

182 781 289 823 culae
311 780 504 835 quaedam
526 781 653 821 animi
679 782 978 837 relinquentur.
1009 782 1116 823 hanc
1147 783 1289 823 dicant
1319 798 1416 824 sane
1446 794 1616 825 natura-

181 839 280 888 lem,
301 836 403 877 dum
419 837 681 892 aegritudinis
697 853 848 879 nomen
868 839 990 889 absit,
1007 854 1147 895 grave,
1169 848 1354 890 taetrum,
1376 842 1587 881 funestum
1605 857 1616 882 t

182 894 299 951 quod
320 908 416 934 cum
438 893 640 948 sapientia
661 909 764 945 esse,
786 905 926 951 atque,
957 906 1005 937 ut
1033 897 1089 936 ita
1117 896 1271 946 dicam,
1293 896 1479 937 habitare
1499 897 1617 938 nullo

183 952 313 992 modo
335 950 481 1005 possit.
538 951 673 1006 Atqui
701 953 848 1007 stirpes
881 962 977 994 sunt
1005 952 1279 1008 aegritudinis,
1308 968 1434 1008 quam
1456 952 1618 1004 multae,

182 1022 311 1064 quam
341 1007 522 1048 amarae!
555 1022 664 1062 quae,
694 1009 786 1063 ipso
817 1019 966 1050 trunco
996 1024 1152 1059 everso,
1184 1016 1222 1040 38
1237 1024 1383 1050 omnes
1413 1009 1618 1065 eligendae

183 1073 294 1114 sunt,
325 1073 382 1113 et,
413 1064 447 1104 si
479 1078 649 1105 necesse
681 1066 774 1115 erit,
807 1066 983 1121 singulis
1018 1066 1386 1120 disputationibus.
1427 1073 1618 1121 superest

180 1121 295 1162 enim
315 1120 436 1162 nobis
467 1120 563 1170 hoc,
592 1122 849 1162 cuicuimodi
876 1132 954 1172 est,
982 1123 1131 1163 otium.
1192 1123 1275 1163 Sed
1295 1123 1401 1164 ratio
1421 1136 1505 1164 una
1523 1137 1619 1163 om-

183 1178 298 1219 nium
319 1187 383 1219 est
402 1177 718 1233 aegritudinum,
744 1178 865 1232 plura
892 1179 1076 1219 nomina.
1101 1194 1195 1219 nam
1216 1188 1259 1219 et
1277 1179 1473 1229 invidere,
1495 1179 1617 1234 aegri-

183 1234 340 1275 tudinis
382 1244 460 1284 est,
499 1243 543 1274 et
580 1234 783 1285 amulari,
822 1243 865 1274 et
903 1235 1155 1285 obtrectare,
1189 1245 1231 1276 et
1263 1235 1464 1286 misereri,
1503 1235 1619 1291 angi,

182 1291 345 1347 lugere,
368 1305 554 1340 maerere,
583 1305 771 1331 aerumna
795 1291 916 1341 affici,
946 1291 1179 1341 lamentari,
1210 1291 1439 1342 sollicitari,
1461 1290 1621 1341 dolere,

119 1364 170 1397 84
184 1349 224 1389 in
252 1347 446 1388 molestia
473 1361 577 1397 esse,
602 1346 804 1397 afflictari,
833 1347 1068 1404 desperare.
1129 1349 1235 1389 Haec
1257 1349 1399 1389 omnia
1419 1347 1622 1390 definiunt

183 1403 341 1445 Stoici:
374 1418 505 1459 eaque
527 1403 665 1454 verba,
695 1419 789 1459 quae
816 1404 915 1454 dixi,
943 1405 1202 1460 singularum
1230 1420 1369 1446 rerum
1389 1413 1500 1455 sunt,
1521 1419 1621 1455 non,

182 1469 231 1501 ut
263 1460 471 1510 videntur,
507 1459 677 1501 easdem
714 1475 778 1501 res
812 1462 1063 1516 significant,
1093 1462 1165 1504 sed
1200 1461 1359 1517 aliquid
1397 1461 1621 1503 differunt:

181 1517 296 1574 quod
335 1517 418 1558 alio
457 1517 555 1558 loco
592 1518 767 1558 fortasse
806 1518 1094 1559 tractabimus.
1143 1518 1207 1559 hae
1248 1526 1344 1559 sunt
1381 1518 1465 1559 illae
1504 1518 1619 1558 fibrae

182 1574 391 1629 stirpium,
412 1589 516 1629 quas
542 1573 663 1615 initio
692 1574 790 1625 dixi,
820 1575 1135 1630 persequendae,
1163 1583 1206 1615 et
1231 1589 1377 1615 omnes
1397 1573 1621 1629 eligendae,

181 1645 234 1672 ne
253 1631 340 1672 ulla
360 1645 563 1685 umquam
594 1631 725 1685 possit
755 1631 946 1672 existere.
978 1646 1180 1687 magnum
1215 1646 1335 1686 opuS,
1365 1639 1405 1672 et
1438 1630 1619 1671 difficile.

181 1689 274 1744 quis
294 1695 419 1742 negat
440 1688 452 1727 ?
485 1686 586 1742 quid
607 1697 747 1728 autem
769 1687 1033 1742 praeelarum‚
1062 1704 1147 1730 non
1169 1687 1281 1728 idem
1301 1687 1511 1728 arduum?
1545 1685 1620 1728 sed

182 1754 325 1787 tamen
369 1742 463 1783 >mid
511 1744 752 1784 effecturam
793 1744 1062 1800 philosophia
1098 1744 1331 1800 profitetur.
1372 1759 1449 1784 nos
1487 1743 1620 1785 modo

183 1801 443 1842 curationem
465 1799 555 1855 ejus
578 1800 842 1855 recipiamuS.
903 1803 1063 1842 Verum
1084 1801 1256 1857 quidem
1285 1799 1377 1841 haec
1403 1800 1621 1841 hactenus.

148 1860 151 1861 ⁷
183 1866 336 1907 cetera,
358 1856 709 1913 quotiescumque
739 1857 903 1908 voletis,
935 1865 978 1898 et
1007 1858 1089 1899 hoc
1118 1858 1230 1908 loco,
1262 1866 1305 1897 et
1337 1856 1443 1907 aliis,
1479 1864 1625 1913 parata
1740 1861 1775 1889 θ’·

182 1915 301 1956 vobis
322 1922 457 1955 crunt.

228 2036 265 2064 ³7
301 2039 405 2057 morsus
435 2035 462 2056 et
492 2025 759 2065 contractiuncnlae]
794 2028 879 2057 Quia
924 2038 955 2058 re
973 2039 980 2057 t
1004 2029 1058 2058 sed
1074 2034 1104 2058 et
1120 2027 1225 2068 eligere
1248 2028 1279 2058 in
1301 2028 1360 2058 hac
1379 2037 1410 2058 re
1425 2027 1550 2058 dicitur.
1567 2027 1625 2057 ita-

183 2073 326 2112 sequitur
340 2071 424 2108 hanc,
441 2070 612 2110 legendum
634 2070 881 2100 contractiuncula
924 2082 987 2111 que
1011 2073 1216 2102 Burmannus
1243 2071 1282 2102 ad
1304 2071 1391 2110 Virg.
1414 2071 1455 2100 G.
1479 2070 1523 2107 II,
1549 2075 1622 2106 407-

183 2115 419 2155 -relinqnelum
437 2120 472 2143 ut
488 2114 564 2143 vidit
580 2113 752 2143 Bentleius.
925 2115 1074 2145 defendit.

228 2165 268 2188 38
291 2169 382 2186 omnes
398 2157 536 2195 eligenda>
552 2155 628 2195 sunt]
643 2157 662 2185 i.
675 2166 703 2186 e.
719 2156 882 2192 tollendae,
967 2165 1008 2190 89
1032 2157 1064 2186 id
1077 2155 1260 2197 ffeturam]
1284 2157 1431 2188 Davisius
1451 2155 1569 2187 addidit
1583 2164 1622 2185 se.

184 2201 367 2231 evellendae.
412 2200 560 2230 Davisius
589 2199 722 2230 correxit
744 2198 881 2228 elidendae
924 2203 1018 2239 bene,
1031 2202 1153 2241 opinor.

186 2251 273 2281 sunt,
290 2244 374 2282 quod
392 2251 436 2273 est
450 2243 582 2273 verbum
594 2242 755 2273 Ciceronis
772 2243 803 2272 in
821 2243 881 2272 hae
