1778 3095
252 178 332 213 540
695 176 771 213 DE
809 176 1236 217 DIVINATIONE

249 280 320 321 ille
338 279 380 321 in
401 294 506 336 agro
526 280 698 322 Nolano
719 280 956 324 immolaret
975 292 1072 324 ante
1093 283 1353 340 praetorium,
1375 285 1429 326 ab
1447 285 1590 328 infima
1607 302 1679 331 ara

249 337 390 378 subito
419 338 567 393 anguis
598 347 845 393 emergeret,
867 354 961 380 cum
993 340 1163 396 quidem
1198 341 1248 382 C.
1281 342 1518 384 Postumius
1549 343 1675 386 haru-

248 407 348 448 spex
369 405 505 435 oraret
524 393 659 443 illurn,
682 403 728 435 ut
749 394 790 434 in
812 395 1122 451 expeditionem
1149 397 1377 438 exercitum
1399 398 1610 450 educeret,
1631 401 1675 442 id

246 464 343 490 cum
377 450 493 490 Sulla
522 449 702 500 fecisset,
722 459 812 491 tum
843 461 939 492 ante
969 453 1171 508 oppidum
1199 453 1356 495 Nolam
1382 455 1675 497 florentissima

182 507 231 549 73
246 506 497 547 Samnitium
520 515 655 547 castra
673 507 796 562 cepit.
858 509 984 549 Facta
1011 511 1252 565 conjectura
1278 511 1404 552 etiam
1434 511 1474 552 in
1502 512 1672 569 Diony-

244 562 306 603 sio
328 570 391 602 est
409 562 553 617 paullo
571 572 680 614 ante,
702 578 827 618 quam
849 578 1022 619 regnare
1041 567 1170 621 coepit
1188 583 1197 607 z
1220 568 1290 622 qui
1310 582 1405 608 cum
1426 582 1499 622 per
1518 582 1669 623 agrum

239 618 493 659 Leontinum
533 620 609 660 iter
644 619 815 667 faciens,
848 634 1004 673 equum
1040 622 1128 675 ipse
1161 622 1397 665 demisisset
1428 624 1468 664 in
1500 625 1670 676 flumen,

239 675 480 715 submersus
502 690 635 730 equus
657 675 939 729 voraginibus,
964 685 997 707 11
1012 691 1096 717 non
1117 678 1300 720 exstitit:
1320 694 1444 735 quem
1463 694 1558 721 cum
1578 695 1670 721 ma-

236 730 349 771 xima
381 733 649 772 contentione
685 746 769 771 non
800 731 1005 786 potuisset
1037 733 1267 784 extrahere,
1297 735 1501 787 discessit,
1533 745 1580 777 ut
1609 737 1669 779 ait

237 786 450 837 Philistus,
473 802 586 842 aegre
606 787 756 828 ferens.
787 802 883 827 cum
916 798 1057 829 autem
1085 789 1391 844 aliquantulum
1417 807 1668 848 progressus

235 854 358 893 esset,
379 844 521 884 subito
549 843 758 884 exaudivit
783 843 1007 894 hinnitum,
1029 846 1305 901 respexitque,
1325 856 1368 888 et
1391 862 1546 903 equum
1578 850 1666 890 ala-

234 913 346 940 crem
376 899 497 940 laetus
525 899 700 954 aspexit,
720 899 840 956 cujus
870 900 912 941 in
935 902 1042 957 juba
1061 917 1232 942 examen
1258 917 1386 957 apum
1407 905 1665 947 consederat.

126 978 158 1009 p.
172 955 365 1012 96.Quod
393 965 607 997 ostentum
639 957 787 998 habuit
812 957 919 999 hanc
950 958 1046 1007 vim,
1067 968 1113 999 ut
1141 959 1377 1015 Dionysius
1400 961 1544 1015 paucis
1568 970 1664 1016 post

194 1013 380 1053 a·diebus
408 1027 585 1068 regnare
615 1014 801 1068 coeperit.
860 1014 1003 1070 Quid?
1036 1014 1384 1067 Lacedaemoniis,
1405 1017 1548 1072 paullo
1567 1028 1664 1060 ante

149 1060 220 1107 34
232 1070 497 1110 Leuctricam
523 1070 821 1121 calamitatem,
842 1086 936 1126 quae
965 1072 1215 1127 significatio
1243 1076 1354 1114 tacta
1384 1083 1462 1123 est,
1491 1088 1590 1114 cum
1618 1074 1661 1116 in

168 1134 218 1173 74
231 1126 428 1167 Herculis
464 1127 564 1167 fano
611 1142 727 1167 arma
773 1138 1018 1178 sonuerunt,
1056 1128 1338 1183 Herculisque
1386 1130 1659 1172 simulacrum

229 1182 365 1223 multo
398 1182 551 1224 sudore
582 1183 794 1224 manavit?
839 1184 899 1224 At
932 1184 1081 1224 eodem
1111 1193 1302 1240 tempore
1330 1185 1502 1237 Thebis,
1524 1194 1573 1227 ut
1601 1186 1660 1229 ait

231 1238 523 1289 Callisthenes,
545 1240 588 1280 in
608 1240 768 1294 templo
799 1241 997 1281 Herculis
1019 1240 1144 1281 valvae
1166 1241 1318 1282 clausae
1338 1242 1563 1297 repagulis,
1585 1258 1656 1284 su-

224 1295 316 1335 bito
339 1310 381 1335 se
401 1295 501 1350 ipsae
523 1305 798 1350 aperuerunt:
829 1299 1041 1352 armaque,
1063 1312 1158 1352 quae
1181 1297 1259 1338 fixa
1277 1297 1320 1338 in
1341 1298 1568 1353 parietibus
1587 1299 1655 1340 fu-

224 1360 354 1401 erant,
393 1360 429 1383 12
445 1367 494 1392 ea
530 1361 627 1392 sunt
665 1352 782 1393 humi
816 1354 993 1394 inventa.
1053 1353 1250 1409 Cumque
1280 1354 1430 1395 eodem
1464 1363 1657 1409 tempore

221 1407 335 1462 apud
353 1408 586 1449 Lebadiam
603 1409 850 1464 Trophonio
868 1424 930 1450 res
948 1409 1085 1451 divina
1103 1410 1231 1461 fieret,
1244 1410 1380 1466 gallos
1395 1410 1655 1466 gallinaceos

221 1463 264 1503 in
285 1479 335 1505 6ο
355 1464 451 1505 loco
471 1466 530 1506 sic
551 1465 715 1506 assidue
736 1481 883 1507 canere
905 1467 1095 1520 coepisse,
1112 1476 1160 1508 ut
1176 1467 1281 1508 nihil
1299 1467 1649 1509 intermitterent:

222 1528 311 1561 tum
343 1536 525 1576 augures
556 1522 707 1562 dixisse
737 1523 943 1573 Boeotios,
973 1523 1270 1564 Thebanorum
1301 1538 1392 1564 esse
1420 1523 1651 1576 victoriam,

218 1586 441 1633 propterea
474 1579 590 1634 quod
619 1579 702 1619 avis
730 1579 802 1620 illa
828 1580 936 1620 victa
961 1579 1081 1620 silere
1101 1580 1266 1630 soleret,
1286 1594 1447 1630 canere,
1469 1581 1503 1621 si
1528 1580 1649 1621 vicis-

154 1638 204 1682 75
219 1643 295 1674 set.
335 1634 579 1690 Eademque
602 1643 850 1690 tempestate
868 1636 1011 1676 multis
1032 1637 1161 1692 signis
1185 1636 1514 1676 Lacedaemoniis
1536 1638 1648 1677 Leu-

217 1690 357 1730 ctricae
375 1705 530 1746 pugnae
547 1691 762 1732 calamitas
781 1692 1118 1733 denuntiabatur.
1148 1694 1345 1748 Namque
1362 1701 1402 1733 et
1423 1692 1645 1748 Lysandri,

216 1745 289 1801 qui
317 1747 735 1788 Lacedaemoniorum
769 1748 1022 1789 clarissimus
1051 1749 1201 1798 fuerat,
1232 1757 1395 1797 statuae,
1416 1763 1510 1803 quae
1538 1748 1645 1789 Del-

211 1802 310 1857 phis
330 1803 480 1853 stabat,
498 1803 539 1843 in
560 1803 696 1858 capite
726 1818 882 1845 corona
908 1805 1048 1846 subito
1073 1805 1232 1845 exstitit
1256 1818 1307 1844 ex
1326 1804 1482 1859 asperis
1504 1804 1645 1846 herbis

214 1867 257 1899 et
275 1860 510 1914 agrestibus
531 1876 539 1898 ε
573 1860 788 1915 stellaeque
814 1875 965 1909 aureae,
987 1876 1080 1915 quae
1111 1860 1291 1915 Delphis
1319 1869 1436 1901 erant
1462 1875 1486 1901 a
1513 1862 1643 1902 Lace-

211 1915 430 1956 daemoniis
452 1916 599 1971 positae
620 1926 716 1971 post
734 1917 918 1958 navalem
949 1917 1062 1957 illam
1082 1917 1296 1958 victoriam
1319 1917 1539 1973 Lysandri,
1558 1932 1643 1972 qua

208 1971 490 2013 Athenienses
511 1972 797 2023 conciderunt,
824 1978 923 2029 (qua
950 1973 991 2014 in
1017 1987 1161 2029 pugna
1189 1973 1288 2029 quia
1308 1973 1461 2014 Castor
1479 1982 1522 2014 et
1544 1973 1639 2015 Pol-

207 2027 280 2068 lux
300 2043 396 2069 cum
419 2028 836 2070 Lacedaemoniorum
859 2030 990 2070 classe
1007 2030 1080 2070 visi
1098 2044 1189 2071 esse
1209 2030 1471 2080 dicebantur,
1491 2044 1638 2072 eorum

207 2083 387 2139 insignia
417 2085 609 2134 deorum,
645 2086 775 2126 stellae
804 2100 954 2136 aureae,
982 2101 1083 2142 quas
1113 2086 1212 2137 dixi,
1242 2085 1423 2141 Delphis
1452 2087 1634 2141 positae,)

207 2142 349 2195 paullo
380 2150 476 2182 ante
506 2143 770 2183 Leuctricam
801 2157 990 2197 pugnam
1020 2143 1279 2193 deciderunt,
1302 2157 1435 2197 neque
1461 2153 1637 2198 repertae

145 2201 196 2245 76
209 2207 318 2238 sunt.
367 2198 604 2238 Maximum
627 2213 723 2239 vero
744 2198 847 2239 illud
868 2208 1109 2254 portentum
1133 2199 1277 2239 iisdem
1302 2198 1519 2254 Spartiatis
1539 2199 1635 2250 fuit,

207 2253 337 2309 quod,
358 2269 455 2294 cum
477 2255 692 2296 oraculum
714 2255 766 2295 ab
786 2256 890 2296 Jove
910 2255 1135 2296 Dodonaeo
1156 2255 1410 2310 petivissent,
1431 2255 1484 2295 de
1506 2254 1634 2296 victo-

205 2310 265 2350 ria
287 2311 556 2361 sciscitantes,
579 2319 614 2343 13
633 2312 844 2367 legatique
865 2312 986 2362 illud,
1008 2312 1048 2352 in
1077 2327 1160 2367 quo
1187 2312 1347 2352 inerant
1375 2321 1519 2359 sortes,
1540 2310 1630 2351 col-

203 2366 473 2408 locavissent:
497 2368 630 2419 simia,
645 2383 770 2423 quam
790 2383 861 2408 rex
883 2369 1171 2409 Molossorum
1193 2368 1234 2408 in
1256 2367 1412 2408 deliciis
1432 2366 1629 2419 habebat,

203 2431 245 2462 et
265 2433 396 2464 sortes
417 2425 540 2478 ipsas,
561 2434 604 2465 et
624 2434 774 2473 cetera,
799 2440 892 2480 quae
912 2434 1030 2466 erant
1047 2424 1099 2465 ad
1119 2433 1271 2465 sortem
1296 2432 1450 2478 parata,
1473 2422 1626 2464 distur-

157 2486 189 2516 b.
202 2478 327 2528 bavit,
350 2489 391 2520 et
418 2480 532 2521 aliud
565 2480 649 2521 alio
680 2480 906 2536 dissipavit.
964 2482 1074 2521 Tum
1097 2495 1160 2530 ea,
1180 2495 1273 2535 quae
1296 2479 1520 2534 praeposita
1539 2487 1628 2522 erat

202 2535 387 2584 oraculo,
423 2537 616 2577 sacerdos
654 2536 805 2577 dixisse
839 2537 1004 2587 dicitur,
1038 2537 1089 2577 dc
1125 2536 1258 2576 salute
1292 2535 1625 2577 Lacedaemoniis

117 2584 188 2634 35
201 2605 303 2640 esse,
326 2606 408 2631 non
437 2591 488 2631 de
515 2593 686 2633 victoria
705 2593 993 2647 cogitandum.
1052 2591 1197 2648 Quid?
1228 2591 1341 2632 bello
1372 2592 1528 2633 Punico
1558 2607 1624 2633 se-

137 2659 186 2699 77
200 2647 354 2698 cundo,
375 2662 511 2687 nonne
534 2648 585 2688 C.
607 2649 832 2689 Flaminius
855 2648 1000 2689 consul
1021 2648 1186 2697 iterum,
1209 2647 1393 2702 neglexit
1415 2648 1535 2703 signa
1556 2663 1620 2690 re-

197 2719 290 2745 rum
313 2704 546 2744 futurarum
568 2719 723 2759 magna
743 2719 840 2744 cum
863 2703 982 2745 clade
1006 2704 1245 2759 reipublicae
1265 2705 1278 2744 ἲ
1312 2704 1414 2760 Qui,
1435 2704 1620 2746 exercitu

238 2820 273 2843 11
300 2824 352 2842 non
368 2810 493 2850 exstitit]
511 2821 539 2840 v.
556 2811 644 2841 Clav.
662 2812 693 2841 in
711 2810 840 2840 existere.
926 2812 987 2841 hac
1004 2811 1104 2841 forma
1119 2821 1155 2841 eo
1172 2812 1360 2850 pronomine
1375 2812 1432 2841 uti.

238 2863 275 2886 12
293 2867 325 2884 ea
340 2862 404 2884 sunt
419 2855 497 2884 humi
513 2852 650 2891 inventa]
668 2865 701 2882 ea
718 2854 796 2883 mihi
815 2855 847 2883 h.
861 2853 882 2882 l.
970 2860 1006 2884 13
1024 2853 1167 2895 legatique
1180 2853 1265 2890 illud,
1280 2854 1309 2882 in
1321 2865 1374 2895 quo
1387 2853 1500 2883 inerant
1512 2853 1614 2896 sortes]

191 2906 374 2937 suspectum
391 2904 436 2928 est
450 2909 456 2925 :
481 2906 540 2928 nec
555 2898 599 2927 sic
615 2897 725 2928 Cicero
747 2896 825 2927 solet
849 2897 881 2927 in
926 2896 1002 2926 illud
1013 2905 1057 2929 se.
1072 2908 1139 2934 vas,
1155 2898 1240 2936 quod
1253 2897 1379 2928 fortasse
1393 2897 1520 2928 excidit.
