1778 3095
610 117 787 156 LIBER
817 119 1059 156 PRIMUS.
1473 126 1548 159 253

117 227 213 269 rint.
276 226 523 268 Praeclarum
553 232 695 265 autem
727 224 869 265 nescio
888 223 989 279 quid
1014 223 1155 278 adepti
1175 233 1286 275 sunt,
1307 227 1421 280 quod
1442 228 1612 282 didi-49

116 292 278 332 cerunt,
301 298 357 334 se,
378 297 474 324 cum
495 289 662 335 tempus
692 280 840 321 mortis
860 280 1053 331 venisset,
1074 289 1187 321 totos
1214 295 1305 321 esse
1324 283 1547 336 perituros.

116 340 231 395 quod
250 349 297 380 ut
315 339 372 379 ita
393 338 445 378 sit
468 336 587 389 (nihil
609 337 721 377 enim
743 338 904 391 pugno)
930 336 1030 392 quid
1052 336 1180 377 habet
1200 337 1278 378 ista
1298 351 1362 377 res
1384 349 1457 379 aut
1476 339 1549 379 lae-

115 397 258 446 tabile,
281 403 352 435 aut
379 393 643 448 gloriosum?
677 407 752 433 nec
784 403 924 434 tamen
952 393 1057 433 mihi
1089 407 1186 433 sane
1215 393 1443 448 quidquam
1475 409 1547 435 oc-

114 452 257 502 currit,
278 465 352 490 cur
384 464 465 490 non
501 449 754 504 Pythagorae
786 448 839 489 sit
867 459 910 489 et
942 449 1124 489 Platonis
1146 464 1238 489 vera
1260 450 1478 490 sententia.
1500 460 1549 491 ut

115 509 226 548 enim
259 505 462 546 rationem
497 505 616 546 Plato
647 505 803 546 nullam
835 506 1000 546 afferret
1023 505 1145 558 (vide,
1167 505 1268 560 quid
1288 506 1451 546 homini
1472 507 1548 547 tri-

113 564 256 614 buam)
281 562 371 616 ipsa
389 563 638 603 auctoritate
668 576 736 603 me
766 562 990 616 frangeret.
1023 570 1086 602 tot
1115 571 1257 602 autem
1280 563 1462 603 rationes
1483 572 1549 604 at-

115 620 225 669 tulit,
245 627 292 658 ut
308 618 411 659 velle
431 618 594 668 ceteris,
615 618 694 659 sibi
714 628 828 659 certe
848 618 1100 673 persuasisse
1118 618 1320 659 videatur.

170 674 252 715 Sed
274 674 444 728 plurimi
465 685 612 716 contra
634 675 838 725 nituntur,
860 675 1107 730 animosque
1129 675 1248 730 quasi
1267 675 1403 730 capite
1424 676 1544 717 dam·
1559 676 1625 723 22

113 739 247 780 natos,
268 739 405 772 morte
438 731 636 781 multant,
658 739 694 763 85
712 745 846 786 neque
876 731 990 772 aliud
1019 740 1081 772 est
1109 731 1354 787 quidquam,
1377 747 1452 773 cur
1480 733 1543 774 in·
1557 751 1609 781 50

111 786 321 828 credibilis
357 786 420 828 his
456 788 692 829 animorum
732 788 919 828 videatur
951 788 1175 838 aeternitas,
1207 788 1284 829 nisi
1318 788 1434 844 quod
1471 804 1545 829 ne-

111 852 286 899 queunt,
308 843 441 898 qualis
472 845 635 885 animus
665 845 717 884 sit
746 859 894 884 vacans
925 859 1115 898 corpore,
1138 845 1386 900 intelligere,
1408 855 1451 886 et
1471 860 1544 886 co-

109 899 315 955 gitatione
335 901 709 956 comprehendere.
769 901 902 956 Quasi
932 915 1026 941 vero
1057 901 1308 956 intelligant,
1330 902 1463 957 qualis
1492 902 1546 943 sit

109 956 151 996 in
182 957 273 1012 ipso
304 971 494 1012 corpore,
517 972 610 1012 quae
643 957 938 1006 conformatio,
960 972 1054 1012 quae
1088 958 1354 1012 magnitudo,
1378 959 1449 1014 qui
1478 958 1543 999 lo-

110 1027 211 1053 cus:
244 1019 281 1044 86
296 1023 356 1063 ut,
391 1014 424 1054 si
450 1015 540 1070 jam
576 1022 748 1069 possent
782 1014 875 1053 87i11
910 1014 1082 1054 homine
1118 1029 1203 1054 uno
1239 1015 1352 1055 cerni
1387 1015 1671 1066 omnia,p.159.

108 1084 203 1124 quae
225 1084 334 1110 nunc
354 1079 465 1111 tecta
495 1080 605 1121 sunt,
626 1085 851 1112 casurusne
873 1071 913 1111 iri
933 1081 1207 1125 conspectum
1237 1071 1425 1112 videatur
1455 1072 1545 1113 ani·
1555 1073 1585 1094 a·

109 1141 232 1167 mus:
265 1141 316 1166 an
348 1135 463 1168 tanta
494 1127 546 1168 sit
578 1128 668 1183 ejus
699 1128 896 1179 tenuitas,
917 1137 964 1168 ut
983 1127 1120 1182 fugiat
1140 1127 1286 1168 aciem.
1348 1129 1455 1168 Haec
1477 1138 1602 1169 re-5l

108 1190 258 1237 putent
287 1183 369 1233 isti,
400 1184 472 1239 qui
502 1193 672 1239 negant,
702 1184 889 1224 animum
923 1185 1011 1224 sine
1039 1199 1214 1239 corpore
1240 1199 1284 1225 se
1311 1185 1545 1240 intelligere

111 1252 248 1292 posse.
269 1238 484 1291 videbunt,
506 1256 631 1295 quem
653 1241 695 1281 in
716 1241 806 1295 ipso
827 1255 1000 1295 corpore
1031 1241 1283 1296 intelligant.
1314 1241 1419 1282 mihi
1450 1242 1545 1297 qui-

109 1294 208 1336 dem
230 1305 420 1336 naturam
453 1297 579 1337 animi
610 1297 802 1347 intuenti,
823 1297 959 1337 multo
991 1296 1198 1337 difficilior
1223 1298 1406 1339 occurrit
1424 1299 1544 1353 cogi-

110 1352 229 1402 tatio,
251 1352 471 1408 multoque
493 1354 726 1403 obscurior,
748 1353 881 1409 qualis
903 1354 1067 1393 animus
1087 1353 1129 1393 in
1150 1367 1324 1408 corpore
1345 1354 1412 1404 sit,
1434 1364 1543 1395 tam-

110 1422 237 1463 quam
271 1417 308 1441 88
325 1409 468 1449 alienae
501 1409 633 1459 domi,
654 1425 779 1465 quam
814 1410 962 1465 qualiS,
985 1425 1083 1450 cum
1109 1410 1269 1459 exierit,
1296 1420 1338 1451 et
1367 1411 1409 1451 in
1437 1410 1544 1452 libe-

106 1478 200 1507 rum
221 1466 388 1513 caelum,
410 1467 528 1520 quasi
558 1466 732 1506 domum
764 1481 883 1506 suam
912 1467 1081 1506 venerit.
1114 1474 1153 1500 89
1170 1466 1248 1507 nisi
1277 1467 1404 1514 enim,
1426 1467 1541 1522 quod

109 1534 340 1576 numquam
372 1522 565 1572 vidimus,
601 1522 644 1562 id
676 1523 798 1577 quale
830 1523 896 1571 sit,
929 1522 1164 1577 intelligere
1193 1537 1277 1563 non
1304 1538 1544 1578 possumUS,

107 1586 233 1627 certe,
264 1587 306 1618 et
336 1578 461 1618 deum
492 1579 645 1633 ipsum,
679 1588 720 1619 et
749 1578 935 1619 divinum
965 1579 1167 1628 animum,
1187 1594 1363 1634 corpore
1394 1580 1545 1621 libera-

108 1640 214 1682 tum,
237 1634 495 1689 cogitatione
517 1635 744 1690 complecti
764 1650 848 1675 non
870 1650 1110 1689 possumus.
1152 1635 1427 1676 Dicaearchus
1449 1638 1542 1691 qui-

109 1688 220 1738 dem,
239 1700 282 1731 et
303 1692 595 1742 Aristoxenus,
616 1692 713 1747 quia
734 1691 911 1733 difficilis
932 1700 1020 1732 erat
1040 1692 1182 1742 animi,
1204 1692 1321 1747 quid,
1344 1702 1417 1733 aut
1442 1708 1546 1748 qua-

105 1745 157 1786 lis
179 1756 303 1797 esset,
325 1748 616 1803 intelligentia,
638 1748 800 1789 nullum
823 1749 997 1788 omnino
1018 1748 1204 1789 animum
1226 1763 1316 1789 esse
1336 1748 1543 1790 dixerunt.

108 1803 184 1843 Est
206 1803 309 1844 illud
331 1804 501 1860 quidem
522 1805 586 1845 vel
606 1805 853 1855 maximum,
874 1805 1015 1846 animo
1038 1805 1129 1860 ipso
1158 1805 1345 1847 animum
1377 1806 1516 1846 videre
1534 1822 1608 1853 :52

108 1866 150 1898 et
169 1859 365 1901 nimirum
395 1861 503 1901 hanc
535 1861 663 1901 habet
694 1861 773 1902 vim
804 1870 1065 1916 praeceptum
1093 1862 1322 1917 Apollinis,
1345 1878 1430 1917 quo
1452 1878 1547 1903 mo-

108 1924 193 1966 net,
215 1926 263 1957 ut
293 1931 336 1957 se
367 1917 542 1972 quisque
574 1926 732 1958 noscat.
765 1933 847 1958 non
880 1919 1006 1969 enim,
1029 1918 1171 1969 credo,
1198 1918 1240 1959 id
1270 1919 1476 1974 praecipit,
1499 1928 1548 1961 ut

107 1972 298 2012 membra
333 1982 489 2023 nostra,
522 1983 594 2014 aut
627 1983 845 2025 staturam,
881 1975 1108 2030 figuramve
1139 1990 1377 2016 noscamus.
1410 1991 1547 2032 neque

105 2043 182 2069 nos
201 2042 378 2083 corpora
398 2044 542 2070 sumus
561 2047 569 2070 τ
602 2044 737 2085 neque
765 2045 862 2086 ego,
883 2031 960 2071 tibi
990 2031 1132 2072 dicens
1156 2032 1253 2082 hoc,
1273 2032 1440 2087 corpori
1470 2042 1546 2074 tuo

107 2084 217 2126 dico.
249 2100 345 2125 cum
379 2086 522 2141 igitur,
552 2101 677 2127 nosce
708 2096 762 2137 te,
799 2087 914 2137 dicit,
938 2088 1019 2128 hoc
1051 2088 1167 2138 dicit,
1198 2102 1324 2129 nosce
1356 2089 1546 2130 animum

106 2150 242 2182 tuum.
276 2157 371 2182 nam
394 2157 546 2197 corpus
569 2143 755 2198 quidem,
776 2144 894 2198 quasi
923 2159 993 2184 vas
1024 2154 1103 2196 est,
1125 2153 1198 2185 aut
1223 2145 1396 2200 aliquod
1417 2145 1547 2186 animi

108 2198 436 2252 receptaculum.
467 2200 521 2239 ab
549 2200 691 2240 animo
713 2210 787 2240 tuo
814 2200 1019 2255 quidquid
1041 2202 1194 2256 agitur,
1218 2201 1261 2242 id
1284 2202 1425 2256 agitur
1446 2217 1470 2242 a
1491 2211 1546 2242 te.

106 2253 218 2295 hunc
240 2254 369 2310 igitur
389 2269 525 2306 nosse,
548 2256 624 2296 nisi
647 2257 831 2297 divinum
855 2266 979 2306 esset,
1001 2272 1085 2298 non
1116 2266 1228 2298 esset
1248 2267 1287 2292 90
1305 2259 1387 2299 hoc
1408 2258 1546 2299 acrio-

150 2403 188 2426 85
207 2406 297 2438 neque
319 2394 403 2425 aliud
423 2403 463 2425 est
489 2395 658 2437 quicquam]
685 2396 801 2427 Malim
891 2403 929 2428 89
954 2396 1009 2425 nisi
1030 2395 1310 2434 enirn—intelligere
1330 2406 1382 2424 mm
1398 2401 1546 2434 possumus

109 2449 196 2480 neque
211 2449 292 2475 vero,
309 2439 358 2469 vel
375 2450 424 2468 nec
439 2450 519 2469 vero.
847 2438 918 2477 δῖα]
954 2439 1071 2469 Sensus
1101 2440 1177 2468 huie
1208 2439 1278 2468 loco
1309 2448 1374 2468 non
1412 2445 1547 2468 constat.

152 2486 190 2512 86
207 2487 250 2518 ut,
269 2482 365 2522 sijam
383 2489 496 2522 possent
515 2482 587 2520 δῖα]
612 2489 646 2511 ut
669 2492 734 2512 non
749 2492 804 2521 ap·
849 2483 964 2512 mederi
977 2482 1078 2512 voluit
1090 2483 1238 2512 Davisius
1253 2482 1464 2521 expungenda
1478 2491 1547 2521 par-

107 2530 179 2554 tum
211 2526 286 2555 huie
317 2525 386 2555 loco
411 2526 545 2555 videtur.
569 2535 635 2555 non
661 2525 804 2565 displicet
847 2526 944 2555 ticula
960 2536 1024 2560 non,
1043 2527 1075 2554 in
1092 2532 1234 2565 extremo
1250 2524 1396 2563 complecti
1411 2535 1464 2553 non
1481 2531 1549 2563 pos-

108 2565 254 2597 Lambini
270 2569 418 2598 correctio
430 2575 491 2598 aut.
508 2569 605 2607 possis
619 2569 714 2598 etiam
728 2578 804 2598 con·
847 2578 951 2597 sumus.
999 2568 1082 2597 Mihi
1109 2578 1181 2598 vero
1213 2569 1243 2597 in
1273 2567 1427 2607 principio
1454 2567 1549 2596 corri-

107 2610 203 2648 jicere
219 2617 258 2641 et.
847 2612 969 2650 gendus
992 2612 1115 2640 videtur
1136 2611 1239 2647 locus,
1257 2617 1312 2640 aut
1335 2610 1359 2638 si
1382 2610 1548 2640 scribendo

152 2659 188 2688 87
207 2653 236 2682 in
251 2652 280 2683 h.
296 2652 361 2691 uno]
382 2653 542 2684 Bentleius
564 2654 702 2684 malebat
718 2652 803 2684 vivo.
848 2663 902 2692 pro
928 2654 997 2690 nisi,
1023 2661 1079 2683 aut
1104 2654 1271 2693 negatione
1296 2660 1365 2692 post
1387 2652 1549 2692 intelligere

154 2702 191 2725 88
218 2695 321 2725 alienae
343 2696 430 2735 domi]
461 2697 513 2726 Sic
538 2697 685 2727 Davisius
709 2698 757 2729 ed.
775 2705 804 2728 2.
848 2697 1000 2733 tollenda,
1022 2704 1057 2726 ut
1074 2696 1194 2736 placuit
1209 2698 1305 2726 etiam
1322 2696 1515 2725 Alemanno.

110 2737 200 2768 bene.
222 2748 277 2778 pro
299 2739 427 2778 vulgato
450 2740 565 2770 domui:
590 2750 667 2771 nam
683 2741 805 2772 dativus
893 2748 933 2772 90
949 2739 1067 2768 acrioris
1092 2751 1116 2770 c.
1140 2739 1247 2779 animi]
1266 2740 1451 2778 Suspicatus
1475 2746 1549 2768 sum

111 2780 151 2808 ab
167 2781 200 2810 h.
216 2781 238 2810 l.
255 2788 300 2811 est
315 2782 449 2812 alienus.
852 2782 974 2812 altioris.
