1768 3095
537 116 720 154 LIBER
760 115 1070 154 QUARTUS.
1467 119 1516 160 75
1566 157 1571 160 ,

88 231 200 271 Ecce
219 227 355 269 multo
375 224 509 281 major
534 225 659 265 etiarn
690 223 907 265 dissensio.
968 223 1086 263 Zeno
1106 221 1147 262 in
1167 235 1252 262 una
1269 221 1420 263 virtute
1439 238 1518 278 po·
1536 233 1610 267 134

88 285 212 327 sitam
247 285 412 326 beatam
444 282 570 322 vitam
608 289 742 336 putat.
801 279 918 336 Quid
953 278 1222 319 Antiochus?
1261 278 1415 328 Etiam,
1457 280 1520 320 in-

88 343 205 398 quit:
237 343 415 388 beatam,
452 337 525 378 sed
561 352 644 378 non
679 337 980 378 beatissimam.
1038 337 1158 376 Deus
1190 335 1277 384 ille,
1312 335 1384 390 qui
1420 335 1522 376 nihil

89 398 251 440 censuit
271 397 413 437 deesse
433 395 596 437 virtuti:
629 393 858 435 homuncio
880 393 963 444 hic,
984 392 1056 447 qui
1077 391 1211 432 multa
1230 401 1350 446 putat
1371 400 1524 445 praeter

89 455 281 497 virtutem
313 450 475 492 homini
508 451 659 506 partim
690 465 786 491 cara
814 464 918 499 esse,
939 449 1090 504 partim
1123 448 1248 488 etiam
1278 447 1523 487 necessaria.

92 511 174 552 Sed
195 510 263 551 ille
283 522 439 558 vereor,
460 522 510 548 ne
531 507 672 548 virtuti
693 506 786 562 plus
806 507 979 556 tribuat,
1000 519 1126 561 quam
1149 514 1297 545 natura
1327 504 1525 559 patiatur,

90 565 319 622 praesertim
339 573 376 596 88
393 564 687 619 Theophrasto
716 563 850 604 multa
885 562 1038 603 diserte
1069 562 1326 617 copioseque
1346 560 1525 601 dicente.

90 633 132 664 et
153 623 220 663 hic
241 631 401 672 metuo,
426 635 478 661 ne
509 620 572 661 vix
605 620 684 661 sibi
714 629 904 661 constet:
938 619 1009 674 qui
1040 633 1136 659 cum
1167 618 1280 658 dicat
1299 631 1388 657 esse
1409 632 1526 672 quae-

90 679 187 720 dam
209 687 251 719 et
274 678 476 733 corporis,
498 686 541 718 et
561 677 741 718 fortunae
761 676 884 727 mala,
904 687 1045 718 tamen
1065 690 1176 725 eum,
1199 674 1270 730 qui
1289 675 1329 714 in
1351 673 1415 713 his
1434 688 1526 714 om-

91 736 212 776 nibus
249 735 317 785 sit,
353 735 524 775 beatum
562 735 650 774 fore
683 742 840 783 censet,
877 733 910 774 si
947 733 1109 787 sapiens
1148 732 1214 772 sit.
1275 729 1525 771 Distrahor:

91 807 187 833 cum
210 792 291 832 hoc
310 791 413 831 mihi
435 790 706 846 probabilius,
729 800 819 831 tum
850 789 955 831 illud
984 789 1170 830 videtur:
1202 796 1244 828 et
1272 797 1426 837 tamen,
1450 786 1527 827 nisi

92 848 340 889 alterutrum
373 847 439 898 sit,
466 847 659 888 virtutem
689 849 830 902 jacere
863 847 986 902 plane
1018 856 1136 901 puto.
1195 845 1355 885 Verum
1390 844 1430 884 in
1461 843 1615 886 hi5135

92 905 341 960 discrepant.
401 912 441 938 ⁸9
457 903 605 960 Quid?
641 903 725 954 illa,
755 903 796 944 in
830 903 983 959 quibus
1012 902 1298 951 consentiunt,
1319 915 1420 941 num
1451 915 1527 955 pro

91 962 195 1004 veris
228 961 405 1017 probare
440 962 692 1016 possumus?
727 960 933 1015 Sapientis
965 959 1154 1000 animum
1190 971 1419 1014 numquam
1452 971 1528 998 nec

93 1018 321 1073 cupiditate
352 1017 524 1067 moveri,
551 1032 624 1058 nec
658 1016 804 1058 laetitia
833 1016 982 1057 efferri.
1041 1016 1153 1071 Age,
1173 1015 1264 1056 haec
1296 1013 1531 1070 probabilia
1543 1017 1614 1065 44

92 1089 191 1115 sane
212 1076 295 1116 sint
313 1091 323 1116 ε
355 1089 455 1115 num
480 1074 606 1115 etiam
628 1074 699 1115 illa
718 1075 730 1114 ?
764 1088 996 1128 numquam
1018 1073 1180 1122 timere,
1203 1085 1433 1127 numquam
1455 1069 1532 1111 do-

93 1132 193 1172 lere.
226 1140 264 1165 90
279 1131 494 1186 sapiensne
524 1145 610 1171 non
645 1130 825 1171 timeat?
859 1144 952 1180 nec,
986 1130 1018 1170 si
1052 1129 1186 1184 patria
1218 1127 1421 1179 deleatur,
1447 1142 1531 1168 non

93 1187 233 1228 doleat
255 1189 268 1228 ?
303 1196 337 1221 91
359 1188 468 1228 Satis
489 1187 641 1228 durum
659 1204 667 1228 :
700 1186 772 1227 sed
794 1187 958 1228 Zenoni
979 1186 1258 1227 necessarium
1279 1202 1288 1226 ε
1321 1185 1404 1235 cui,
1425 1199 1532 1240 prae-

95 1253 159 1285 ter
188 1244 430 1294 honestum,
452 1244 554 1284 nihil
578 1253 642 1284 est
667 1244 706 1284 in
738 1244 887 1284 bonis:
920 1243 996 1284 tibi
1025 1257 1135 1293 vero,
1156 1241 1386 1292 Antioche,
1407 1241 1532 1282 mini-

95 1315 164 1341 me
184 1317 194 1341 ε
225 1301 308 1349 cui,
329 1309 479 1355 praeter
500 1300 780 1349 honestatem,
801 1299 936 1341 multa
953 1300 1064 1340 bona
1083 1315 1091 1339 :
1125 1308 1275 1353 praeter
1304 1297 1534 1353 turpitudi-

96 1371 210 1406 nem,
230 1356 364 1397 multa
393 1356 503 1396 mala
534 1356 726 1397 videntur
745 1372 754 1396 :
786 1371 880 1412 quae
901 1366 943 1396 et
963 1355 1169 1396 venientia
1188 1363 1351 1396 metuat
1371 1355 1532 1409 sapiens

97 1428 267 1454 necesse
288 1423 365 1462 est,
386 1422 427 1453 et
453 1412 610 1453 venisse
641 1412 796 1453 doleat.
857 1411 940 1452 Sed
970 1426 1130 1467 quaerO,
1150 1411 1320 1467 quando
1343 1411 1420 1451 ista
1440 1411 1532 1452 fue-

96 1470 179 1510 rint
211 1470 264 1509 ab
296 1469 529 1509 Academia
555 1478 692 1510 vetere
717 1468 899 1519 decreta,
919 1478 968 1509 ut
987 1469 1172 1509 animum
1195 1466 1392 1523 sapientis
1413 1482 1532 1508 com-

96 1526 270 1575 moveri,
306 1536 348 1566 et
385 1526 627 1566 conturbari
663 1526 898 1580 negarent?
937 1524 1247 1565 mediocritates
1284 1523 1344 1565 illi
1378 1524 1532 1578 proba-

96 1582 212 1632 bant,
233 1593 275 1623 et
305 1581 348 1622 in
380 1583 496 1622 omni
525 1581 788 1636 permotione
816 1581 1049 1622 naturalem
1078 1581 1274 1622 volebant
1292 1594 1381 1621 esse
1400 1595 1533 1635 quen-

99 1638 195 1680 dam
223 1637 420 1678 niodum:
454 1638 634 1694 legimus
665 1652 813 1679 omnes
841 1638 1073 1687 Crantoris,
1100 1637 1248 1678 veteris
1271 1636 1532 1688 Academici,

100 1695 153 1736 de
173 1696 305 1736 luctu.
336 1705 399 1736 est
427 1696 539 1736 enim
572 1710 656 1735 non
690 1709 885 1749 magnus,
906 1709 1046 1735 verum
1073 1694 1282 1744 aureolus,
1302 1704 1360 1744 et,
1379 1702 1428 1734 ut
1446 1694 1534 1734 Tu-

97 1752 246 1793 beroni
285 1752 489 1793 Panaetius
524 1751 729 1807 praecipit,
765 1751 818 1791 ad
858 1751 1028 1791 verbum
1068 1750 1314 1791 ediscendus
1351 1749 1532 1792 libellus.

98 1808 242 1864 Atque
273 1809 333 1849 illi
362 1808 529 1864 quidem
564 1809 691 1849 etiam
724 1808 881 1848 utiliter
911 1822 934 1847 a
965 1818 1113 1848 natura
1143 1807 1339 1848 dicebant
1368 1808 1578 1861 permo-b-

98 1865 234 1905 tiones
255 1865 353 1905 istas
375 1865 523 1905 animis
545 1868 696 1905 nostris
718 1864 835 1905 datas
854 1880 863 1904 :
895 1874 1056 1904 metum
1079 1864 1250 1905 cavendi
1269 1878 1420 1905 causa:
1452 1864 1533 1905 mi-

100 1921 369 1962 sericordiam
393 1921 785 1976 aegritudinemque,
806 1921 1067 1961 clementiae:
1099 1921 1232 1976 ipsam
1258 1919 1534 1971 iracundiam,

100 1977 358 2018 fortitudinis
378 1978 495 2033 quasi
517 1987 656 2018 cotem
678 1992 767 2018 esse
787 1977 1004 2018 dicebant:
1026 1987 1154 2028 recte,
1171 1991 1360 2027 secusne,
1381 1985 1418 2011 92
1433 1977 1534 2018 alias

100 2033 339 2075 viderimus.
372 2034 569 2075 atrocitas
602 2034 772 2089 quidem
806 2034 886 2075 ista
918 2044 989 2074 tua
1019 2048 1104 2089 quo
1138 2034 1269 2074 modo
1288 2035 1332 2074 in
1352 2043 1535 2075 veterem

100 2091 378 2132 Academiam
412 2090 619 2146 irruperit,
641 2090 796 2131 nescio.
856 2090 935 2130 Illa
964 2105 1060 2131 vero
1091 2091 1196 2131 ferre
1231 2105 1316 2132 non
1346 2104 1535 2146 possum,
1554 2096 1627 2134 136

102 2162 186 2188 non
208 2163 293 2203 quo
315 2147 419 2188 mihi
441 2147 713 2202 displiceant:
746 2155 844 2187 sunt
863 2147 975 2187 enim
999 2148 1216 2188 Socratica
1237 2147 1436 2203 pleraque
1456 2148 1538 2188 mi-

103 2204 249 2245 rabilia
270 2203 526 2252 Stoicorum,
549 2219 642 2259 quae
663 2203 852 2259 παράδοξα
872 2204 1169 2245 nominantur:
1203 2203 1277 2244 sed
1298 2204 1371 2246 ubi
1392 2204 1538 2245 Xeno-

104 2270 253 2312 crates,
275 2261 348 2302 ubi
377 2261 630 2301 Aristoteles
661 2260 743 2300 ista
774 2259 947 2314 tetigit?
980 2259 1058 2301 hos
1087 2260 1200 2302 enim
1228 2260 1348 2316 quasi
1367 2260 1539 2302 eosdem

149 2435 187 2460 88
206 2429 391 2468 Theophrasto
407 2428 498 2458 multa
512 2429 565 2458 dis.
583 2428 742 2468 copioseque
758 2427 802 2456 di·
846 2426 905 2457 cile
921 2426 1116 2466 intelligitur.
1161 2427 1307 2458 Davisius
1323 2437 1340 2458 e
1355 2428 1491 2468 vestigiis
1507 2428 1544 2459 li-

104 2471 197 2512 cente]
224 2473 389 2503 Omissum
410 2479 518 2507 contra,
543 2478 578 2501 ut
602 2472 758 2501 Lainbino
774 2478 803 2499 et
846 2471 976 2500 brorum
991 2472 1179 2509 scriptorum
1195 2471 1239 2501 sic
1255 2471 1374 2510 explet:
1399 2472 1545 2511 sapiensne

105 2515 233 2546 Davisio
256 2525 374 2551 visum,
392 2515 440 2544 vel
464 2521 625 2544 mutatum
650 2516 753 2553 potius
770 2515 803 2543 in
846 2524 899 2542 non
913 2514 1026 2550 timeat,
1043 2525 1077 2542 ne
1094 2514 1197 2553 patria
1213 2513 1354 2550 deleatur,
1370 2526 1421 2544 nec
1435 2515 1543 2551 doleat,

107 2557 211 2588 multa.
228 2569 303 2589 nam
320 2557 411 2587 multa
424 2559 492 2597 jam
509 2567 574 2588 esse
592 2559 623 2587 in
641 2558 743 2595 copiose
760 2557 803 2586 vi·
848 2556 871 2584 si
897 2555 990 2585 deleta
1015 2557 1063 2587 sit.
1088 2557 1132 2587 nil
1156 2556 1271 2588 melius
1294 2559 1402 2597 reperi.
1447 2558 1498 2588 Sic
1514 2564 1545 2587 et

108 2601 208 2631 detur.
848 2598 912 2629 ΜΞ.
929 2609 990 2638 reg.
1008 2600 1075 2630 Par.

154 2650 193 2676 89
219 2642 327 2674 Quid?
350 2643 415 2678 illa,
439 2643 468 2671 in
493 2642 595 2684 quibus
621 2640 694 2681 δῖα]
724 2642 803 2671 Vul-
891 2649 927 2674 91
954 2643 1035 2672 Satis
1058 2641 1172 2681 durum]
1202 2642 1285 2673 Satis
1307 2642 1394 2672 abest
1416 2651 1434 2671 a
1458 2642 1544 2673 libris

109 2695 148 2724 go
164 2693 210 2716 est
225 2686 308 2716 illud.
330 2685 383 2714 illa
403 2687 513 2717 dedere
536 2687 667 2715 Ascens.
693 2685 803 2714 Lamb.
847 2685 1041 2723 quibusdam
1056 2687 1188 2724 scriptis.
1209 2686 1314 2725 itaque
1329 2686 1476 2716 Davisius
1491 2686 1545 2716 de-

110 2728 210 2759 Aldus
236 2739 346 2768 nepos,
373 2730 539 2759 Davisius:
568 2738 648 2768 quos
678 2735 804 2757 secutus
848 2728 934 2758 levit.
960 2738 977 2757 a
999 2729 1205 2767 quibusdam,
1228 2735 1263 2758 ut
1284 2730 1332 2759 ed.
1351 2729 1431 2759 Ven.
1452 2736 1543 2761 1494.

114 2780 198 2801 sum.
851 2777 955 2801 totum
971 2772 1040 2800 satis
1055 2772 1160 2801 durum
1176 2772 1273 2801 abest.

156 2820 195 2845 90
210 2814 355 2852 sapiensne
368 2825 420 2843 non
445 2814 546 2843 timeat
559 2814 576 2844 Ρ
598 2824 659 2850 nec,
678 2813 701 2842 si
715 2819 744 2849 ρ.
762 2812 811 2841 de-
896 2821 935 2846 92
952 2813 1027 2843 alias
1041 2813 1213 2854 viderimus]
1232 2814 1285 2845 An
1299 2812 1459 2843 videbimus
1471 2811 1490 2839 ἓ

114 2854 220 2894 Ieamr,
236 2867 288 2887 mm
303 2857 411 2896 doleat]
431 2857 510 2888 Haec
532 2867 600 2888 esse
622 2855 750 2894 mutila,
766 2856 811 2885 fa-
