1778 3095
601 148 778 186 LIBER
805 143 1077 184 TERTIUS.
1474 150 1551 192 487

118 251 228 295 tium
246 252 492 311 adjunctum
513 252 594 304 sit3
626 254 660 294 si
682 252 783 309 quid
803 251 1089 307 praedictionis
1117 263 1257 301 causa,
1277 264 1328 291 ex
1349 252 1553 306 portentis

119 319 164 351 et
191 312 404 362 monstris,
439 309 611 366 Sibyllae
642 310 888 364 interpretes
920 307 1213 363 haruspicesve
1237 315 1253 338 3
1272 317 1552 350 monuerunt:

120 365 272 408 harum
292 382 374 423 ego
394 366 646 422 religionum
678 365 838 407 nullam
865 378 1069 419 umquam
1099 363 1453 405 contemnendam
1476 379 1555 419 pu-

119 423 229 464 tavi:
278 424 465 479 mihique
502 423 560 463 ita
598 422 799 478 persuasi,
840 420 1072 462 Romulum
1111 420 1323 475 auspiciis,
1364 421 1555 461 Numam

120 480 248 520 sacris
275 479 528 529 constitutis,
557 478 833 520 fundamenta
855 477 1009 534 jecisse
1038 486 1192 517 nostrae
1223 477 1429 518 civitatis:
1461 491 1555 532 quae

119 550 350 592 numquam
383 537 574 592 profecto
605 536 693 577 sine
723 549 889 577 summa
917 533 1153 589 placatione
1183 533 1359 574 deorum
1379 533 1555 573 immor-

119 592 268 633 talium
293 602 310 624 4
326 601 442 633 tanta
459 607 550 633 esse
572 593 792 647 potuisset.
823 591 983 639 Habes,
999 590 1146 641 Balbe,
1164 590 1266 645 quid
1286 589 1430 640 Cotta,
1453 590 1552 645 quid
1566 611 1595 640 p.
1611 605 1662 630 ει.

122 649 313 704 pontifex
334 650 498 690 sentiat.
521 650 587 690 fac
609 664 719 691 nunc
740 663 843 704 ergo
870 647 1120 702 intelligam,
1149 657 1196 688 tu
1221 647 1323 702 quid
1344 646 1512 687 sentias.
1532 654 1596 687 aa·

120 714 164 746 te
202 706 312 746 enim
349 705 608 762 philosopho
634 706 873 747 ⁵rationem
912 704 1102 758 accipere
1140 703 1276 744 debeo
1314 702 1556 758 religioni33

121 761 353 817 majoribus
372 771 512 804 autem
536 763 703 813 nostris,
723 763 850 804 etiam
870 762 986 802 nulla
1003 762 1164 802 ratione
1180 760 1358 810 reddita,
1375 759 1558 800 credere.

121 818 234 859 Tum
266 819 439 869 Balbus,
474 820 618 861 Quam
650 821 780 875 igitur
814 834 838 859 a
873 832 942 858 me
973 818 1195 868 rationem,
1226 817 1378 873 inquit,
1413 816 1604 867 Cotta,3

121 873 366 917 desideras?
401 877 457 918 Et
488 876 572 927 ille,
604 875 935 933 Quadripartita,
973 875 1123 929 inquit,
1161 874 1241 915 fuit
1276 873 1424 916 divisio
1457 883 1559 915 tua:

121 931 307 986 primum
329 941 376 974 ut
395 932 520 973 velles
550 934 715 983 docere,
747 932 850 972 deos
880 945 995 972 esse:
1026 930 1190 981 deinde,
1219 932 1365 986 quales
1392 939 1559 972 essent:

122 996 230 1038 tum,
251 989 304 1029 ab
325 989 389 1030 his
419 988 625 1030 mundum
657 989 773 1044 regi:
805 998 1037 1043 postremO,
1074 988 1293 1028 consulere
1325 1001 1398 1028 eos
1435 987 1561 1028 rebus

123 1043 333 1086 humanis.
392 1046 515 1095 Haec,
539 1047 705 1087 sirecte
731 1044 920 1094 memini,
949 1043 1121 1099 partitio
1145 1044 1239 1085 fuit.
1299 1043 1562 1094 Rectissime,

121 1101 258 1155 inquit
277 1101 434 1142 Balbus
455 1119 464 1143 ε
497 1103 571 1143 sed
593 1111 805 1158 exspecto,
826 1101 926 1157 quid
947 1101 1147 1157 requiras.

179 1158 289 1198 Tum
314 1158 458 1209 Cotta,
492 1160 677 1200 Primum
709 1159 896 1215 quidque
926 1158 1155 1209 videamus,
1187 1157 1357 1213 inquit?
1390 1158 1445 1198 Et
1467 1157 1500 1197 si
1520 1155 1597 1215 id7

123 1221 188 1254 est
209 1215 408 1269 primum,
430 1216 683 1271 quodvinter
711 1230 874 1266 omnes,
906 1215 984 1255 nisi
1011 1214 1242 1256 admodum
1272 1214 1438 1270 impios,
1460 1228 1562 1255 con-

123 1271 250 1320 venit,
274 1272 376 1312 mihi
405 1272 576 1328 quidem
602 1279 619 1304 6
638 1288 689 1313 ex
717 1272 858 1313 animo
887 1271 1003 1312 exuri
1032 1286 1115 1312 non
1151 1280 1305 1326 potest,
1336 1285 1426 1311 esse
1448 1270 1565 1311 deos.

126 1326 177 1366 Id
197 1336 337 1369 tamen
369 1329 521 1384 ipsum,
556 1329 670 1385 quod
696 1329 801 1370 mihi
827 1343 1073 1384 persuasum
1103 1337 1165 1368 est
1196 1328 1449 1368 auctoritate
1473 1341 1565 1367 ma-

116 1383 281 1439 jorum,
318 1400 394 1425 cur
432 1385 491 1426 ita
528 1386 594 1436 sit,
636 1385 739 1426 nihil
772 1395 820 1426 tu
859 1399 927 1425 me
962 1384 1102 1425 doces.
1162 1384 1278 1440 Quid
1314 1393 1391 1434 est,
1427 1383 1566 1439 inquit

124 1440 299 1492 Balbus,
322 1442 355 1482 si
377 1442 450 1482 tibi
479 1457 727 1497 persuasum
756 1451 834 1492 est,
863 1456 938 1482 cur
957 1456 981 1481 a
1001 1455 1070 1481 me
1097 1441 1198 1482 velis
1229 1441 1418 1482 discere?
1450 1441 1564 1480 Tum

127 1495 272 1547 Cotta,
301 1499 412 1553 Quia
441 1498 499 1539 sic
537 1499 777 1554 aggredior,
812 1499 961 1553 inquit,
997 1498 1050 1538 ad
1086 1498 1193 1538 hane
1220 1496 1565 1552 disputationem,

127 1554 246 1607 quasi
282 1555 619 1609 nihil‘umquam
659 1555 863 1596 audierim
899 1554 952 1595 de
987 1554 1064 1595 diis
1101 1554 1427 1604 immortalibus,
1462 1552 1568 1594 nihil

124 1609 413 1664 cogitaverim,
435 1611 583 1652 rudem
606 1627 674 1653 me
693 1611 947 1666 discipulum
966 1619 1008 1651 et
1028 1611 1240 1666 integrum
1261 1611 1419 1666 accipe,
1442 1619 1484 1650 et
1503 1624 1566 1660 ea,

126 1680 222 1721 quae
260 1667 443 1722 requiro,
485 1667 604 1709 doce.
663 1668 748 1709 Dic
794 1668 938 1722 igitur,
982 1667 1083 1722 quid
1124 1668 1322 1723 requiras.
1382 1667 1601 1727 Egone?8

124 1722 310 1777 primum
332 1723 451 1774 illud,
477 1732 491 1760 7
509 1739 597 1775 cur,
617 1725 731 1781 quod
758 1725 1042 1779 [perspicuum
1072 1724 1113 1764 in
1141 1724 1266 1764 istam
1293 1724 1489 1778 partem,]
1514 1737 1566 1764 ne

126 1793 253 1834 egere
282 1780 453 1835 quidem
485 1782 676 1822 oratione
706 1781 893 1831 dixisses,
925 1780 1041 1836 quod
1071 1790 1181 1821 esset
1210 1781 1495 1835 perspicuum,
1525 1789 1570 1821 et

126 1835 236 1877 inter
257 1851 404 1877 omnes
424 1847 650 1888 constaret,
671 1838 723 1878 de
742 1852 793 1878 eo
823 1838 916 1892 ipso
944 1847 1032 1880 tam
1060 1836 1197 1878 multa
1228 1837 1395 1878 dixeris.
1456 1837 1570 1892 Quia

126 1900 171 1932 te
207 1908 392 1948 quoque,
425 1893 575 1949 inquit,
608 1894 895 1944 animadverti,
930 1893 1075 1944 Cotta,
1110 1908 1236 1949 saepe,
1268 1908 1367 1935 cum
1398 1893 1441 1934 in
1474 1894 1568 1934 foro

129 1948 302 2000 diceres,
324 1964 452 2005 quam
475 1950 664 2004 plurimis
685 1965 844 2006 posses,
877 1950 1136 2005 argumentis
1162 1965 1336 1992 onerare
1357 1949 1570 2006 judicem,

127 2005 162 2045 si
183 2005 311 2046 modo
334 2021 425 2046 eam
458 2007 703 2048 facultatem
737 2007 814 2048 tibi
840 2006 958 2048 daret
987 2021 1127 2048 causa.
1186 2009 1331 2062 Atque
1351 2007 1433 2048 hoc
1454 2006 1567 2047 idem

128 2071 171 2102 et
190 2062 430 2117 philosophi
449 2063 621 2113 faciunt,
643 2072 687 2104 et
714 2078 811 2118 ego,
840 2073 888 2104 ut
914 2063 1049 2119 potui,
1077 2063 1172 2105 feci.
1230 2065 1297 2106 Tu
1317 2074 1474 2114 autem,
1495 2062 1610 2119 quib.

129 2118 174 2158 id
195 2119 361 2173 quaeris,
382 2120 573 2161 similiter
592 2120 710 2170 facis,
732 2134 778 2160 ac
800 2120 835 2160 si
857 2134 926 2160 me
946 2134 1085 2175 roges,
1115 2135 1190 2162 cur
1208 2129 1250 2161 te
1272 2120 1440 2162 duobus
1463 2134 1567 2161 con-

128 2184 249 2216 tuear
270 2175 419 2227 oculis,
444 2184 515 2217 Set
537 2191 622 2217 non
651 2177 785 2218 altero
815 2185 995 2228 tantum,
1025 2191 1122 2218 cum
1153 2176 1266 2221 idem
1295 2192 1382 2219 uno
1402 2176 1570 2233 assequi

173 2330 190 2355 3
216 2323 398 2364 monuerunt]
416 2326 468 2355 An
485 2324 642 2354 monuerint
660 2324 677 2354 .9

174 2375 192 2397 4
217 2375 299 2396 tanta
316 2379 370 2397 esse
380 2367 531 2407 potuisset]
556 2369 607 2398 Sic
628 2378 682 2407 pro
697 2365 827 2405 vulgato

125 2411 285 2449 potuissent
308 2411 492 2450 legendum.
520 2412 649 2441 refertur
675 2411 763 2440 enim
790 2410 829 2438 ad

133 2452 251 2483 civitas.
265 2460 295 2483 et
309 2455 353 2483 sic
366 2455 485 2484 habent
504 2455 582 2484 Mss.
598 2454 716 2493 plures,
733 2452 829 2482 etiam

134 2495 242 2526 Guelf.
268 2503 298 2526 et
323 2499 354 2526 in
383 2507 428 2527 m.
456 2498 567 2528 Lamb.
598 2504 629 2527 et
652 2498 723 2527 edd.
752 2501 828 2525 vett.

134 2539 258 2568 Bonon.
281 2539 361 2570 ven.
389 2548 480 2573 1494.
504 2540 636 2570 Mediol.
660 2541 734 2570 Asc.
755 2537 828 2568 Ald.

129 2582 287 2620 potuissent
303 2583 423 2620 primus
439 2584 534 2613 edidit
548 2583 717 2614 Victorius.

180 2632 196 2654 5
222 2624 359 2653 rationem
388 2624 531 2664 accipere]
561 2627 581 2656 i.
606 2627 724 2658 discere
753 2634 830 2657 cau.-

134 2677 218 2703 sam,
235 2676 332 2705 quare
350 2667 456 2706 religio
479 2669 530 2706 sit,
550 2679 616 2699 esse
636 2669 760 2706 debeat,
778 2678 831 2708 per

135 2717 335 2749 argumenta.

181 2758 199 2783 6
223 2765 258 2782 ex
274 2753 367 2781 animo
392 2753 474 2782 exuri
496 2765 548 2783 non
567 2753 675 2794 potest]
701 2755 831 2784 Durum

138 2802 184 2825 est
208 2796 300 2826 exuri.
325 2797 430 2834 itaque
454 2796 506 2826 alii
530 2797 604 2832 erui,
632 2808 662 2827 v.
685 2797 773 2827 Clav.
798 2797 832 2826 h.

138 2848 169 2867 v.
186 2837 237 2868 alii
254 2839 332 2875 exui,
350 2839 402 2868 alii
426 2839 515 2868 eximi
538 2840 759 2879 corrigendum
776 2849 834 2878 pu-

139 2888 266 2912 tarunt:
292 2882 363 2913 libri
394 2881 439 2914 nil
460 2882 585 2921 juvant.
630 2883 694 2921 Ms.
724 2889 834 2913 tamen

870 2323 987 2363 Regius
1004 2323 1098 2355 Paris.
1115 2324 1211 2353 habet
1227 2323 1294 2353 exui
1308 2325 1392 2364 quod
1409 2331 1439 2355 et
1455 2324 1570 2364 recepit

870 2367 1083 2397 Alemannus.
1102 2367 1245 2405 Cogitavi
1257 2367 1353 2397 etiam
1370 2368 1477 2398 excuti.

916 2417 930 2445 7
958 2421 1020 2447 cur,
1039 2409 1219 2451 quodpersp.
1242 2410 1273 2440 in
1294 2410 1380 2439 istam
1390 2417 1519 2449 partem,
1536 2421 1571 2439 ne

873 2464 953 2492 egere
970 2452 1043 2492 &c.]
1062 2453 1166 2483 Verba
1185 2453 1365 2492 perspicuum
1381 2454 1401 2482 i.
1420 2454 1441 2485 i.
1452 2460 1570 2492 partem

873 2496 963 2526 nullo
980 2497 1075 2526 modo
1092 2497 1254 2526 c'ohaerent
1273 2505 1350 2526 cum
1367 2496 1488 2535 reliqua
1502 2505 1572 2526 ora—

873 2540 972 2576 tione,
989 2546 1128 2577 suntque
1144 2540 1211 2570 sine
1232 2539 1330 2569 dubio
1353 2541 1472 2579 spuria,
1490 2546 1526 2569 ut
1540 2545 1573 2568 et

873 2582 925 2612 alii
939 2581 1130 2619 judicavere.
1147 2582 1253 2621 itaque
1262 2583 1355 2613 uncis
1371 2582 1500 2613 inclusi.
1516 2591 1572 2621 pro

874 2625 950 2666 quod
970 2632 1001 2655 et
1026 2624 1141 2655 melius
1168 2626 1208 2655 sit
1231 2625 1333 2664 legere
1363 2636 1464 2666 quum,
1496 2625 1573 2664 quia

874 2668 980 2699 statim
997 2669 1092 2698 etiam
1110 2669 1225 2698 iterum
1239 2675 1286 2698 est
1301 2667 1385 2709 quod.

919 2717 936 2742 8
961 2718 988 2740 et
1003 2722 1056 2740 non
1080 2710 1169 2740 altero
1194 2710 1319 2749 tantum]
1348 2711 1427 2740 Mss.
1450 2716 1481 2739 et
1504 2707 1574 2738 edd.

874 2760 949 2784 vett.
965 2764 1020 2794 pro
1043 2760 1154 2782 rantum
1177 2755 1297 2784 habent
1320 2760 1466 2787 contuear,
1489 2750 1575 2788 quod

876 2803 907 2826 et
921 2797 1069 2826 Davisius
1087 2797 1254 2826 revocavit.
1275 2796 1329 2825 sed
1346 2796 1416 2826 haec
1433 2793 1575 2832 repetitio

876 2840 963 2869 verbi
979 2849 1044 2869 non
1060 2839 1171 2878 placet.
1190 2840 1294 2879 itaque
1314 2844 1426 2868 tantum
1442 2836 1573 2873 servavi,

878 2883 964 2920 quod
979 2883 1073 2913 edidit
1089 2881 1203 2912 Aldus.

872 2935 974 2977 114
