1768 3095
255 105 308 147 70
590 103 864 141 ACADEM.
895 102 1339 142 QUAESTIONUM

254 223 431 266 eamque
450 225 539 252 esse
558 219 709 252 terram
731 211 960 254 multarum
981 213 1163 277 urbium,
1184 221 1228 254 et
1246 211 1471 254 montium.
1493 220 1688 268 portenta

253 266 469 307 videntur:
498 267 569 308 sed
593 278 733 309 tamen
761 284 896 324 neque
917 270 1000 319 ille,
1021 270 1093 325 qui
1112 269 1259 319 dixit,
1244 283 1385 325 jurare
1406 279 1547 324 posset
1564 269 1621 311 ita
1641 284 1685 311 se

252 337 340 367 rem
375 323 539 374 habere,
573 333 612 355 ⁵0
629 339 762 380 neque
792 340 875 381 ego
906 341 990 367 non
1020 328 1090 367 ita.
1121 326 1247 367 etiam
1279 325 1429 375 dicitis,
1461 340 1550 367 esse
1574 341 1597 367 e
1618 340 1684 367 re-

251 380 380 437 gione
410 381 544 431 nobis,
575 389 610 413 ⁵1
630 396 652 422 e
680 383 888 422 contraria
917 392 1033 437 parte
1054 391 1188 433 terrae,
1208 382 1280 437 qui
1302 382 1482 424 adversis
1501 382 1686 438 vestigiis

252 446 364 479 stent
396 448 544 478 contra
582 447 725 479 nostra
757 439 950 503 vestigia,
978 454 1086 494 quos
1120 438 1358 494 Antipodas
1390 440 1572 481 vocatis.
1563 440 1577 467 Ρ
1609 452 1685 480 cur

252 493 355 535 mihi
385 493 521 549 magis
551 496 818 544 succensetis,
849 496 919 550 qui
941 496 999 535 ita
1020 510 1102 535 non
1123 509 1334 550 aspernor,
1356 510 1480 550 quam
1504 495 1576 546 eis,
1598 495 1684 551 qui,

252 563 348 591 cum
371 549 561 600 audiunt,
577 550 763 606 desipere
779 566 851 591 vos
871 552 1149 592 aibitrantur?
1177 560 1214 584 ⁵2
1228 552 1401 593 Hicetas
1421 552 1684 609 Syracusius,

251 615 300 648 ut
317 607 376 648 ait
393 607 722 670 Theophrastus,
744 607 911 658 caelum,
932 607 1079 657 solem,
1101 608 1258 658 lunam,
1277 607 1432 659 stellas,
1449 623 1599 664 supera
1613 608 1686 649 de-

251 663 377 719 nique
407 664 563 714 omnia,
592 674 699 704 stare
722 672 888 705 censet:
922 678 1055 718 neque
1082 674 1232 719 praeter
1257 675 1424 714 terram,
1444 680 1528 706 rem
1555 665 1684 706 ullam

251 721 293 761 in
321 720 481 761 mundo
509 720 692 761 moveri:
724 735 818 775 quae
850 734 948 762 cum
976 720 1135 761 circum
1155 735 1274 761 axem
1293 734 1336 761 se
1354 736 1519 762 summa
1538 722 1684 763 celeri-

250 784 338 817 tate
367 784 595 825 convertat,
615 784 657 817 et
685 786 894 832 torqueat,
921 776 1068 817 eadem
1100 777 1207 819 effici
1235 777 1390 828 omnia,
1411 780 1529 834 quasi
1549 786 1685 820 stante

252 841 361 873 terra
388 833 536 874 caelum
569 842 818 874 moveretur.
853 843 978 890 atque
1008 833 1089 874 hoc
1109 834 1233 875 etiam
1259 841 1295 866 ⁵³
1313 833 1559 875 Platonem
1549 849 1592 875 m
1611 835 1686 876 Ti-

251 903 361 930 maeo
381 889 518 930 dicere
538 889 708 945 quidam
734 891 1000 941 arbitrantur,
1021 890 1094 931 sed
1114 890 1255 946 paullo
1276 891 1510 932 obscurius.
1569 891 1686 948 Quid

250 953 314 996 tu,
344 946 554 1000 Epicure?
587 946 772 1002 loquere.
805 957 927 1002 putas
956 946 1085 987 solem
1127 962 1217 988 esse
1255 947 1499 988 tantulum>
1535 956 1572 979 54
1592 949 1685 1003 Ego

252 1016 304 1043 ne
322 1002 438 1043 vobis
458 1002 628 1066 quidem
651 1011 829 1044 tantum.
852 1004 924 1045 sed
944 1012 986 1044 et
1007 1019 1078 1044 vos
1100 1004 1153 1044 ab
1175 1003 1247 1044 illo
1267 1003 1523 1045 irridemini:
1555 1014 1598 1045 et
1617 1005 1683 1060 ip-

252 1058 287 1099 si
315 1058 434 1100 illum
465 1060 644 1101 vicissim
677 1059 860 1101 eluditis.
920 1060 1045 1101 Libe1
1075 1060 1204 1115 igitur
1233 1075 1257 1101 a
1288 1060 1360 1101 tali
1392 1060 1578 1102 inisione
1606 1061 1687 1101 So-

252 1126 399 1165 crates,
421 1115 526 1157 liber
542 1117 680 1157 Aristo
702 1116 850 1168 Chius,
873 1117 945 1173 qui
968 1116 1099 1158 nihil
1090 1129 1265 1158 lstorum
1289 1117 1383 1158 sciri
1405 1126 1525 1172 putat
1544 1131 1684 1173 posse

167 1176 238 1211 124
252 1172 336 1213 Sed
365 1172 492 1213 redeo
522 1173 575 1213 ad
604 1173 806 1223 animum,
836 1182 879 1214 et
908 1188 1073 1229 corpus.
1134 1174 1297 1215 Satisne
1325 1174 1492 1214 tandem
1516 1188 1566 1214 ea
1586 1183 1686 1215 nota

252 1237 350 1270 sunt
378 1229 514 1277 nobis,
545 1244 637 1284 quae
669 1244 888 1271 nervorum
923 1239 1070 1271 natura
1100 1230 1167 1279 sit,
1188 1245 1282 1285 quae
1303 1231 1531 1271 venarum?
1565 1238 1683 1271 tene-

251 1299 400 1326 musne
420 1285 520 1340 quid
540 1286 703 1326 animus
724 1286 800 1327 sit?
836 1286 907 1326 ubi
928 1286 1008 1327 sit?
1033 1285 1227 1341 denique,
1248 1286 1369 1336 sitne,
1390 1294 1464 1327 aut
1487 1295 1524 1318 5⁵
1539 1294 1586 1327 ut
1604 1286 1686 1327 Di-

251 1341 442 1382 caearcho
465 1341 594 1383 visum
617 1353 694 1391 est,
715 1357 766 1382 ne
786 1343 838 1384 sit
859 1342 1029 1398 quidem
1050 1341 1190 1383 ullus?
1225 1342 1258 1383 si
1279 1351 1366 1383 est:
1388 1351 1527 1384 tresne
1546 1352 1685 1399 partes

250 1397 419 1447 habeat,
440 1406 489 1438 ut
518 1398 679 1439 Platoni
702 1399 872 1463 placuit,
895 1399 1083 1448 rationis,
1104 1399 1190 1449 ἱιεε,
1210 1399 1479 1454 cupiditatis:
1511 1414 1562 1440 an
1583 1400 1685 1441 sim-

250 1454 360 1509 plex,
383 1469 574 1510 unusque
605 1456 658 1495 sit
677 1456 689 1494 ,Ρ
729 1462 763 1487 6
781 1456 814 1497 si
840 1469 947 1496 unus
968 1464 1011 1496 et
1040 1456 1231 1510 simplex,
1249 1464 1390 1497 utrum
1414 1455 1468 1496 sit
1487 1455 1611 1511 ignis,
1631 1471 1685 1497 an

249 1511 403 1561 anima,
423 1525 475 1551 an
506 1512 699 1567 sanguis.
694 1513 704 1543 Ρ
738 1526 805 1562 an,
827 1521 872 1553 ut
901 1513 1175 1562 Xenocrates,
1195 1526 1312 1553 mens
1334 1512 1450 1553 nullo
1471 1526 1676 1567 corpore.
1666 1514 1681 1545 Ρ

249 1567 364 1623 quod
397 1544 609 1622 intelligi,
625 1568 749 1624 quale
780 1569 846 1618 sit,
879 1568 942 1610 vix
973 1576 1124 1623 potest.
1155 1577 1211 1619 et,
1233 1567 1436 1624 quidquid
1466 1578 1545 1619 est,
1569 1584 1684 1610 mor-

207 1639 239 1669 b
251 1623 334 1664 tale
359 1623 413 1664 sit
443 1639 495 1664 an
529 1633 729 1665 aeternum
752 1625 764 1664 ,Ρ
799 1640 893 1666 nam
925 1631 961 1660 57
977 1633 1199 1680 utramque
1219 1625 1259 1666 in
1282 1636 1444 1680 partem
1465 1625 1600 1667 multa
1619 1625 1685 1667 di-

168 1688 239 1737 40
250 1688 417 1721 cuntur.
480 1681 647 1721 Horum
669 1682 826 1737 aliquid
849 1690 984 1722 vestro
1005 1681 1180 1736 sapienti
1202 1690 1363 1723 certum
1386 1681 1574 1723 videtur·
1605 1697 1683 1724 no-

251 1745 354 1787 stro,
375 1751 426 1777 ne
446 1737 546 1792 quid
571 1753 753 1778 maxime
774 1738 944 1794 quidem
965 1733 1183 1792 probabile
1203 1738 1270 1788 sit,
1291 1738 1487 1779 occurrit.
1509 1739 1567 1779 ita
1586 1749 1685 1781 sunt

167 1815 237 1847 125
251 1793 293 1834 in
331 1793 539 1849 plerisque
578 1795 880 1836 contrariarum
918 1794 1129 1835 rationum
1168 1795 1283 1850 paria
1320 1803 1550 1836 momenta.
1610 1795 1684 1837 Sin

251 1850 341 1905 agis
375 1850 661 1900 verecundius,
692 1860 733 1891 et
762 1866 830 1893 me
861 1865 1047 1899 accusas,
1082 1865 1165 1891 non
1194 1851 1306 1907 quod
1334 1851 1416 1892 tuis
1449 1851 1683 1894 rationibus

250 1920 335 1948 non
356 1907 568 1956 assentiar,
591 1908 662 1948 sed
685 1908 798 1963 quod
830 1907 982 1948 nullis:
1012 1908 1171 1948 vincam
1194 1923 1411 1949 animum·
1443 1907 1596 1964 cuique
1615 1923 1684 1950 as-

250 1963 419 2014 sentiar,
440 1962 640 2019 deligam.
672 1979 799 2020 quem
828 1964 1128 2020 potissimum?
1161 1966 1319 2020 quern?
1352 1965 1648 2006 Democritum
1667 1966 1683 2007 ?

295 2085 335 2109 50
357 2089 446 2120 neque
461 2089 522 2117 ego,
538 2089 591 2106 non
612 2076 668 2116 ila]
689 2079 739 2108 Sc.
757 2089 823 2109 rem
839 2089 872 2109 se
887 2080 945 2108 ha·
989 2086 1054 2110 rota
1071 2081 1129 2110 &c.
1145 2080 1230 2110 circa
1244 2088 1319 2109 eum
1335 2078 1491 2110 volvatur.

249 2121 453 2159 bere‚jurare
469 2122 597 2160 possim·
616 2122 696 2151 edidi
718 2122 830 2150 nonita
846 2132 862 2152 e
878 2122 944 2151 No-
1033 2129 1071 2152 ,54
1101 2123 1160 2161 Ego
1183 2133 1216 2151 ne
1239 2121 1319 2150 vobis
1343 2121 1456 2163 quidem
1480 2121 1608 2161 tantum]
1631 2122 1683 2154 Sc.

250 2165 313 2195 nio.
338 2174 415 2194 nam
438 2164 513 2194 alias
537 2164 635 2194 oratio
657 2170 737 2194 esset
762 2174 886 2195 manca.
905 2175 944 2195 ex
989 2165 1104 2204 putari,
1121 2171 1258 2204 quantus
1274 2165 1397 2194 videtur
1412 2165 1528 2202 oculis,
1545 2166 1597 2195 sed
1614 2175 1683 2196 ma-

249 2217 287 2238 eo
303 2207 423 2238 facturn
441 2214 485 2237 est
500 2217 599 2242 nonne,
616 2208 702 2246 quod
717 2207 828 2237 delevi.
984 2209 1088 2247 jorem
1105 2208 1219 2237 multo.
1247 2207 1337 2236 Varie
1353 2214 1492 2238 tentatus
1507 2214 1553 2238 est
1568 2209 1621 2239 hic
1637 2209 1684 2239 lo-

296 2257 331 2280 51
351 2261 365 2278 e
380 2250 524 2279 contraria
533 2249 631 2288 parte]
651 2251 777 2280 Nonius
791 2251 886 2280 habet
901 2251 943 2287 in,

250 2293 337 2333 quod
354 2292 468 2323 melius
483 2293 615 2323 videtur.
633 2300 687 2323 aut
702 2303 719 2322 e
737 2294 921 2324 delendum.

297 2343 335 2366 52
362 2335 492 2375 Hicetas]
519 2336 594 2366 Non
611 2336 752 2366 dubitavi
771 2338 832 2366 hoc
856 2345 943 2375 repo-

252 2388 326 2408 nere
349 2388 404 2417 pro
428 2379 559 2415 Nicetas,
582 2379 657 2417 quia
672 2380 717 2409 sic
733 2379 836 2409 Graeci
852 2386 883 2408 et
900 2386 945 2408 est

253 2422 285 2451 in
301 2421 363 2451 Ms.
376 2421 521 2452 cantabr.
539 2428 569 2450 et
584 2421 714 2460 vestigia
728 2421 826 2459 hujus
839 2421 945 2452 lectio-

254 2465 302 2494 nis
318 2470 349 2493 et
364 2465 394 2493 in
412 2464 479 2494 aliis
495 2464 656 2494 codicibus
673 2471 791 2503 reperta
805 2470 891 2495 sunt.

299 2512 335 2536 53
362 2505 537 2535 Platonem
527 2518 556 2534 ιη
575 2505 691 2544 Timaeo]
711 2506 798 2537 Plato
813 2507 889 2538 dicit
913 2508 944 2537 in

251 2549 338 2580 Tim.
361 2559 391 2588 Ρ.
416 2556 466 2579 41.
490 2550 537 2579 ed.
563 2550 673 2588 Steph.
696 2561 747 2580 ’την
767 2550 832 2587 γῆν,
848 2549 947 2590 τροφόν

254 2603 339 2628 ”stiffi
331 2590 391 2633 :266⁹
407 2591 450 2619 51³2.
455 2603 504 2619 Ξαέ
510 2604 551 2622 ’19
576 2602 610 2620 ’ΤΞ
613 2604 636 2631 el
652 2604 697 2620 ⁷0⁹
712 2590 756 2620 δία
774 2603 880 2623 παντθς
894 2602 945 2620 'ffa-

253 2640 331 2662 λον-.-
333 2633 433 2670 εγαμέ,
427 2647 463 2662 ,αν
468 2634 626 2670 ,altricem
638 2641 762 2663 nostram
775 2634 855 2664 verti
867 2635 945 2664 circa

251 2687 348 2712 axem,
372 2676 422 2717 qui
443 2683 496 2714 per
523 2683 611 2705 totam
636 2683 743 2706 terram
771 2677 944 2707 extenditur.

251 2720 361 2750 Cicero
376 2719 484 2759 paullo
500 2720 665 2749 obscurius
682 2720 829 2759 exprimit
844 2722 875 2749 in
891 2721 945 2750 Ti-

251 2772 334 2793 maeo
347 2775 352 2791 ε
378 2770 485 2791 terram
497 2762 630 2791 altricem
645 2769 782 2796 nostram,
799 2773 864 2804 quae
882 2770 943 2792 tra-

240 2804 319 2844 jecto
348 2816 404 2834 axe
426 2805 590 2835 sustinetur.
637 2805 697 2835 Sed
720 2805 786 2834 axis
808 2806 942 2836 verbum

251 2848 368 2878 indicat
383 2858 468 2879 rem:
494 2858 570 2879 nam
593 2848 617 2879 is
641 2854 686 2878 est
702 2849 784 2886 ideo,
800 2855 836 2879 ut
852 2850 942 2889 quid,

989 2261 1056 2281 cus.
1074 2260 1131 2289 ego
1140 2250 1308 2289 vulgatum
1324 2260 1436 2280 verum
1450 2258 1539 2290 puto,
1553 2258 1609 2282 aut
1622 2251 1685 2283 sal-

987 2300 1051 2323 tem
1070 2299 1195 2323 tantum
1211 2304 1263 2322 vos
1279 2302 1334 2332 pro
1349 2293 1431 2322 vobis
1448 2294 1633 2333 legendum,
1646 2302 1683 2326 ut

985 2346 1029 2367 sc.
1054 2342 1163 2374 putare
1185 2336 1326 2372 arbitror,
1351 2335 1561 2376 intelligatur:
1586 2344 1617 2368 et
1636 2344 1683 2369 est

988 2389 1039 2408 vos
1055 2379 1087 2408 in
1104 2379 1296 2417 quibusdam
1314 2379 1411 2409 Codd.

1032 2428 1069 2451 55
1095 2428 1127 2449 ut
1153 2421 1325 2451 Dicaearcho
1348 2422 1445 2451 visum
1469 2421 1524 2461 est]
1551 2422 1601 2453 Sc.
1629 2422 1682 2453 ille

987 2464 1122 2501 negabat
1144 2474 1210 2494 esse
1233 2465 1456 2502 substantiam,
1480 2466 1534 2495 sed
1555 2466 1683 2496 harmo-

989 2507 1076 2536 niam
1102 2508 1263 2545 quandam
1292 2508 1538 2545 elementorum,
1565 2508 1683 2548 quibus

987 2559 1101 2588 corpus
1118 2557 1272 2580 constaret
1295 2551 1432 2582 v.Tusc.
1447 2551 1473 2587 1,
1487 2558 1536 2582 lo.
1549 2558 1598 2581 11.
1614 2557 1664 2584 18.

1033 2596 1071 2622 ⁵6
1095 2592 1119 2620 si
1134 2604 1205 2622 unus
1221 2601 1248 2622 et
1264 2593 1397 2633 simplex]
1416 2594 1528 2624 Addidi
1544 2594 1683 2633 vulgatae

988 2634 1128 2670 lectioni,
1140 2636 1163 2665 si
1176 2636 1310 2675 simplex,
1323 2647 1395 2666 unus
1407 2643 1434 2666 et
1449 2646 1465 2666 e
1479 2636 1564 2666 libris
1579 2646 1639 2667 scr.
1652 2644 1683 2667 et

989 2678 1057 2708 edd.
1071 2684 1144 2708 vett.
1158 2679 1238 2709 Ven.
1256 2679 1427 2710 Med.Asc.
1459 2679 1582 2709 Primus
1600 2680 1683 2711 omi-

988 2721 1027 2752 sit
1042 2720 1154 2751 Aldus.

1041 2769 1076 2798 ⁵7
1103 2763 1134 2792 in
1170 2769 1323 2803 utramque
1355 2762 1487 2804 partem]
1524 2764 1576 2794 Sic
1607 2764 1681 2794 boni

988 2806 1086 2836 Codd.
1103 2808 1187 2846 apud
1209 2807 1391 2844 Davisium,
1407 2807 1462 2846 qui
1478 2814 1510 2839 et
1527 2808 1572 2838 sic
1587 2807 1683 2838 edidit

987 2859 1043 2889 pro
1057 2849 1145 2889 vulg.
1162 2849 1193 2880 in
1205 2856 1328 2891 utraque
1338 2855 1438 2889 parte.
