1778 3095
226 134 308 174 206
519 136 594 174 DE
621 135 778 176 FINIB.
798 137 1000 176 BONOR.
1020 137 1089 175 ET
1116 136 1328 174 MALOR.

222 242 298 284 lat.
329 255 458 299 quare
488 250 708 286 teneamus
735 245 1031 297 Aristotelem,
1055 253 1099 287 et
1120 253 1155 282 17
1173 244 1264 302 ejus
1296 243 1428 285 filium
1457 243 1665 284 Nicoma-2

225 299 383 341 chum:
413 299 534 357 cujus
566 311 761 343 accurate
785 302 928 358 scripti
960 303 1013 343 de
1045 303 1235 344 moribus
1256 301 1366 352 libri,
1388 300 1584 341 dicuntur
1603 299 1664 341 illi

226 356 398 413 quidem
417 372 509 398 esse
529 357 794 400 Aristotelis:
827 359 902 400 sed
923 373 1006 400 non
1027 359 1163 410 video,
1183 373 1259 399 cur
1279 373 1362 399 non
1384 355 1570 412 potuerit
1588 370 1663 411 pa-

225 413 281 454 tri
299 412 446 455 similis
476 428 566 455 esse
596 414 719 455 filius.
776 415 1118 471 Theophrastum
1139 425 1282 456 tamen
1304 414 1581 455 adhibeamus
1610 413 1662 452 ad

226 470 441 525 pleraque,
463 469 700 511 dummodo
730 470 824 525 plus
854 472 897 512 in
927 472 1080 513 virtute
1101 482 1333 523 teneamus,
1355 484 1480 527 quam
1510 467 1580 509 ille
1600 476 1664 509 te-

166 534 213 567 13
229 526 335 577 nuit,
356 526 579 578 firmitatis,
603 534 645 567 et
666 527 845 568 roboris.
905 528 1045 568 Simus
1066 529 1197 583 igitur
1216 528 1405 569 contenti
1435 526 1513 567 his.
1545 539 1666 566 nam·

226 597 311 638 que
343 582 498 624 horum
538 583 711 638 posteri,
750 583 946 624 meliores
982 584 1043 624 illi
1082 585 1269 640 quidem,
1309 598 1406 625 mea
1447 581 1668 632 sententia,

225 653 354 694 quam
378 639 633 696 reliquarum
660 638 904 695 philosophi
932 640 1245 695 disciplinarum
1264 657 1273 681 :
1307 650 1344 673 18
1362 639 1435 681 sed
1456 641 1514 681 ita
1535 639 1666 693 dege-

225 704 390 747 nerant,
409 705 458 737 ut
478 696 558 751 ipsi
576 710 626 737 ex
648 710 692 736 se
712 697 798 736 nati
816 710 907 737 esse
925 696 1157 737 videantur.
1179 697 1364 752 primum
1382 695 1667 751 Theophrasti

226 752 385 804 Strato,
414 752 640 809 physicum
669 767 712 793 se
742 752 889 794 voluit.
918 753 961 794 in
991 767 1077 808 quo
1107 753 1186 794 etsi
1215 762 1280 794 est
1309 767 1504 807 magnus,
1524 760 1669 793 tamen

226 823 337 850 nova
366 809 581 866 pleraque,
613 816 657 850 et
687 823 899 865 perpauca
929 809 982 850 de
1012 809 1217 850 moribus.
1276 808 1420 865 Hujus
1448 808 1597 865 Lysias
1627 816 1671 848 et

228 865 421 906 oratione
450 865 656 921 locuples,
675 866 800 907 rebus
832 866 933 922 ipsis
955 866 1156 923 jejunior.
1187 866 1419 907 concinnus
1446 864 1597 905 deinde
1626 872 1671 904 et

184 935 219 966 b.
228 922 399 977 elegans
418 921 546 978 hujus
565 923 712 963 Aristo
730 940 739 964 :
771 923 846 964 sed
866 938 930 973 ea,
951 938 1047 980 quae
1075 922 1336 964 desideratur
1354 936 1378 962 a
1397 935 1556 976 magno
1574 920 1670 976 phi-

227 978 426 1034 losopho,
445 979 627 1035 gravitas
647 979 689 1021 in
710 994 762 1020 eo
782 994 867 1021 non
887 980 981 1022 fuit.
1005 980 1160 1035 scripta
1181 994 1279 1020 sane
1299 987 1340 1019 et
1361 977 1510 1027 multa,
1529 986 1573 1018 et
1592 990 1670 1031 po*

228 1035 331 1076 lita:
362 1035 436 1076 sed
467 1036 609 1077 neseio
642 1050 728 1091 quo
761 1044 887 1092 pacto
918 1036 1214 1078 auctoritatem
1246 1035 1382 1077 oratio
1413 1049 1498 1076 non
1526 1033 1669 1074 habet.

170 1102 219 1137 14
232 1092 440 1133 Praetereo
459 1093 633 1144 multos,
653 1093 694 1134 in
715 1092 780 1135 his
800 1092 976 1135 doctum
998 1093 1231 1144 hominem,
1251 1101 1295 1133 et
1315 1106 1482 1133 suavem
1513 1089 1671 1131 Hiero-

230 1163 437 1204 nymumt
481 1163 607 1205 quem
640 1149 732 1204 jam
771 1163 847 1190 cur
886 1150 1210 1206 Peripateticum
1249 1148 1473 1204 appellem,
1513 1146 1670 1187 neseio.

228 1220 445 1246 summum
476 1205 589 1246 enim
622 1206 782 1247 bonum
803 1208 1011 1261 exposuit,
1030 1206 1282 1247 vacuitatem
1301 1204 1472 1245 doloris.
1503 1203 1576 1259 qui
1596 1217 1671 1244 au-

228 1270 316 1302 tem
344 1262 399 1302 de
429 1276 599 1303 summo
628 1262 743 1303 bono
774 1262 982 1313 dissentit,
1003 1262 1055 1303 de
1085 1271 1179 1303 tota
1206 1260 1490 1317 philosophiae
1509 1259 1672 1300 ratione

228 1317 436 1359 dissentit.
497 1318 711 1360 Critolaus
744 1318 898 1359 imitari
928 1319 1125 1375 antiquos
1154 1318 1316 1360 voluit:
1346 1325 1392 1358 et
1415 1315 1588 1372 quidem
1609 1324 1674 1357 est

228 1374 435 1430 gravitate
456 1375 687 1430 proximus,
707 1384 750 1416 et
769 1374 976 1417 redundat
994 1376 1144 1418 oratio.
1175 1384 1363 1417 attamen
1383 1374 1418 1415 is
1438 1372 1609 1428 quidem
1631 1372 1675 1413 in

229 1431 375 1485 patriis
396 1431 601 1473 institutis
621 1440 778 1473 manet.
836 1432 1071 1483 Diodorus,
1091 1432 1182 1488 ejus
1202 1432 1384 1482 auditor,
1403 1430 1600 1487 adjungit
1618 1427 1674 1469 ad

229 1488 511 1540 honestatem,
541 1488 792 1530 vacuitatem
823 1488 996 1531 doloris.
1055 1489 1141 1530 Hic
1171 1502 1343 1545 quoque
1370 1502 1471 1529 suus
1497 1495 1587 1527 est:
1618 1485 1671 1525 de

229 1559 487 1601 summoque
506 1545 622 1586 bono
642 1545 906 1596 dissentiens,
926 1546 1010 1587 dici
1037 1560 1131 1587 vere
1164 1544 1465 1600 Peripateticus
1487 1557 1571 1583 non
1592 1556 1671 1597 po-

229 1608 329 1643 test.
388 1602 678 1657 Antiquorum
700 1611 842 1643 autem
868 1602 1119 1644 sententiam
1139 1601 1380 1643 Antiochus
1408 1608 1549 1641 noster
1568 1598 1674 1639 mihi

230 1657 397 1700 videtur
429 1659 624 1714 persequi
658 1658 1006 1714 diligentissime:
1049 1674 1178 1714 quam
1216 1657 1394 1699 eandem
1430 1654 1674 1698 Aristotelis

188 1707 379 1767 6fuisse,
399 1723 442 1756 et
460 1715 700 1756 Polemonis
723 1716 862 1757 docet.
922 1715 1041 1756 Facit
1060 1716 1189 1771 igitur
1220 1715 1377 1756 Lucius
1409 1721 1552 1755 noster
1570 1726 1673 1768 pru-

174 1789 219 1820 15
235 1770 396 1823 denter,
428 1772 500 1827 qui
533 1772 680 1813 audire
712 1772 765 1813 de
796 1787 964 1813 summo
997 1772 1113 1813 bono
1145 1772 1414 1828 potissimum
1443 1769 1556 1811 velit.
1590 1769 1673 1809 hoc

233 1828 348 1868 enim
377 1828 611 1870 constituto
641 1829 683 1869 in
713 1828 1000 1884 philosophia,
1019 1830 1249 1869 constituta
1268 1837 1364 1869 sunt
1387 1827 1544 1867 omnia.
1574 1838 1672 1865 nam

232 1885 381 1926 ceteris
403 1885 446 1926 in
467 1885 590 1926 rebus
611 1886 694 1926 sive
724 1886 1070 1941 praetermissum,
1091 1885 1174 1926 sive
1194 1886 1439 1940 ignoratum
1465 1891 1530 1923 est
1549 1881 1672 1937 quip—

231 1941 363 1996 piam,
385 1956 468 1982 non
489 1941 584 1996 plus
604 1942 866 1983 incommodi
886 1952 964 1992 est,
985 1956 1110 1998 quam
1144 1941 1291 1998 quanti
1319 1951 1500 1996 quaeque
1528 1953 1674 1979 earum

230 2012 372 2038 rerum
394 2007 471 2048 est,
496 2006 534 2032 19
549 1999 592 2039 in
613 1999 766 2054 quibus
790 2000 1036 2055 neglectum
1066 2008 1132 2040 est
1161 1997 1334 2054 aliquid.
1364 2010 1577 2038 summum
1599 2010 1676 2035 au·—

231 2062 319 2095 tem
351 2055 513 2095 bonurn
545 2056 580 2097 si
611 2057 842 2110 ignoretur,
862 2055 1023 2097 vivendi
1053 2055 1260 2097 rationem
1291 2052 1476 2109 ignorari
1504 2065 1672 2092 necesse

233 2118 310 2151 est.
332 2126 382 2151 ex
403 2126 489 2167 quo
512 2121 652 2153 tantus
684 2127 800 2153 error
827 2112 1115 2167 consequitur,
1135 2121 1184 2152 ut
1209 2125 1336 2167 quem
1366 2110 1408 2150 in
1437 2118 1609 2164 portum
1631 2121 1673 2148 se

233 2167 453 2224 recipiant,
483 2169 588 2208 scire
624 2183 707 2209 non
741 2169 917 2223 possint.
948 2169 1131 2224 cognitis
1165 2178 1307 2209 autem
1336 2180 1473 2207 rerum
1506 2165 1673 2214 finibus,

233 2238 333 2265 cum
365 2225 631 2280 intelligitur,
652 2225 754 2281 quid
784 2226 838 2266 sit
870 2234 914 2266 et
944 2225 1156 2266 bonorum
1186 2233 1437 2272 extremum,
1465 2230 1507 2262 et
1536 2220 1672 2261 malo-

233 2295 345 2331 rum,
370 2281 537 2322 inventa
564 2282 659 2323 vitae
690 2282 754 2323 via
786 2290 865 2333 est,
894 2281 1259 2337 conformatioque
1290 2279 1481 2321 omnium
1513 2277 1674 2319 officio-

235 2352 347 2378 rum.

178 2396 227 2433 16
293 2395 371 2436 Est
391 2394 536 2450 igitur,
557 2410 642 2451 quo
662 2395 847 2450 quidque
869 2395 1099 2435 referatur:
1129 2408 1180 2435 ex
1200 2408 1301 2449 quo,
1321 2392 1362 2433 id
1384 2391 1500 2448 quod
1528 2404 1676 2431 omnes

236 2460 453 2505 expetunt,
484 2452 607 2492 beate
637 2452 799 2492 vivendi
829 2452 935 2492 ratio
966 2451 1155 2501 inveniri,
1187 2461 1230 2490 et
1258 2448 1492 2504 comparari
1520 2455 1676 2502 potest.

107 2507 354 2561 p.12s.quod
376 2508 577 2563 quoniam
608 2509 650 2548 in
683 2523 768 2563 quo
800 2508 867 2557 sit,
888 2521 1044 2563 magna
1074 2507 1278 2548 dissensio
1308 2515 1399 2555 est3
1433 2503 1677 2545 Carneadea

197 2564 226 2585 a.
238 2563 360 2605 nobis
392 2564 631 2605 adhibenda
661 2564 809 2605 divisio
836 2574 916 2615 est,
946 2579 1029 2620 qua
1059 2574 1200 2605 noster
1228 2563 1470 2603 Antiochus
1498 2561 1679 2602 libenter

281 2702 317 2731 17
347 2696 406 2735 ejus
421 2696 475 2736 fil.
504 2695 725 2736 Nicomachum]
748 2707 777 2727 v.
801 2698 839 2727 ad
862 2698 896 2727 h.
912 2697 933 2727 1.
979 2698 1108 2735 vehant,
1133 2698 1218 2737 quod
1244 2707 1335 2728 secus
1357 2707 1435 2735 esse,
1460 2707 1507 2728 res
1530 2698 1597 2738 ipsa
1622 2698 1678 2729 do·

235 2739 374 2770 Petitum
391 2740 423 2768 in
440 2740 515 2769 Obs.
535 2740 627 2769 Misc.
647 2741 699 2770 IV.
716 2750 745 2779 p.
765 2748 814 2772 59.
980 2748 1040 2770 cet.

282 2789 318 2812 18
335 2782 440 2811 sedita
456 2781 641 2821 degenerant]
667 2783 729 2813 Vix
745 2784 868 2820 dubito,
885 2783 937 2812 Ci-
1026 2792 1064 2816 19
1079 2784 1107 2812 in
1123 2784 1225 2824 quibus
1237 2783 1395 2822 neglectum
1409 2790 1449 2813 est
1458 2781 1587 2825 aliquid]
1606 2783 1677 2813 Ma-

236 2834 385 2855 ceronem
422 2826 581 2864 scripsisse
618 2826 839 2863 degenerarunt,
877 2827 936 2856 nisi
979 2826 1037 2857 lim
1061 2826 1177 2868 aliquid
1195 2827 1315 2863 abesse,
1333 2835 1368 2857 ut
1384 2826 1577 2867 intelligatur
1591 2834 1609 2856 e
1623 2836 1677 2857 su-

235 2878 308 2898 vero
321 2870 358 2898 de
376 2868 410 2898 iis
428 2870 526 2898 modo·
547 2869 698 2908 loquitur,
720 2871 775 2908 qui
801 2877 871 2900 tum
892 2871 938 2899 vi·
981 2871 1153 2909 perioribus
1169 2870 1332 2911 quippiam.
1656 2877 1659 2879 '
