1778 3095
577 79 758 119 LIBER
786 76 1101 116 QUARTUS.
1129 80 1131 82 ’
1474 82 1551 115 333

113 192 324 248 deincePS,
336 190 412 248 qui
425 189 691 236 accubarent,
704 196 902 226 canerent
915 183 968 225 ad
984 182 1133 224 tibiam
1146 181 1358 223 clarorum
1372 182 1555 225 virorum

114 249 274 300 laudes,
308 258 434 304 atque
467 246 654 286 virtutes.
687 257 736 283 ex
773 256 859 298 quo
895 240 1166 297 perspicuum
1199 246 1279 289 est,
1311 246 1354 278 et
1378 247 1556 281 4cantus

119 315 210 348 tum
235 306 362 347 fuisse
383 302 605 356 rescriptos
626 314 776 340 vocum
799 297 928 349 sonis,
954 307 998 338 et
1027 297 1224 337 carmina.
1285 296 1556 350 Quamquam
1570 321 1596 352 4

118 363 159 404 id
197 362 366 419 quidem
407 359 533 400 etiam
577 370 672 398 ΧΠ.
713 355 870 397 tabulae
911 353 1139 403 declarant,
1179 351 1307 392 condi
1340 351 1431 406 jam
1466 361 1557 393 tum

117 420 288 461 solitum
321 430 411 458 esse
441 428 640 456 carmen:
672 412 790 468 quod
826 425 878 452 ne
912 411 1056 451 liceret
1089 408 1174 450 fieri
1207 408 1260 449 ad
1292 407 1465 448 alterius
1495 408 1559 449 in-

109 476 282 532 juriam,
303 474 399 527 lege
420 478 658 512 sanxerunt.
680 484 755 510 nec
786 483 885 509 vero
917 467 1021 509 illud
1052 481 1135 507 non
1165 464 1428 506 eruditorum
1446 473 1557 505 tem-

115 546 267 589 porum
299 538 600 584 argumentum
630 536 708 576 est,
746 525 862 582 quod
897 533 940 565 et
971 523 1150 565 deorum
1181 521 1483 576 pulvinaribus,
1514 531 1557 562 et

116 588 251 644 epulis
268 586 612 641 magistratuum,
638 592 654 615 ⁵
670 583 772 624 fides
793 582 1028 637 praecinunt
1046 597 1056 621 ι
1089 578 1205 636 quod
1224 578 1441 634 proprium
1464 579 1555 634 ejus

116 645 210 695 fuit,
241 643 293 684 de
323 657 407 698 qua
438 642 603 697 loquor,
640 639 887 695 disciplinae.
913 637 1050 678 ⁶mihi
1080 635 1252 692 quidem
1286 635 1415 690 Appii
1439 634 1688 680 Caecip.210.

115 715 300 750 carmen,
329 698 445 755 quod
473 697 591 739 valde
624 697 830 737 Panaetius
859 695 1004 736 laudat
1033 693 1212 749 epistola
1241 692 1440 748 quadam,
1462 707 1556 748 quae
1571 694 1601 715 a.

115 767 182 798 est
211 756 264 798 ad
289 757 345 813 Q.
366 755 652 805 Tuberonem,
678 761 692 790 7
708 753 1025 809 Pythagoreum
1055 751 1231 791 videtur.
1263 749 1399 790 multa
1428 750 1557 790 etiam

116 822 215 855 sunt
236 814 278 854 in
308 813 460 853 nostris
488 811 690 852 institutis
716 810 874 850 ssducta
903 809 955 849 ab
986 807 1095 848 illis:
1127 822 1221 862 quae
1252 815 1473 861 praetereo,
1505 821 1559 847 ne

117 884 181 921 ea,
199 884 292 926 quae
317 878 335 904 9
350 868 559 925 peperisse
578 867 658 923 ipsi
677 877 891 923 putamur,
923 864 1092 906 aliunde
1113 863 1309 904 didicisse
1328 863 1558 904 videamur.

118 926 218 978 Sed,
235 935 283 968 ut
302 926 355 968 ad
384 925 647 981 propositum
680 923 822 965 redeat
852 922 1015 963 oratio:
1049 935 1175 976 quam
1209 920 1322 961 brevi
1353 929 1597 975 ternpore‚5

118 993 239 1040 quot,
279 992 321 1024 et
360 982 506 1038 quanti
546 986 700 1037 poetae,
746 979 819 1036 qui
861 988 1001 1019 autem
1053 986 1239 1018 oratores
1279 976 1557 1018 exstiterunt?

116 1041 240 1082 facile
270 1049 319 1081 ut
349 1047 561 1095 appareat,
592 1048 759 1078 nostros
789 1036 933 1077 omnia
961 1034 1164 1090 consequi
1194 1033 1397 1089 potuisse,
1434 1033 1561 1075 simul

119 1106 165 1139 ut
185 1097 290 1138 velle
309 1097 549 1152 coepissent.
571 1094 643 1135 sed
663 1094 715 1135 de
737 1093 884 1135 ceteris
905 1091 1052 1133 studiis
1073 1091 1155 1131 alio
1177 1091 1273 1131 loco
1293 1099 1336 1131 et
1353 1090 1560 1142 dicemus,

119 1155 153 1196 si
183 1169 283 1196 usus
314 1152 454 1201 fuerit,
485 1162 526 1192 et
562 1164 674 1207 saepe
705 1150 901 1191 diximus.
961 1148 1185 1204 Sapientiae
1223 1147 1408 1188 studium
1441 1150 1609 1198 vetu53

121 1210 164 1252 id
202 1210 372 1266 quidem
415 1209 456 1249 in
493 1208 674 1249 nostris:
704 1207 777 1248 sed
809 1215 965 1257 tamen,
1003 1214 1101 1246 ante
1142 1204 1278 1245 Laeliiv
1300 1213 1485 1255 aetatem,
1519 1212 1563 1245 et

120 1267 343 1322 Scipionis,
373 1280 459 1306 non
488 1265 666 1320 reperio,
697 1278 803 1320 quos
845 1262 1057 1318 appellare
1095 1262 1256 1317 possim
1295 1261 1563 1302 nominatim.

120 1324 274 1379 quibus
306 1322 658 1372 adolescentibus,
689 1321 879 1362 Stoicum
913 1319 1172 1373 Diogenem,
1191 1327 1234 1359 et
1253 1317 1563 1360 Academicum

124 1379 388 1421 Carneadem
419 1379 540 1419 video
571 1378 624 1418 ad
654 1386 844 1419 senatum
874 1377 927 1417 ab
949 1375 1281 1416 Atheniensibus
1301 1374 1453 1415 missos
1473 1388 1564 1416 esse

120 1438 302 1492 legatos,
338 1435 410 1492 qui
448 1450 547 1476 cum
583 1435 827 1490 reipublicae
864 1433 1022 1474 nullam
1053 1446 1254 1487 umquam
1297 1439 1460 1486 partem
1499 1440 1564 1472 at-

121 1493 332 1548 tigissent,
352 1501 547 1547 essetque
574 1505 721 1532 eorum
751 1491 858 1531 alter
876 1489 1124 1545 Cyrenaeus,
1157 1488 1263 1529 alter
1288 1487 1566 1544 Babylonius,

123 1564 355 1605 numquam
390 1549 584 1604 profecto
617 1547 773 1588 scholis
805 1556 945 1587 essent
979 1545 1163 1595 excitati,
1203 1559 1339 1600 neque
1373 1544 1427 1586 ad
1462 1544 1567 1586 illud

121 1618 276 1648 munus
297 1605 435 1655 electi,
453 1605 532 1646 nisi
553 1605 595 1645 in
616 1603 867 1660 quibusdam
890 1602 1165 1658 principibus,
1183 1602 1449 1657 temporibus
1470 1601 1567 1652 illis,

122 1663 300 1704 fuissent
319 1662 460 1704 studia
481 1661 698 1703 doctrinae.
731 1660 803 1717 qui
833 1674 932 1700 cum
963 1668 1104 1700 cetera
1133 1658 1283 1700 litteris
1303 1657 1567 1709 mandarent,

120 1720 192 1761 alii
207 1720 279 1776 jus
297 1718 431 1769 civile,
448 1719 517 1760 alii
535 1719 744 1759 orationes
763 1731 872 1767 suas,
890 1715 959 1757 alii
984 1724 1020 1749 10
1035 1724 1312 1756 monumenta
1330 1716 1542 1770 majorum
1559 1731 1568 1755 :

122 1776 231 1818 hanc
253 1776 554 1831 amplissimam
577 1775 768 1816 omnium
798 1774 951 1814 artium
981 1773 1090 1814 bene
1117 1772 1280 1813 vivendi
1300 1771 1567 1828 disciplinam

123 1834 208 1874 vita
228 1833 380 1888 magis,
401 1847 528 1888 quam
551 1832 698 1872 litteris
729 1830 939 1887 persecuti
970 1839 1081 1871 sunt.
1142 1830 1292 1886 Itaque
1313 1829 1424 1870 illius
1446 1843 1606 1882 verae,5

122 1890 414 1946 elegantisque
437 1888 734 1944 philosophiae,
768 1903 862 1943 quae
891 1887 1019 1928 ducta
1040 1901 1064 1927 a
1084 1887 1259 1928 Socrate
1289 1886 1332 1927 in
1356 1887 1567 1941 Peripate·
1596 1893 1599 1896 ’

123 1947 217 1988 ticis
238 1946 376 1987 adhuc
396 1947 640 2001 permansit,
661 1955 704 1986 et
723 1945 835 1986 idem
867 1945 948 1985 alio
977 1943 1108 1984 modo
1141 1943 1378 1985 dicentibus
1399 1943 1569 1994 Stoicis,

124 2017 222 2044 cum
244 2003 492 2044 Academici
520 2016 665 2043 eorum
698 2001 1000 2042 controversias
1032 2001 1329 2056 disceptarent,
1348 2000 1464 2040 nulla
1484 2000 1570 2040 fere
1602 2020 1606 2024 ·

126 2069 239 2110 sunt,
261 2069 333 2100 aut
353 2074 489 2114 pauca
515 2058 746 2099 admodum
779 2058 931 2098 Latina
960 2067 1252 2107 monumenta,
1272 2057 1369 2097 >sive
1399 2065 1572 2112 propter

127 2116 469 2172 magnitudinem
522 2130 678 2165 rerum,
733 2115 1145 2170 occupationemque
1196 2113 1436 2164 hominum,
1485 2113 1569 2155 sive
1581 2124 1613 2155 b.

126 2174 270 2224 etiam,
301 2173 417 2229 quod
446 2172 649 2227 imperitis
680 2187 729 2212 ea
764 2171 935 2227 probari
966 2185 1088 2226 posse
1119 2185 1203 2211 non
1231 2170 1570 2211 arbitrabantur:

127 2243 226 2271 cum
249 2229 434 2281 interim,
464 2229 545 2270 illis
577 2229 796 2270 silentibus
830 2227 881 2268 C.
900 2227 1140 2269 Amafinius
1163 2236 1197 2258 11
1211 2227 1370 2268 exstitit
1401 2226 1570 2267 dicens:

171 2351 190 2374 4
214 2351 314 2374 cantus
325 2344 424 2384 fuisse
447 2344 594 2382 rescriptas
617 2354 720 2373 vocum
737 2341 826 2383 sonis]
875 2343 953 2373 Mss.
970 2343 1063 2372 Paris.
1081 2349 1112 2372 et
1128 2342 1176 2372 ed.
1198 2349 1261 2372 vet.
1284 2349 1330 2372 est
1347 2341 1572 2382 Pythagoreum,

130 2387 279 2427 rescriptos
302 2388 422 2418 habent
442 2387 521 2417 Mss.
537 2394 567 2416 et
582 2388 652 2417 edd.
670 2393 742 2417 vett.
760 2397 829 2426 pro·
875 2387 904 2415 id
922 2387 1033 2425 recepi.

131 2429 171 2460 bo
184 2429 214 2460 J.
230 2430 279 2460 Fr.
298 2431 449 2461 Gronovii
463 2431 692 2460 correctionem
705 2430 830 2468 descrip-
918 2435 934 2459 8
958 2429 1037 2457 dicta
1053 2427 1088 2457 ab
1105 2426 1177 2466 illis]
1198 2427 1294 2457 Recte
1309 2427 1458 2457 Davisius
1473 2426 1573 2464 ducta,

133 2479 172 2502 tos
188 2483 228 2503 ex
243 2474 331 2504 Livio
345 2474 422 2511 vu,
436 2481 463 2504 1.
474 2473 613 2513 descripto
629 2473 669 2502 ad
683 2473 829 2502 tibicinem
872 2473 958 2512 quod
973 2479 1103 2502 secutus
1118 2481 1206 2501 sum.
1221 2472 1266 2501 sic
1283 2470 1347 2501 Ms.
1365 2470 1473 2500 Guelf.

131 2523 229 2546 cantu.
916 2523 933 2547 9
952 2513 1107 2554 peperisse]
1138 2514 1286 2544 Davisius
1311 2515 1458 2553 reperisse,
1487 2512 1573 2552 quod

175 2566 191 2590 5
203 2558 284 2598 fides
307 2558 493 2599 praecinunt]
530 2559 580 2589 De
610 2568 642 2588 re
671 2559 829 2600 praeterita
872 2557 989 2588 melius
1006 2558 1171 2598 respondet
1187 2558 1227 2595 τῷ
1243 2556 1384 2590 didicisse,
1401 2557 1458 2587 etsi
1471 2557 1509 2586 de
1526 2557 1574 2585 in-

131 2611 235 2633 sermo
250 2608 305 2631 est.
322 2611 395 2641 ergo
408 2601 634 2641 praecinuerunt.
871 2601 1020 2631 ventione
1030 2608 1137 2641 parere
1159 2607 1190 2631 et
1209 2600 1330 2640 gignere
1353 2600 1511 2638 eleganter
1527 2600 1572 2629 di-

176 2649 194 2674 6
217 2643 288 2674 mihi
320 2645 434 2687 quidem
464 2643 564 2683 etiam]
599 2644 710 2675 Delevi
741 2644 829 2675 etiam
872 2645 966 2675 citur.

132 2687 313 2718 auctoribus
343 2688 422 2718 Mss.
452 2697 502 2726 ap.
539 2688 650 2718 Davis.
689 2695 720 2718 et
755 2689 831 2728 quia
920 2695 959 2720 10
981 2694 1160 2716 monumenta
1191 2682 1347 2726 majorum]
1381 2686 1401 2715 i.
1428 2694 1455 2715 e.
1484 2693 1529 2713 res
1556 2692 1574 2712 a

132 2739 238 2760 rursus
254 2737 299 2760 est
314 2731 347 2760 in
361 2738 511 2770 sequente
528 2738 728 2770 argumento.
874 2731 1048 2768 majoribus
1065 2737 1166 2769 gestas
1183 2737 1213 2759 et
1229 2728 1384 2759 memoria
1399 2728 1520 2766 dignas.

177 2778 192 2807 7
234 2772 475 2813 Pythagoreorum
519 2773 651 2813 videtur]
698 2775 830 2813 Semper
919 2781 953 2803 11
980 2773 1093 2802 exstitit
1116 2771 1224 2810 dicens]
1250 2772 1343 2801 dicens
1368 2770 1451 2800 delet
1482 2771 1574 2799 Lam-

134 2814 213 2845 mihi
240 2815 398 2855 displicuit
425 2816 666 2857 Pythagoreorum
695 2817 770 2857 quia
797 2817 829 2846 in
874 2817 980 2847 binus.
1003 2813 1095 2848 Certe
1111 2816 1243 2846 offendit
1258 2814 1441 2854 paululum.
1466 2813 1576 2842 Cicero
