1778 3095
191 106 270 147 298
550 99 804 139 TUSCUL.
835 101 1289 140 QUAESTIONUM

193 218 240 247 se
270 204 380 246 mori
410 204 590 256 malunt,
625 219 753 261 quam
790 214 955 248 tantum
992 207 1122 250 modo
1156 207 1210 249 de
1245 206 1462 263 dignitatis
1495 208 1631 264 gradu

130 273 182 313 59
195 261 421 303 demoveri.
479 261 708 317 Fulgentes
733 262 899 318 gladios
930 264 1118 306 hostium
1147 265 1345 306 videbant
1374 264 1514 315 Decii,
1532 279 1631 307 cum

193 318 239 360 in
277 318 409 360 aciem
451 333 597 360 eorum
635 319 863 361 irruebant.
900 321 965 362 his
1003 321 1165 363 levabat
1204 336 1375 362 omnem
1413 321 1632 362 vulnerum

195 385 358 418 metum
381 376 578 417 nobilitas
600 376 762 427 mortis,
780 385 822 417 et
840 377 990 431 gloria.
1017 387 1028 409 1
1048 394 1149 419 num
1172 388 1219 420 tu
1244 376 1498 434 ingemuisse
1519 378 1632 433 Epa-

63 456 95 488 ρ.
112 432 443 478 1se.minondam
465 441 603 488 putas,
624 447 721 473 cum
751 447 835 473 una
854 448 953 475 cum
979 436 1184 490 sanguine
1202 435 1330 476 vitam
1350 433 1518 475 effluere
1537 448 1633 475 sen-

151 490 320 532 ³·tiret?
354 489 631 545 imperantem
660 488 771 530 enim
801 491 980 543 patriam
1001 492 1334 533 Lacedaemoniis
1354 490 1633 546 relinquebat,

194 561 322 602 quam
343 555 562 601 acceperat
590 545 850 586 servientem.
884 547 976 588 haec
1005 556 1102 588 sunt
1129 549 1292 599 solatia,
1323 549 1414 589 haec
1444 548 1635 589 fomenta

194 617 459 645 summorum
481 601 692 643 dolorum.

112 673 182 723 25
250 659 396 709 Dices,
429 658 531 714 quid
563 659 605 699 in
638 659 770 713 pace?
810 656 910 713 quid
946 656 1094 700 domi?
1139 661 1241 715 quid
1273 661 1315 701 in
1347 661 1535 702 lectulo?
1579 659 1635 701 ad

195 716 474 772 philosophos
505 729 573 755 me
604 728 786 764 revocas,
819 712 891 770 qui
926 713 968 754 in
998 713 1131 756 aciem
1163 732 1247 757 non
1279 732 1391 773 saepe
1410 717 1634 773 prodeunt.

132 775 232 814 60E
265 773 418 828 quibus
452 772 584 812 homo
621 785 720 812 sane
755 771 854 812 levis
891 770 1164 813 Heracleotes
1195 773 1444 830 Dionysius,
1477 788 1576 814 cum
1609 788 1634 814 a

196 831 371 872 Zenone
401 828 522 868 fortis
552 842 643 868 esse
675 827 903 877 didicisset,
929 837 985 868 ‘2a
1017 828 1163 870 dolore
1196 830 1401 871 deductus
1431 839 1507 870 est.
1535 844 1633 871 nam

137 910 140 912 ·
193 901 293 928 cum
324 900 375 926 ex
405 884 573 926 renibus
604 885 828 935 laboraret,
861 886 953 940 ipso
986 885 1028 925 in
1063 886 1223 942 ejulatu
1254 886 1511 937 clamitabat,
1532 886 1637 926 falsa

194 957 287 983 esse
326 941 413 992 illa,
449 957 543 997 quae
580 950 702 982 antea
740 941 792 982 de
828 941 975 982 dolore
1007 943 1097 997 ipse
1133 943 1342 984 sensisset.
1376 957 1503 998 quem
1538 956 1643 983 cum.

197 998 428 1039 Cleanthes
448 997 761 1054 condiscipulus
783 1007 966 1053 rogaret,
997 1014 1193 1054 quaenam
1214 1000 1320 1041 ratio
1342 1014 1440 1040 eum
1462 999 1514 1040 de
1536 1013 1633 1039 sen-

194 1055 330 1097 tentia
368 1054 623 1104 deduxisset,
661 1055 892 1110 respondit,
924 1056 1086 1112 ssQuia,
1131 1071 1228 1096 cum
1278 1065 1443 1097 tantum
1494 1069 1634 1110 operae

193 1111 474 1168 philosophiae
508 1111 732 1162 dedissem,
768 1111 958 1152 dolorem
991 1122 1132 1152 tamen
1166 1113 1271 1153 ferre
1312 1128 1396 1153 non
1436 1126 1632 1167 possem:

194 1169 294 1211 satis
317 1177 428 1209 esset
449 1169 703 1223 argumenti,
726 1168 886 1208 malum
915 1182 1006 1208 esse
1040 1168 1245 1209 dolorem.
1266 1169 1472 1224 plurimos
1493 1178 1636 1209 autem

193 1240 325 1267 annos
356 1225 398 1266 in
427 1224 698 1280 philosophia
729 1224 958 1273 consumsi,
991 1238 1067 1265 nec
1103 1225 1211 1265 ferre
1245 1240 1444 1280 possum:
1474 1224 1636 1266 malum

193 1290 258 1323 est
285 1282 416 1337 igitur
448 1281 584 1321 dolor.
642 1282 752 1321 Tum
788 1280 1056 1331 Cleanthem,
1087 1296 1184 1322 cum
1216 1282 1323 1337 pede
1351 1290 1505 1323 terram
1541 1295 1636 1337 per·

194 1339 409 1388 cussisset,
428 1352 591 1378 versum
614 1351 664 1378 ex
686 1337 891 1393 Epigonis
913 1337 1053 1379 ferunt
1071 1338 1225 1379 dixisse

302 1430 455 1468 Audlsne
473 1430 546 1468 haec
565 1430 786 1481 Amphiaraii,
806 1430 869 1467 sub
890 1440 1014 1468 terram
1033 1431 1148 1469 abdite
1163 1435 1185 1468 ,θ

132 1512 179 1548 61
197 1507 414 1548 Zenonem
439 1505 727 1560 significabat:
757 1520 782 1545 a
801 1520 885 1560 quo
907 1506 1025 1546 illum
1058 1506 1311 1561 degenerare
1331 1504 1517 1547 dolebat.
1549 1505 1639 1546 ·-At

196 1579 280 1605 non
302 1573 443 1604 noster
465 1562 739 1604 Posidonius:
773 1577 899 1617 quem
921 1572 963 1603 et
983 1564 1072 1618 ipse
1104 1577 1215 1618 saepe
1245 1562 1342 1613 vidi,
1362 1572 1403 1603 et
1425 1561 1466 1602 id
1483 1561 1637 1612 dicam,

195 1620 311 1676 quod
332 1619 496 1661 solebat
523 1634 688 1659 narrare
721 1620 976 1674 Pompeius:
1010 1634 1068 1670 se,
1096 1634 1195 1660 cum
1229 1619 1426 1660 Rhodum
1458 1618 1638 1659 venisset

195 1676 403 1719 decedens
438 1690 490 1716 ex
524 1676 658 1731 Syria,
696 1675 840 1716 audire
875 1676 1056 1717 voluisse
1093 1675 1394 1717 Posidonium:
1428 1675 1500 1715 sed
1537 1689 1636 1715 cum

195 1733 438 1783 audivisset,
458 1747 556 1773 eum
583 1732 766 1788 graviter
790 1746 879 1773 esse
907 1747 1085 1788 aegrum,
1120 1732 1235 1788 quod
1256 1732 1527 1773 vehementer
1546 1731 1639 1787 ejus

195 1799 312 1832 artus
332 1789 587 1840 laborarent,
614 1789 796 1830 voluisse
824 1798 966 1830 tamen
996 1789 1302 1830 nobilissimum
1333 1787 1638 1844 philosophum

195 1847 351 1889 visere:
394 1856 552 1902 4quem
594 1854 641 1886 ut
674 1846 858 1896 vidisset,
906 1855 947 1886 et
996 1846 1273 1896 salutavisset,
1309 1844 1638 1900 honorificisque

195 1904 332 1945 verbis
362 1912 612 1959 prosecutus
645 1912 767 1954 esset,
801 1903 1064 1958 molesteque
1097 1917 1140 1943 se
1173 1903 1345 1943 dixisset
1374 1902 1497 1953 ferre,
1522 1900 1638 1957 quod

195 1975 295 2002 eum
316 1975 399 2001 non
420 1968 563 2015 posset
584 1959 727 2000 audire
742 1975 754 2011 3
785 1959 933 2010 atille,
962 1960 1029 2000 Tu
1058 1974 1170 2012 vero,
1201 1959 1351 2015 inquit,
1382 1967 1529 2014 potes:
1561 1971 1639 1998 nec

196 2017 480 2067 committam,
509 2025 557 2057 ut
586 2016 709 2057 dolor
738 2016 927 2071 corporis
959 2016 1126 2067 efficiat,
1161 2026 1209 2058 ut
1240 2016 1394 2057 frustra
1415 2023 1556 2056 tantus
1577 2014 1638 2055 vir

197 2073 252 2115 ad
282 2088 351 2114 me
381 2073 550 2114 venerit.
611 2074 762 2128 Itaque
796 2073 1004 2124 narrabat,
1036 2087 1133 2114 eum
1165 2073 1362 2129 graviter,
1392 2080 1435 2113 et
1465 2070 1639 2127 copiose

197 2130 250 2171 de
271 2130 353 2172 hoc
383 2130 491 2185 ipso,
524 2129 629 2170 nihil
664 2144 753 2170 esse
787 2130 964 2180 bonum,
1003 2130 1081 2171 nisi
1116 2129 1230 2185 quod
1262 2129 1490 2170 honestum
1512 2135 1636 2178 esset,

153 2196 186 2227 b.
198 2187 425 2230 cubantem
460 2186 759 2242 disputavisse:
791 2201 976 2243 cumque
1009 2186 1128 2242 quasi
1165 2187 1278 2227 faces
1308 2186 1346 2226 ei
1375 2185 1532 2226 doloris
1562 2183 1637 2225 ad·-

196 2323 265 2353 edd.
283 2329 401 2352 veteres
421 2329 451 2352 et
474 2322 537 2352 Ms.
555 2321 664 2351 Guelf.
689 2322 766 2351 item
782 2320 853 2350 mori
869 2330 896 2349 se

197 2365 321 2395 malunt.
347 2366 445 2396 Aldus
462 2365 587 2395 induxit
603 2364 770 2403 vulgatum
784 2365 895 2394 hodie:

197 2408 251 2437 vel
263 2408 399 2444 sentiunt,
416 2408 465 2437 sed
478 2408 549 2437 mori
565 2407 676 2437 malunt
693 2419 703 2436 .·
726 2408 812 2447 quod
828 2417 897 2447 pro-

198 2451 262 2482 bari
281 2461 346 2481 non
364 2458 475 2490 potest.

246 2501 257 2523 1
284 2505 351 2522 num
365 2492 536 2533 tu-putas]
564 2500 597 2522 tu
620 2502 674 2532 pro
689 2492 820 2533 vulgato
836 2500 897 2522 tum

199 2537 296 2567 edidit
312 2537 460 2567 Davisius
476 2537 569 2566 bene.

243 2587 260 2610 2
285 2592 304 2608 a
332 2579 424 2609 dolore
460 2579 595 2608 deductus
634 2577 692 2618 est]
734 2578 896 2608 Bentleius

198 2623 335 2653 correxit
364 2623 493 2651 dedoctus
529 2628 581 2657 est,
617 2621 779 2659 ingeniose
807 2631 894 2651 sane.

194 2671 275 2696 flam
290 2666 352 2695 hoc
368 2666 449 2696 bene
464 2666 634 2704 opponitur
648 2664 735 2694 alteri
751 2676 770 2693 a
785 2665 896 2694 Zenone

199 2708 354 2738 didicisset.

244 2758 262 2782 ὃ
287 2750 366 2781 Quia
397 2749 650 2784 cum—dedissem,
682 2749 710 2780 d.
742 2756 763 2779 t.
777 2750 812 2789 f.
842 2760 896 2778 non

199 2802 318 2834 possem,
342 2793 413 2823 satis
437 2800 506 2823 esset
530 2805 595 2832 arg.
620 2791 695 2832 δια]
719 2793 821 2822 Locus
842 2793 895 2822 hic

202 2848 266 2868 non
281 2839 360 2868 bene
372 2837 520 2867 cohaeret.
563 2836 708 2875 Conjeci‚
722 2836 895 2876 legendum

939 2330 1007 2351 esse
1019 2332 1026 2349 t
1039 2320 1075 2350 Si
1088 2319 1328 2361 quis—dedisset,
1340 2319 1458 2358 d.ferre
1468 2329 1520 2347 non
1526 2324 1619 2357 posset
1627 2330 1638 2348 ι

941 2365 1035 2403 idque
1065 2370 1142 2402 puto
1172 2363 1288 2392 melius
1326 2372 1392 2392 esse
1429 2361 1636 2392 Bentleianoz

941 2405 1298 2447 Quicumque—dedisset,
1328 2404 1448 2433 dolorem
1483 2411 1579 2433 tamen
1603 2404 1639 2444 f:

942 2460 994 2478 non
1021 2455 1123 2488 posset.
1170 2449 1241 2478 Hoc
1269 2449 1399 2486 quidem
1425 2454 1548 2477 certum
1578 2453 1639 2484 est,

942 2493 973 2521 in
991 2493 1040 2522 his
1056 2493 1093 2521 de
1109 2492 1265 2530 Dionysio
1281 2501 1345 2520 non
1362 2501 1427 2521 esse
1443 2500 1641 2520 sermonem.

940 2535 1044 2565 Debet
1059 2536 1147 2565 enirn
1164 2536 1216 2564 hic
1234 2544 1280 2564 res
1305 2535 1449 2564 universe
1468 2533 1640 2563 enunciata

941 2587 1016 2608 esse.

983 2629 1001 2650 4
1025 2627 1154 2662 quemn!
1166 2620 1366 2649 vidisset—at
1390 2618 1452 2655 ille,
1478 2619 1520 2648 Tu
1543 2629 1576 2648 v.
1593 2618 1640 2647 in-

940 2662 1020 2705 quit]
1042 2664 1119 2693 Haec
1136 2673 1200 2693 non
1213 2664 1388 2699 cohaerent,
1406 2671 1464 2691 nec
1480 2667 1555 2691 sunt
1571 2661 1640 2690 sine

939 2707 1026 2737 vitio.
1072 2707 1216 2736 Primum
1242 2706 1372 2745 legerim
1403 2715 1485 2745 quem
1509 2715 1572 2733 cum
1588 2704 1641 2733 vi-

938 2750 1025 2779 disset
1049 2759 1126 2779 nam
1151 2756 1183 2778 ut
1208 2749 1348 2788 postulat
1371 2747 1502 2777 viderit:
1526 2747 1641 2776 deinde

937 2803 993 2832 pro
1022 2799 1055 2822 at
1081 2792 1144 2829 ille,
1168 2799 1230 2822 tum
1257 2791 1341 2821 illum
1371 2790 1474 2822 deleto
1496 2797 1565 2830 post
1594 2789 1640 2818 ivi·

938 2842 1015 2877 qur!-
