1778 3095
262 112 340 144 384
605 106 864 144 TUSCUL.
905 105 1359 145 QUAESTIONUM

259 212 390 264 dabit,
429 213 616 270 inquam,
653 229 696 255 se
733 215 774 256 in
814 223 1025 256 tormenta
1057 214 1142 256 vita
1175 214 1322 255 beata:
1354 226 1429 254 nec
1460 212 1688 270 justitiam,

258 271 594 325 temperantiam,
634 271 674 311 in
721 271 951 328 primisque
998 271 1306 320 fortitudinem,
1353 270 1689 325 magnitudinem

257 326 401 378 animi,
425 327 699 383 opatientiam
729 337 962 384 prosecuta,
992 343 1088 369 cum
1120 328 1289 369 tortoris
1320 341 1367 367 os
1397 326 1556 378 viderit,
1586 341 1688 368 con-

257 382 405 425 sistet:
449 385 754 440 virtutibusque
792 385 988 425 omnibus
1026 384 1114 425 sine
1153 384 1241 425 ullo
1275 383 1402 424 animi
1443 392 1598 424 terrore
1636 383 1690 424 ad

256 440 491 482 cruciatum
514 441 726 496 profectis,
747 442 909 482 resistet
927 450 1043 481 extra
1063 441 1187 491 fores,
1214 444 1278 493 (ut
1298 448 1393 481 ante
1413 439 1513 492 dixi)
1537 439 1688 480 limen-

258 511 340 552 que
359 497 550 538 carceris.
582 497 681 553 quid
712 497 823 538 enim
853 511 901 537 ea
931 497 1098 547 foedius,
1129 497 1230 553 quid
1252 496 1479 538 deformius
1506 496 1594 537 sola
1623 510 1690 536 re-

257 553 371 603 licta,
390 553 595 594 comitatu
615 553 869 609 pulcerrimo
886 562 1108 608 segregata
1127 555 1141 594 ?
1174 553 1288 609 quod
1305 564 1444 594 tamen
1466 553 1552 593 fieri
1572 552 1689 593 nullo

257 618 382 664 pacto
417 619 570 665 potest.
611 624 687 650 nec
726 610 836 650 enim
877 610 1047 650 virtutes
1082 610 1169 649 sine
1209 610 1333 650 beata
1363 610 1445 650 vita
1475 609 1688 650 eohaerere

194 675 447 721 elpossunt,
488 681 563 707 nec
599 666 670 706 illa
704 666 791 707 sine
826 666 1060 706 virtutibus.
1121 667 1268 721 Itaque
1302 681 1393 706 eam
1429 665 1690 721 tergiversari

256 737 339 764 non
357 723 508 773 sinent,
530 736 759 777 secumque
780 722 941 777 rapient
957 722 1010 762 ad
1031 736 1344 777 quemcumque
1362 723 1461 777 ipsae
1477 722 1685 772 dolorem,

195 803 198 805 Δ
254 779 572 834 cruciatumque
593 778 814 819 ducentur.
848 778 1045 833 sapientis
1071 788 1134 819 est
1162 778 1271 818 enim
1294 779 1537 834 proprium3
1569 777 1687 828 nihil,

257 844 295 868 10
309 834 424 891 quod
465 834 669 889 poenitere
707 835 854 890 possit,
891 835 1042 885 facere,
1082 834 1182 875 nihil
1221 833 1423 875 invitum:
1455 833 1687 890 splendide,

253 899 510 942 constanter,
549 891 742 946 graviter,
783 891 959 933 honeste
996 891 1166 932 omnia:
1195 889 1298 931 nihil
1337 891 1395 932 ita
1432 900 1685 946 exspectare,

253 948 368 1005 quasi
392 957 507 988 certo
538 949 754 998 futurum3
787 947 903 999 nihil,
934 964 1031 989 cum
1063 947 1274 997 acciderit,
1305 946 1515 998 admirari,
1545 957 1593 988 nt
1622 947 1686 988 in-

252 1005 470 1059 opinatum
502 1019 550 1045 ac
580 1019 733 1045 novum
765 1004 965 1045 accidisse
996 1004 1209 1045 videatur:
1242 1004 1384 1044 omnia
1401 1003 1455 1044 ad
1475 1018 1598 1044 suum
1619 1017 1686 1044 ar-

251 1061 425 1102 bitrium
458 1062 633 1102 referre:
665 1062 749 1102 suis
778 1070 887 1102 stare
910 1061 1098 1117 judiciis,
1157 1062 1257 1102 Quo
1289 1060 1389 1116 quid
1419 1060 1473 1101 sit
1506 1059 1686 1110 beatius,

189 1133 238 1166 82
252 1117 358 1158 mihi
379 1126 492 1158 certe
511 1118 552 1158 in
573 1127 759 1158 mentem
779 1118 915 1159 venire
937 1133 1020 1159 non
1040 1126 1193 1173 potest.
1252 1117 1490 1157 Stoicorum
1514 1115 1684 1172 quidem

252 1174 386 1216 facilis
408 1174 624 1215 conclusio
645 1184 733 1215 est:
767 1174 838 1230 qui
859 1189 957 1215 cum
978 1174 1102 1215 finem
1133 1174 1343 1214 bonorum
1360 1187 1451 1214 esse
1469 1172 1685 1221 senserint,

250 1245 486 1287 congruere
515 1239 688 1280 naturae,
719 1245 905 1286 cumque
936 1245 985 1271 ea
1014 1229 1308 1271 convenienter
1334 1229 1491 1270 vivere:
1522 1243 1621 1270 cum
1642 1228 1685 1270 id

250 1287 304 1329 sit
343 1288 439 1328 11in
480 1287 666 1343 sapiente
703 1287 846 1337 situm,
885 1301 969 1328 non
1008 1286 1147 1328 officio
1187 1285 1342 1337 solum,
1381 1299 1521 1326 verum
1556 1285 1683 1326 etiam

206 1363 237 1394 b.
249 1352 485 1399 potestate:
519 1352 716 1399 sequatur
745 1358 914 1384 necesse
944 1353 1022 1395 est,
1054 1351 1101 1384 ut
1130 1343 1251 1400 cujus
1276 1342 1319 1383 in
1337 1350 1546 1398 potestate
1568 1356 1684 1382 sum-

249 1415 368 1442 mum
387 1401 563 1451 bonum,
584 1401 626 1440 in
647 1398 837 1456 ejusdem
858 1400 941 1442 vita
960 1400 1085 1441 beata
1109 1400 1175 1441 sit.
1236 1400 1303 1440 Ita
1332 1400 1378 1440 fit
1407 1413 1572 1454 semper
1600 1397 1684 1438 vita

247 1457 373 1498 beata
402 1457 614 1512 sapientis.
673 1457 836 1508 Habes,
866 1472 961 1513 quae
991 1457 1217 1498 fortissime
1247 1456 1301 1497 de
1331 1456 1454 1497 beata
1484 1455 1568 1496 vita
1601 1453 1683 1496 dici

246 1522 408 1569 putem,
430 1523 486 1564 et,
506 1529 592 1569 quo
612 1514 744 1555 modo
764 1528 875 1555 nunc
896 1522 974 1565 est,
996 1513 1072 1555 nisi
1100 1514 1202 1569 quid
1232 1521 1279 1554 tu
1307 1513 1456 1554 melius
1477 1510 1683 1562 attuleris,

246 1579 374 1612 etlam
396 1584 622 1612 Verlsslme.

163 1629 235 1685 29
302 1629 358 1668 Α.
381 1627 540 1668 Melius
566 1626 814 1694 12equidern
855 1626 1000 1667 afferre
1039 1624 1142 1665 nihil
1180 1639 1381 1681 possum:
1415 1632 1451 1656 13
1466 1624 1538 1666 sed
1577 1639 1602 1664 a
1639 1632 1682 1664 te

249 1684 525 1740 (impetrarim
561 1684 754 1734 libenter,
780 1683 859 1725 nisi
893 1682 1119 1723 molestum
1156 1682 1223 1731 sit,
1258 1681 1458 1737 quoniam
1491 1690 1532 1722 te
1566 1680 1681 1722 nulla

243 1741 410 1782 vincula
425 1740 662 1796 impediunt
682 1739 808 1781 ullius
833 1748 958 1780 certae
987 1738 1233 1793 disciplinae,
1261 1739 1450 1794 libasque
1470 1752 1522 1779 ex
1541 1737 1680 1779 omni-

241 1797 339 1848 bus,
372 1797 671 1854 quodcumque
699 1806 740 1838 te
770 1796 951 1837 maxime
982 1795 1118 1850 specie
1148 1795 1331 1836 veritatis
1359 1804 1529 1835 movet:
1561 1793 1680 1849 quod

241 1854 387 1909 paullo
427 1862 523 1895 ante
559 1853 870 1909 Peripateticos,
908 1861 1172 1906 veteremque
1204 1851 1481 1892 Academiam
1521 1849 1681 1891 hortari

243 1910 449 1962 videbare,
465 1920 515 1952 ut
531 1911 620 1952 sine
633 1909 926 1951 retractatione
942 1909 1073 1949 libere.
1086 1908 1225 1949 dicere
1238 1908 1453 1958 auderent,
1472 1907 1679 1962 sapientes

242 1981 334 2009 esse
351 1981 514 2023 semper
533 1967 830 2019 beatissimos‚)
854 1965 896 2005 id
917 1965 1037 2005 velim
1059 1964 1216 2015 audire,
1235 1964 1596 2020 quemadmodum
1613 1962 1678 2004 his

242 2032 364 2079 putes
396 2033 723 2065 consentaneum
752 2037 842 2064 esse
875 2021 918 2062 id
946 2021 1097 2062 dicere.
1130 2022 1265 2062 multa
1292 2022 1404 2062 enim
1424 2037 1448 2062 a
1467 2029 1509 2062 te
1530 2029 1678 2062 contra

243 2081 367 2122 istam
397 2081 644 2122 sententiam
666 2079 780 2121 dicta
799 2088 910 2129 sunt,
938 2087 982 2119 et
1012 2079 1252 2119 Stoicorum
1285 2078 1444 2119 ratione
1464 2077 1675 2118 conclusa.

182 2144 229 2178 83
244 2138 311 2178 Μ.
334 2138 520 2178 Utamur
538 2137 669 2192 igitur
697 2136 919 2176 libertate:
950 2150 1034 2190 qua
1061 2135 1182 2175 nobis
1214 2135 1313 2175 solis
1340 2135 1382 2175 in
1407 2133 1676 2189 philosophia

242 2193 341 2235 licet
360 2195 449 2235 uti:
481 2208 663 2250 quorum
698 2193 833 2234 oratio
868 2191 972 2232 nihil
1000 2191 1091 2247 ipsa
1113 2191 1294 2248 judicat,
1325 2190 1397 2233 sed
1426 2191 1605 2231 habetur
1631 2189 1674 2230 in

285 2341 303 2365 9
323 2332 498 2373 patientiam
516 2328 684 2371 prosecuta]
714 2331 753 2360 Et
776 2340 822 2359 res
841 2330 935 2368 jubet

243 2375 343 2414 legere
360 2375 537 2414 patientiam
560 2384 614 2414 pro
638 2372 724 2412 vulg.
740 2372 889 2412 patientia
905 2380 934 2402 et

241 2418 321 2448 Mss.
333 2419 465 2457 quidam
481 2419 511 2448 id
523 2419 655 2453 habent,
673 2417 749 2446 item
762 2416 832 2446 edd.
844 2423 933 2452 vett„

241 2467 276 2490 ut
291 2461 306 2490 J
312 2469 380 2491 unt.
396 2462 469 2490 Ald.

288 2511 325 2534 ιο
349 2504 423 2544 quod
441 2503 582 2543 paenitere
603 2500 706 2540 possit]
736 2511 767 2531 v.
789 2499 878 2529 Clav.
903 2501 932 2529 in

238 2546 386 2585 poenitere.
416 2556 482 2576 non
512 2552 575 2576 erat
597 2553 694 2584 quare
724 2543 834 2573 Lamb.
868 2552 935 2572 cor-

240 2590 350 2628 rigeret
365 2588 455 2628 cujus.

283 2638 318 2662 11
345 2631 375 2660 in
390 2631 517 2671 sapiente
532 2627 632 2668 situm]
650 2629 703 2658 Sic
720 2628 790 2658 libri
808 2637 932 2658 omnes.

239 2674 414 2705 Lambinus
438 2673 571 2704 correxit
592 2671 740 2711 sapientis,
771 2672 856 2710 quod
886 2681 933 2701 se—

237 2725 330 2747 cutus
356 2724 402 2746 est
425 2717 572 2747 Davisius
601 2716 650 2745 ed.
682 2721 712 2744 2.
742 2723 858 2753 nempe
888 2724 935 2744 re-

237 2761 355 2790 ferebat
380 2761 418 2790 ad
445 2758 533 2800 qfficio
559 2765 589 2787 et
606 2763 748 2798 potestate
779 2758 933 2797 inprimis.

238 2803 491 2887 plicf'equmem]
509 2845 590 2874 Mss.
605 2843 737 2882 quidam
753 2843 797 2873 sic
814 2843 934 2873 habent

978 2339 1032 2369 pro
1048 2330 1176 2369 vulgato
1193 2329 1317 2370 quidem.
1334 2335 1425 2358 recte.

1025 2379 1060 2403 13
1084 2372 1134 2401 sed
1156 2385 1174 2401 a
1201 2379 1228 2401 te
1253 2370 1433 2410 impetrarim
1459 2369 1592 2407 libenter,
1620 2367 1671 2410 ut]

979 2417 1081 2445 Locus
1100 2416 1272 2445 intricatus.
1297 2424 1374 2443 narn
1395 2414 1492 2443 oratio
1509 2422 1573 2442 non
1590 2413 1670 2442 bene

980 2460 1127 2488 eohaeret.
1173 2458 1317 2488 Primum
1333 2456 1432 2486 delevi
1449 2465 1526 2486 cum
1543 2456 1672 2486 Davisio

980 2508 1021 2531 ut.
1038 2503 1112 2540 quia
1127 2502 1153 2530 ei
1171 2502 1202 2530 in
1218 2510 1304 2539 seqq.
1322 2499 1364 2529 ni]
1388 2499 1562 2539 respondet.
1582 2499 1670 2530 Tum

979 2545 1056 2574 Mss.
1082 2545 1212 2583 quidam
1235 2551 1265 2573 et
1287 2543 1356 2572 edd.
1379 2550 1453 2572 vett.
1477 2542 1596 2572 habent
1617 2542 1673 2571 im-

971 2593 1090 2625 petrare
1113 2586 1232 2615 libenter
1254 2585 1358 2622 velim,
1382 2586 1468 2624 quod
1491 2592 1521 2614 et
1543 2591 1671 2615 secutus

977 2637 1022 2660 est
1036 2630 1201 2659 Buherius.
1226 2630 1278 2659 sed
1297 2638 1336 2658 ne
1359 2630 1403 2658 sic
1427 2629 1557 2667 quidem
1572 2628 1671 2658 oratio

977 2674 1125 2702 cohaeret.
1144 2673 1224 2702 mihi
1247 2673 1394 2702 videntur
1415 2681 1480 2702 esse
1504 2672 1536 2701 in
1559 2680 1670 2711 paren-

977 2716 1055 2746 thesi
1080 2716 1175 2745 verba
1198 2716 1236 2746 ab
1260 2713 1669 2754 impetrarim—beatissimos,

976 2767 1012 2789 ut
1027 2759 1206 2788 cohaereant
1221 2759 1291 2788 haec
1314 2770 1333 2787 a
1356 2765 1383 2786 te
1403 2757 1436 2786 id
1450 2756 1543 2786 velim
1557 2756 1670 2787 audire.

977 2801 1090 2832 malim
1120 2802 1215 2831 etiarn
1246 2801 1278 2830 id
1305 2800 1412 2838 deleri,
1448 2807 1504 2831 aut
1533 2800 1670 2834 alterum

977 2851 1049 2875 ante
1064 2844 1166 2874 dicere.
