1768 3095
248 73 324 115 170
553 68 626 105 DE
653 68 814 106 FINIB.
835 68 1035 107 BONOR.
1056 69 1125 109 ET
1152 70 1362 109 MALOR.

243 185 340 218 tura
361 175 509 228 valeat,
529 176 624 218 haec
643 190 727 219 una
746 177 938 234 cognitio
960 187 1102 235 potest
1119 178 1300 220 tradere.
1359 179 1455 220 Nec
1474 192 1569 220 vero
1590 177 1682 234 pie-

244 241 309 274 tas
329 232 527 275 adversus
545 233 661 285 deos,
685 249 760 275 nec
783 244 939 291 quanta
958 235 1024 277 his
1042 236 1181 292 gratia
1206 236 1422 286 debeatur,
1442 233 1530 276 sine
1549 235 1681 291 expli-

244 290 413 332 catione
434 300 595 332 naturae
619 290 802 347 intelligi
823 299 977 347 potest.

183 359 236 401 74
303 346 386 388 Sed
400 347 491 403 jam
514 348 650 388 sentio
671 362 740 388 me
770 363 861 389 esse
891 348 1062 404 longius
1094 359 1354 404 provectum,
1377 363 1501 404 quam
1524 361 1682 404 propo-

245 404 325 445 sita
353 404 460 445 ratio
491 404 738 458 postularet.
769 419 911 446 verum
942 405 1199 447 admirabilis
1221 405 1476 461 compositio
1495 403 1683 459 discipli·-

244 476 324 512 nae,
345 460 688 516 incredibilisque
709 475 849 501 rerum
879 462 1004 502 traxit
1034 462 1153 503 ordo.
1186 469 1224 495 26
1243 478 1352 519 quae,
1376 476 1448 518 per
1475 461 1577 502 deos
1602 461 1684 502 irn-

243 516 466 559 mortales!
501 531 641 557 nonne
660 516 851 558 miraris?
886 517 986 572 quid
1006 519 1120 559 enim
1140 529 1213 560 aut
1233 520 1274 560 in
1295 529 1456 570 natura,
1477 532 1561 574 qua
1581 516 1686 559 nihil

244 582 311 614 est
329 573 482 629 aptius,
505 573 610 613 nihil
630 573 896 628 descriptiuS,
918 584 991 615 aut
1011 575 1052 615 in
1073 576 1269 630 operibus
1291 590 1420 617 manu
1448 575 1569 616 factis
1594 583 1683 615 tam

245 630 547 686 compositum,
568 637 743 686 tamque
773 638 1060 685 compactum,
1080 640 1122 672 et
1142 641 1488 688 coagmentatum
1514 630 1688 673 inveniri

245 688 418 742 potest?
452 686 554 742 quid
583 687 794 742 posterius
825 687 954 742 priori
986 702 1069 728 non
1100 688 1323 729 convenit?
1358 688 1460 745 quid
1480 689 1685 744 sequitur,

245 743 362 799 quod
393 758 476 784 non
510 743 764 798 respondeat
797 744 1031 799 superiori?
1065 745 1168 800 quid
1199 760 1283 786 non
1309 745 1368 786 sic
1397 744 1512 786 aliud
1532 759 1583 785 ex
1601 743 1686 784 alio

246 800 444 850 nectitur,
466 808 514 840 ut
534 815 634 851 non,
655 807 692 836 27
713 801 747 841 si
768 816 897 842 unam
917 801 1101 842 litteram
1133 802 1326 853 moveris,
1347 802 1490 842 labent
1511 800 1683 842 omnia?

246 871 324 897 nec
348 865 489 898 tamen
510 856 739 912 quidquam
760 866 838 908 est,
860 866 899 890 28
917 857 1032 913 quod
1053 858 1209 900 moveri
1230 859 1378 914 possit.
1405 873 1531 913 quam
1549 856 1688 913 gravis

246 927 358 964 vero,
381 927 508 969 quam
531 914 770 969 magnifica,
790 930 917 971 quarn
941 924 1138 956 constans
1169 916 1392 956 conficitur
1420 929 1601 970 persona
1619 928 1687 955 sa-

246 970 432 1026 pientis?
467 970 554 1026 qui,
587 986 685 1012 cum
716 972 823 1012 ratio
855 971 1060 1022 docuerit,
1094 972 1208 1028 quod
1239 972 1466 1013 honestum
1496 978 1620 1021 esset,
1645 968 1690 1011 id

246 1041 338 1067 esse
371 1027 508 1068 solun]
540 1028 717 1079 bonum,
748 1042 915 1083 semper
945 1029 996 1069 sit
1028 1043 1196 1069 necesse
1224 1037 1287 1069 est
1317 1029 1480 1079 beatus,
1511 1040 1689 1083 vereque

248 1083 392 1124 omnia
420 1083 502 1125 ista
531 1085 705 1125 nomina
736 1084 963 1140 possideat,
992 1101 1086 1141 quae
1118 1085 1279 1126 irrideri
1308 1085 1361 1126 ab
1391 1084 1596 1140 imperitis
1617 1098 1687 1125 so—

187 1155 237 1196 75
249 1139 351 1181 lent.
411 1140 583 1182 Rectius
608 1142 720 1182 enim
747 1141 1028 1197 appellabitur
1056 1157 1141 1192 rex,
1172 1157 1300 1198 quam
1329 1141 1596 1197 TarquiniUS,
1617 1140 1690 1196 qui

251 1211 327 1238 nec
348 1211 407 1247 se,
430 1212 507 1238 nec
533 1212 631 1238 suos
662 1212 808 1253 regere
837 1198 1004 1253 potuit:
1034 1199 1188 1239 rectius
1220 1198 1423 1254 magister
1453 1197 1616 1253 populi,
1639 1196 1691 1248 (is

250 1254 364 1295 enirn
385 1263 449 1294 est
470 1253 669 1306 dictator)
694 1269 823 1309 quam
854 1253 986 1305 Sulla,
1007 1254 1079 1309 qui
1098 1254 1226 1296 trium
1252 1254 1548 1309 pestiferorum
1567 1254 1690 1295 vitio-

250 1325 360 1360 rum,
398 1310 588 1359 luxuriae,
624 1311 821 1362 avaritiae,
857 1310 1115 1352 crudelitatis
1150 1311 1353 1367 magister
1389 1311 1470 1353 fuit
1489 1326 1499 1351 ε
1536 1310 1691 1352 rectius

250 1366 380 1418 dives,
401 1381 530 1422 quam
563 1367 758 1420 Crassus,
780 1367 867 1423 qui,
895 1368 975 1409 nisi
1003 1368 1206 1423 eguisset,
1234 1382 1467 1425 numquam
1497 1366 1692 1422 Euphra-

123 1432 338 1475 p.106-‘tem
360 1423 477 1465 nulla
497 1423 598 1464 belli
619 1439 747 1465 causa
768 1424 944 1465 transire
975 1425 1186 1466 voluisset.
1218 1433 1331 1466 recte
1351 1423 1442 1480 ejus
1464 1425 1607 1465 omnia
1627 1423 1693 1465 di-

211 1487 240 1509 ²·
251 1488 415 1531 centur,
438 1480 510 1537 qui
530 1480 610 1521 scit
628 1481 690 1521 uti
711 1481 826 1522 solus
844 1481 1055 1522 omnibus.
1077 1489 1190 1522 recte
1205 1483 1334 1522 etiam
1351 1480 1528 1536 pulcher
1547 1480 1694 1536 appel-

249 1537 409 1579 labitur
427 1555 436 1578 :
468 1537 597 1578 animi
618 1538 730 1578 enim
751 1538 1021 1588 lineamenta,
1042 1547 1140 1579 sunt
1170 1538 1424 1593 pulchriora,
1447 1552 1575 1594 quam
1596 1552 1692 1579 cor-

251 1593 392 1648 poris:
421 1602 534 1634 recte
556 1593 671 1635 solus
692 1595 812 1644 liber,
834 1608 909 1635 nec
936 1593 1214 1635 dominationi
1244 1594 1496 1651 cujusquam
1526 1608 1692 1650 parens,

187 1664 388 1709 75neque
422 1649 623 1691 obediens
655 1650 892 1706 cupiditati.
953 1651 1082 1692 Recte
1114 1651 1305 1702 invictus,
1339 1650 1463 1708 cujus
1495 1651 1624 1692 etiam
1659 1651 1694 1693 si

249 1722 405 1762 corpus
426 1707 757 1763 constringatur,
778 1707 919 1748 animo
941 1716 1083 1748 tamen
1102 1708 1269 1749 vincula
1299 1707 1414 1764 injici
1446 1707 1562 1748 nulla
1590 1722 1693 1763 pos·-

250 1764 360 1805 sint:
392 1772 432 1798 29
447 1779 584 1820 neque
604 1773 821 1819 exspectet
850 1764 1047 1805 ultimum
1075 1772 1242 1820 tempus
1265 1765 1415 1816 aetatis,
1435 1773 1486 1805 ut
1505 1772 1598 1805 tum
1619 1763 1695 1805 de-

251 1820 378 1876 nique
392 1820 623 1877 judicetur,
642 1821 847 1862 beatusne
867 1821 1009 1872 fuerit,
1029 1828 1070 1853 30
1085 1836 1185 1862 cum
1204 1830 1441 1862 extremum
1461 1820 1555 1862 vitae
1582 1820 1695 1862 diem

250 1886 388 1919 morte
410 1878 667 1919 confecerit:
700 1877 816 1934 quod
848 1877 919 1918 ille
948 1893 1058 1919 unus
1089 1892 1113 1919 e
1142 1887 1306 1934 septem
1332 1877 1590 1934 sapientibus
1611 1891 1696 1919 non

251 1934 463 1989 sapienter
495 1934 695 1975 Croesum
730 1934 910 1975 monuit.
943 1949 1040 1975 nam
1068 1934 1102 1975 si
1132 1935 1281 1976 beatus
1309 1949 1511 1991 umquam
1533 1933 1696 1985 fuisset,

250 1990 420 2032 beatam
452 1991 580 2032 vitam
610 2006 745 2047 usque
776 1999 813 2023 31
831 1991 884 2032 ad
913 1991 1034 2033 illum
1056 2006 1080 2031 a
1099 1991 1218 2048 Cyro
1248 2000 1509 2033 exstructum
1540 2004 1693 2046 rogum

249 2047 508 2103 pertulisset.
539 2048 656 2104 quod
689 2048 723 2089 si
751 2049 811 2090 ita
842 2057 921 2099 est,
952 2057 1000 2089 ut
1030 2062 1168 2104 neque
1198 2048 1438 2104 quisquam,
1458 2046 1538 2088 nisi
1557 2048 1695 2088 bonus

250 2104 324 2156 vir,
344 2114 388 2146 et
408 2119 556 2146 omnes
576 2105 677 2146 boni
697 2105 812 2146 beati
832 2105 915 2146 sint
934 2122 944 2145 ι
974 2105 1078 2161 quid
1097 2104 1368 2161 philosophia
1395 2103 1534 2160 magis
1551 2103 1695 2145 colen-

250 2160 370 2214 dum,
389 2169 463 2203 aut
481 2161 584 2218 quid
602 2171 666 2203 est
685 2163 839 2203 virtute
859 2161 1037 2204 divinius
1058 2164 1071 2203 ?

295 2259 336 2284 26
353 2264 418 2296 quae
436 2260 491 2293 per
506 2253 535 2284 d.
552 2253 572 2284 i.
589 2264 676 2283 nonne
699 2252 756 2293 m.]
783 2253 954 2293 Corrigunt

250 2308 345 2339 quem.
370 2307 436 2327 non
460 2297 558 2333 male,
575 2303 611 2326 ut
632 2298 671 2327 ad
695 2297 821 2326 ordinem
841 2298 953 2327 refera-

250 2347 313 2371 tur.
357 2340 418 2370 Sed
434 2346 464 2370 et
478 2340 647 2380 vulgatum
663 2340 745 2370 bene
762 2340 867 2370 habet.

296 2389 334 2418 ‘27
353 2383 378 2412 si
392 2382 483 2412 ullam
500 2383 615 2413 literam
630 2382 767 2421 moveris]
783 2381 874 2412 ullam
888 2392 953 2412 non

251 2425 365 2466 placet.
410 2426 539 2456 Correxi
563 2437 663 2456 unam.
688 2427 764 2465 quia
790 2427 886 2455 etiam
913 2426 956 2455 ita

251 2468 348 2498 omnia
364 2468 478 2499 melius
495 2470 692 2508 respondent.
705 2475 736 2498 et
752 2469 832 2498 infra
847 2469 892 2498 sic
908 2474 953 2497 est

251 2521 280 2542 c.
301 2519 350 2544 19.
376 2512 407 2541 in
431 2513 544 2542 eadem
568 2522 600 2541 re
623 2518 655 2542 et
677 2512 833 2541 sententia
849 2511 872 2540 si
895 2522 954 2539 una

255 2554 343 2583 lima
366 2561 502 2584 commota
521 2555 661 2595 sit,fire,
678 2561 710 2583 u!
727 2561 787 2584 tota
803 2553 880 2583 labet
896 2553 955 2582 dis-

256 2596 378 2637 eiplina.

299 2647 339 2671 28
356 2639 433 2682 quod
445 2640 555 2669 moveri
565 2638 670 2679 possit]
690 2649 735 2670 sc.
752 2640 784 2669 in
800 2639 878 2669 serie
893 2639 956 2668 dis-

255 2683 393 2723 ciplinae.
418 2682 495 2724 quod
507 2683 627 2713 habent
641 2683 711 2713 edd.
724 2693 770 2722 pr.
788 2682 872 2712 male
888 2688 958 2721 post

254 2727 375 2766 irrepsit
391 2736 455 2767 quo.

299 2777 340 2803 ας)
355 2780 405 2798 nec
417 2774 559 2808 exspectet
573 2767 708 2798 ultimum
721 2773 830 2807 tempus
843 2766 954 2806 aelatis]

256 2813 386 2844 Correxi
402 2821 480 2842 cum
495 2812 560 2843 Th.
574 2811 716 2843 Bentleio
738 2811 885 2849 ultimum,
903 2821 958 2851 pro

995 2262 1061 2292 quo
1084 2259 1130 2282 est
1156 2253 1188 2283 in
1211 2253 1320 2292 vulgg.
1336 2252 1438 2282 ullum.
1458 2259 1506 2284 est
1524 2253 1612 2284 enim
1628 2261 1698 2284 mav-

996 2297 1163 2331 nifestum,
1188 2297 1296 2336 respici
1319 2296 1358 2326 ad
1382 2296 1462 2327 illud
1486 2296 1624 2333 Solonis,
1639 2303 1696 2326 ne·

997 2339 1121 2369 minem
1137 2349 1202 2369 esse
1217 2339 1348 2370 beatum
1364 2346 1437 2370 ante
1448 2340 1574 2370 obitum
1589 2339 1698 2370 dicen-

997 2383 1088 2412 dum.

1041 2431 1082 2455 30
1098 2435 1161 2453 cum
1178 2431 1252 2453 extr.
1269 2423 1346 2453 ‘vitae
1362 2424 1438 2454 diem
1461 2431 1549 2454 morte
1570 2424 1696 2465 ςαρίσσα-

997 2466 1050 2506 rit]
1066 2467 1208 2497 Offendit
1223 2468 1380 2505 quosdam
1395 2468 1476 2498 viros
1491 2469 1599 2498 doctos
1621 2479 1697 2497 mor-

998 2518 1037 2546 te,
1054 2520 1107 2540 me
1127 2520 1204 2540 non.
1228 2516 1274 2540 est
1296 2520 1352 2549 pro
1374 2511 1504 2541 moriens.
1547 2511 1696 2542 Davisius

998 2553 1172 2584 delendum
1189 2559 1288 2592 putat.

1042 2603 1075 2627 81
1109 2595 1150 2625 ad
1177 2595 1404 2636 illum—rogum
1428 2593 1610 2636 pertulisset]
1649 2597 1698 2628 Ita

999 2640 1080 2670 bene
1103 2639 1241 2669 latinum
1265 2645 1322 2669 est.
1365 2639 1471 2678 Vulgo
1494 2646 1540 2669 est
1556 2638 1697 2678 protulis-

999 2689 1063 2712 set:
1087 2683 1171 2721 quod
1195 2683 1326 2721 quidem
1353 2689 1383 2712 et
1406 2683 1512 2722 ipsum
1534 2682 1605 2713 ferri
1626 2692 1698 2722 pos-

998 2726 1058 2756 sit:
1082 2726 1137 2756 sed
1163 2725 1242 2755 illud
1266 2732 1313 2756 est
1335 2725 1464 2762 melius,
1480 2732 1511 2755 et
1534 2726 1696 2765 proprium

1000 2769 1033 2799 in
1059 2769 1114 2799 tali
1139 2769 1296 2799 sententia
1317 2768 1463 2800 verbum.
1497 2768 1551 2800 Sic
1575 2776 1642 2800 erat
1664 2769 1698 2799 in

1002 2812 1066 2843 ΜΞ.
1078 2811 1144 2843 Pal.
1161 2811 1274 2852 primo.
