1778 3095
520 222 700 261 LIBER
729 220 1063 261 SECUNDUS·
1432 218 1507 265 47⁴}

83 328 226 373 bestiis
256 342 344 376 erat
364 333 397 375 is
419 333 551 381 cibus,
570 339 619 372 ut
637 331 741 372 alius
769 330 933 385 generis
959 330 1104 371 bestiis
1133 337 1408 379 vescerentur,
1437 338 1511 371 au't

85 387 190 429 vires
212 398 358 432 natura
377 389 507 439 dedit,
527 398 601 429 aut
619 387 891 428 celeritatem.
912 387 1010 427 data
1029 396 1092 427 est
1112 384 1363 442 quibusdam
1384 386 1509 425 etiam

85 445 339 488 machinatio
370 445 576 502 quaedam,
610 452 736 499 atque
768 443 979 484 sollertia:
1011 452 1059 483 ut
1089 443 1132 483 in
1167 440 1385 490 araneolis,
1418 440 1508 482 aliae

85 503 204 556 quasi
225 513 309 544 rete
330 511 488 551 texunt,
508 513 570 552 ut,
591 500 625 541 si
651 501 751 556 quid
779 500 1005 550 inhaeserit,
1032 499 1254 539 conficiant
1273 514 1282 538 :
1311 497 1402 537 aliae
1434 512 1508 537 au-

86 566 172 598 tem
204 567 242 591 ³³2
255 574 306 600 ex
338 559 553 614 inopinato
587 557 820 607 observant,
842 566 885 597 et
915 556 948 597 si
977 555 1078 611 quid
1109 554 1269 605 incidit,
1294 554 1511 608 arripiunt,

85 612 212 670 idque
247 625 513 656 consumunt.
574 615 674 654 Pina
702 628 811 663 vero,
848 620 886 644 3-3
907 613 981 667 (sic
1012 612 1122 653 enim
1158 612 1308 652 Graece
1338 609 1507 662 dicitur)

84 669 246 712 duabus
278 672 507 726 grandibus
535 670 679 728 patula
712 670 900 719 conchis,
929 684 1026 710 cum
1060 682 1183 724 parva
1215 667 1365 723 squilla
1393 667 1511 722 quasi

84 728 325 769 societatem
348 729 434 768 coit
455 727 724 783 comparandi
756 727 853 768 cibi.
883 727 1023 781 itaque
1053 740 1152 766 cum
1182 723 1372 780 pisciculi
1399 724 1512 778 parvi

82 783 126 823 in
161 784 364 825 concham
397 785 580 826 hiantem
615 784 901 833 innataverint,
932 793 1021 824 tum
1051 790 1090 814 34
1105 781 1320 822 admonita
1349 779 1511 835 squillae

82 839 181 894 pina
203 855 360 892 morsu,
381 841 624 897 comprimit
653 841 850 881 conchas.
908 840 975 880 Sic
1007 837 1294 880 dissimillimis
1324 836 1511 876 bestiolis

80 897 361 938 communiter
397 899 516 939 cibus
555 898 767 953 quaeritur.
832 905 870 928 3⁵
888 898 937 936 In
977 910 1061 951 quo
1102 893 1395 936 admirandum
1434 900 1511 942 est,
1529 894 1602 926 124

79 964 364 1008 congressune
386 955 527 1010 aliquo
544 955 652 995 inter
672 968 729 1003 se,
746 969 797 994 an
811 953 902 1009 jam
925 953 1021 993 inde
1041 952 1093 992 ab
1114 961 1211 992 ortu
1231 959 1391 991 naturae
1413 949 1513 1004 ipsae

78 1020 350 1065 congregatae
385 1012 479 1052 sint.
540 1012 615 1051 Est
644 1010 771 1050 etiam
804 1009 1025 1050 admiratio
1062 1008 1262 1049 nonnulla
1295 1007 1336 1047 in
1370 1006 1514 1046 bestiis

79 1067 333 1120 aquatilibus
359 1069 423 1118 iis,
444 1082 539 1123 quae
560 1068 795 1122 gignuntur
816 1067 858 1107 in
881 1076 1017 1107 terra:
1050 1064 1176 1105 veluti
1196 1063 1411 1113 crocodili,
1434 1063 1513 1103 flu-

81 1122 322 1179 viatilesque
369 1124 617 1174 tessudineS,
658 1124 937 1179 quaedamque
986 1130 1195 1177 serpentes
1246 1128 1349 1161 ortae
1398 1128 1515 1161 extra

80 1193 248 1233 aquam,
270 1181 392 1221 simul
415 1196 462 1221 ac
483 1181 666 1236 primum
688 1180 762 1221 niti
793 1188 984 1236 possunt,
1005 1193 1158 1234 aquam
1189 1184 1512 1234 persequuntur.

80 1236 195 1291 Quin
216 1237 343 1277 etiam
365 1246 534 1278 anatum
555 1252 630 1278 ova
650 1237 816 1292 gallinis
839 1251 950 1291 saepe
980 1234 1283 1291 supponimu53
1315 1247 1337 1273 e
1360 1233 1514 1288 quibus

81 1292 186 1346 pulli
216 1294 298 1333 orti
329 1295 509 1348 primum
543 1295 712 1335 aluntur
740 1294 792 1334 ab
812 1293 877 1344 iis,
898 1301 945 1333 ut
967 1307 990 1333 a
1011 1291 1231 1341 matribus,
1254 1296 1332 1330 aaa
1362 1289 1514 1345 quibus

78 1349 252 1399 exclusi,
274 1350 435 1406 fotique
455 1360 577 1392 sunt:
609 1349 758 1392 deinde
779 1365 847 1390 eas
869 1349 1125 1404 relinquunt,
1146 1356 1187 1388 et
1209 1346 1417 1402 effugiunt
1447 1360 1514 1386 se-

81 1415 269 1459 quentes,
291 1421 387 1447 curn
420 1409 603 1463 primum
634 1422 802 1462 aquam,
833 1406 949 1462 quasi
979 1404 1212 1445 naturalem
1241 1403 1432 1452 domum,
1455 1402 1514 1442 vi·-

79 1461 177 1502 dere
204 1472 444 1517 potuerunt.
500 1466 677 1505 Tantam
710 1463 901 1518 ingenuit
931 1460 1213 1503 animantibus
1241 1458 1514 1501 conservandi

78 1518 141 1558 sui
180 1529 327 1560 natura
366 1521 614 1561 custodiam.
675 1521 783 1574 Legi
830 1520 957 1560 etiam
1006 1517 1223 1572 scriptum,
1260 1530 1349 1557 esse
1396 1529 1513 1557 avem
1528 1515 1599 1570 49

77 1576 305 1629 quandam,
327 1593 420 1632 quae
453 1578 634 1618 Platalea
663 1576 975 1617 nominaretur:
1007 1588 1099 1615 eam
1131 1573 1209 1614 sibi
1234 1574 1376 1614 cibum
1399 1587 1514 1627 quae-
1526 1592 1553 1622 p.
1571 1589 1621 1614 51.

79 1645 167 1671 rere
201 1633 466 1674 advolantem
501 1634 555 1674 ad
588 1648 657 1674 eas
689 1648 797 1685 aves,
830 1648 924 1688 quae
959 1646 1002 1672 se
1036 1631 1077 1671 in
1108 1629 1212 1670 mari
1244 1636 1554 1684 mergerentza-

77 1701 173 1742 quae
204 1703 300 1729 cum
337 1690 616 1740 emersissent,
646 1690 889 1744 piscemque
919 1688 1143 1743 cepissent,
1170 1701 1304 1742 usque
1335 1700 1386 1726 eo
1417 1699 1513 1740 pre-

77 1758 191 1784 mere
211 1760 352 1786 earum
387 1747 525 1802 capita
558 1746 786 1796 mordicus,
808 1746 910 1786 dum
934 1745 1017 1785 illae
1038 1752 1209 1798 captum
1242 1743 1512 1792 amitterent3

78 1799 120 1839 id
152 1802 266 1856 quod
297 1803 387 1857 ipsa
416 1803 642 1844 invaderet.
703 1802 949 1857 Eademque
971 1801 1062 1841 haec
1084 1800 1167 1839 avis
1194 1799 1391 1839 scribitur
1411 1813 1515 1839 con-

78 1856 168 1898 chis
200 1873 243 1899 se
274 1861 405 1900 solere
434 1860 661 1915 complere,
681 1873 849 1914 easque,
869 1873 967 1899 cum
1001 1856 1210 1897 stomachi
1240 1855 1380 1896 calore
1411 1869 1515 1903 con-

79 1915 253 1965 coxerit,
275 1931 483 1967 evomere,
502 1925 627 1972 atque
656 1916 715 1956 ita
743 1915 897 1969 eligere
927 1929 978 1954 ex
1007 1915 1070 1962 iis,
1092 1921 1128 1948 37
1147 1927 1241 1968 quae
1272 1921 1369 1958 sunt
1393 1926 1514 1957 escu-

78 1968 205 2010 lenta.
266 1973 393 2013 Ranae
420 1982 559 2013 autem
582 1973 753 2013 marinae
775 1972 971 2012 dicuntur
991 1971 1168 2010 obruere
1188 1983 1278 2009 sese
1298 1983 1423 2010 arena
1445 1983 1513 2008 so·
1532 1972 1602 2004 125

78 2024 176 2075 lere,
206 2036 247 2068 et
280 2030 433 2069 moveri
466 2043 595 2084 prope
628 2043 808 2083 aquam:
842 2027 892 2067 ad
923 2041 1039 2082 quas,
1060 2026 1179 2081 quasi
1199 2025 1252 2066 ad
1272 2039 1427 2075 escam,
1450 2025 1513 2079 pi-

78 2096 167 2123 sces
189 2098 285 2124 cum
316 2085 580 2135 accesserint,
602 2085 751 2125 confici
772 2099 796 2124 a
815 2083 940 2133 ranis,
962 2094 1087 2138 atque
1109 2083 1316 2122 consumi.
1377 2082 1514 2122 Milvo

77 2150 142 2180 est
175 2140 387 2195 quoddam
420 2142 575 2182 bellum
607 2141 727 2198 quasi
758 2140 946 2181 naturale
976 2155 1074 2180 cum
1107 2153 1247 2179 corvo.
1279 2152 1383 2192 ergo
1411 2137 1515 2178 alter

78 2195 263 2247 alzerins,
293 2198 550 2254 ubicumque
578 2208 725 2239 nactus
754 2207 831 2247 est,
855 2211 931 2237 ova
960 2195 1130 2250 frangit.
1191 2194 1305 2235 Illud
1334 2209 1431 2234 vero
1461 2194 1515 2234 ab

77 2253 307 2294 Aristotele
340 2255 688 2304 animadversum,
723 2269 747 2294 a
778 2268 862 2309 quo
894 2253 1108 2308 pleraque,
1143 2251 1235 2307 quis
1263 2260 1403 2306 potest
1431 2265 1515 2290 non

78 2310 246 2351 mirari?
281 2312 433 2360 Grues,
452 2326 549 2352 cum
581 2311 676 2351 loca
706 2310 906 2354 calidiora
935 2316 1123 2364 petentes
1149 2308 1281 2347 maria
1300 2306 1513 2347 transmit-

77 2373 182 2415 tant,
210 2368 411 2423 trianguli
443 2368 604 2408 efficere
635 2368 829 2408 formam.
861 2366 951 2421 ejus
986 2374 1126 2405 autem
1158 2378 1326 2404 summo
1353 2363 1514 2418 angulo

77 2429 148 2464 aer
168 2425 219 2464 al)
242 2424 290 2464 iis
308 2425 503 2465 adversus
519 2424 688 2480 pellitur
707 2441 715 2464 :
749 2422 899 2464 deinde
919 2422 1071 2461 sensim
1096 2421 1149 2461 ab
1170 2429 1350 2475 utroque
1372 2420 1514 2469 latere,

79 2487 294 2536 tamquam
316 2481 454 2532 remis,
477 2481 535 2522 ita
555 2481 701 2537 pennis
721 2494 867 2521 cursus
897 2478 1033 2519 avium
1065 2478 1238 2518 levatur.
1296 2476 1414 2516 Basis
1436 2483 1523 2517 au-‘

107 2631 160 2655 73‘2
188 2631 219 2654 ut
246 2635 280 2653 ex
306 2623 460 2663 inopinato]
491 2630 522 2653 ut
546 2623 627 2652 bene
658 2621 772 2651 delevit
858 2625 896 2649 35
916 2618 951 2647 Iti
967 2629 1020 2660 quo
1037 2615 1238 2646 admirandum
1255 2614 1308 2653 est]
1326 2615 1346 2645 i.
1359 2624 1387 2645 e.
1403 2616 1512 2645 viden-

77 2669 238 2703 Davisius,
255 2667 341 2696 abest
355 2674 385 2695 et
400 2667 459 2696 Ms.
480 2666 586 2696 Guelf.
815 2662 893 2691 dum
917 2668 947 2691 et
970 2660 1178 2700 quaerendum
1202 2666 1249 2689 est
1262 2659 1303 2688 ob
1319 2658 1512 2688 admirabili-

121 2717 159 2742 323
178 2712 218 2740 sic
233 2710 306 2739 enim
325 2709 427 2737 Graece
449 2707 571 2747 dicitur]
598 2708 669 2737 Hoc
685 2707 768 2746 frigi·
812 2712 910 2735 tatem
934 2705 987 2734 rei.
1011 2704 1055 2733 sic
1077 2710 1107 2732 et
1130 2701 1203 2732 alibi
1226 2701 1369 2733 admirari
1385 2702 1509 2731 dicitur.

76 2755 115 2784 de
141 2755 310 2784 redundat:
341 2752 462 2781 videtur
490 2759 564 2781 nota
593 2751 770 2790 glossatoris
813 2758 842 2777 v.
859 2747 945 2777 Clav.
963 2756 1040 2777 mox
1063 2746 1133 2786 ipsae
1155 2753 1202 2775 est
1225 2754 1282 2776 sua
1302 2751 1425 2783 sponte,
1447 2746 1507 2774 im-

78 2806 155 2826 esse.
813 2798 887 2830 petu
906 2790 1052 2820 naturali.

123 2845 163 2870 34
179 2839 325 2868 admonita
337 2848 355 2864 α
367 2835 473 2877 squilla
484 2835 557 2874 pina
569 2836 673 2875 morsu]
691 2837 770 2866 MSS.
857 2838 897 2863 36
915 2845 931 2862 a
948 2833 1050 2874 quibus
1066 2830 1173 2861 exclusi
1185 2830 1304 2870 fotique
1324 2827 1402 2865 sum]
1420 2828 1474 2857 Est
1485 2826 1511 2855 ἓν

79 2881 196 2921 plures,
226 2888 261 2911 ut
288 2888 317 2911 et
345 2879 451 2908 Guelf.
482 2880 600 2908 habent
625 2880 771 2909 admonita
814 2874 859 2904 διὰ
873 2874 952 2905 δυοῖν.
977 2885 994 2905 a
1009 2875 1124 2914 quibus
1140 2874 1275 2903 fovendo
1291 2871 1410 2901 exclusi
1426 2876 1511 2899 sunt.

78 2923 187 2965 squilla
214 2924 291 2963 pinae
321 2933 424 2958 morsu,
455 2922 540 2950 unde
567 2923 771 2953 scribendum
857 2924 895 2953 37
929 2928 996 2960 qua>
1032 2924 1096 2946 sunt
1128 2913 1285 2953 esculenta]
1326 2914 1510 2952 Legenduxxg

80 2966 225 2997 admonita
241 2965 357 3010 squilla:
367 2966 440 3005 pina
457 2975 560 2994 morsu.
815 2961 884 2990 sint.

802 3001 936 3052 nh4
