1778 3095
244 118 324 168 610'
808 130 889 168 DE
932 129 1105 168 FATo

246 243 383 290 sperat
408 234 648 286 Chaldaeos,
670 245 913 293 ceterosque
940 238 1113 288 divinos,
1134 253 1269 294 neque
1301 252 1372 278 eos
1403 253 1551 279 usuros
1577 252 1666 281 esse

245 291 627 346 conjunctionibus,
650 301 695 333 ut
728 309 768 334 ln
795 309 867 335 sua
887 309 1086 359 ..percepta
1109 295 1391 350 pronuntient,
1414 295 1457 335 Si
1479 295 1570 349 quis
1591 310 1666 336 na-

246 356 313 389 tus
333 357 396 389 est
416 349 575 390 oriente
599 349 814 400 Canicula,
832 351 864 392 is
887 352 927 391 in
949 352 1050 392 mari
1075 366 1155 392 non
1178 351 1405 392 morietur:
1436 352 1507 391 sed
1528 351 1666 416 potius

246 405 304 445 ita
323 405 478 469 dicant,
504 407 602 446 Non
623 416 661 446 et
685 416 803 447 natus
824 417 884 447 est
908 408 1000 462 quis
1023 409 1181 449 oriente
1211 408 1258 448 C
1252 407 1427 457 micula,
1452 416 1487 438 18
1508 418 1549 448 et
1571 408 1603 448 is
1625 409 1665 448 in

245 462 348 501 mari
371 461 586 502 morietur.
646 463 683 503 O
706 463 912 504 licentiam
930 464 1187 517 jocularem¹
1215 474 1251 498 19
1268 480 1316 504 ne
1339 464 1424 519 ipse
1451 464 1634 504 incidat
1626 478 1667 505 m

245 517 499 567 Diodorum,
535 517 658 559 docet
689 519 927 568 Chaldaeos,
965 534 1048 574 quo
1084 531 1208 574 pacto
1238 535 1309 560 eos
1339 535 1546 574 exponere
1572 534 1667 574 per-

245 582 366 628 cepta
386 582 590 629 op.orteat
649 577 806 631 Quaero
827 575 952 623 enim,
971 576 1004 615 si
1026 575 1215 616 Chaldaei
1235 577 1292 616 ita
1312 577 1550 631 loquantur,
1572 584 1612 608 20
1623 585 1670 616 ut

247 630 489 684 negationes
520 618 770 671 infinitarum
803 633 1147 686 conjunctionum
1180 632 1333 686 potius,
1354 648 1477 688 quam
1511 632 1672 673 infinita

246 700 434 727 connexa
454 696 633 742 ponant:
655 702 730 727 cur
750 687 858 727 idem
883 687 1046 736 medici,
1066 703 1140 728 cur
1144 698 1406 752 geometrae,
1428 704 1502 730 eur
1520 688 1669 744 reliqui

246 742 380 782 facere
411 758 493 782 non
526 743 713 798 possint?
751 743 973 800 Medicus
965 759 1005 784 ιη
1031 744 1189 798 primiS,
1213 744 1326 800 quod
1348 745 1425 785 erit
1445 745 1481 785 ei
1502 759 1672 800 perspe-

246 807 363 839 ctum
386 800 424 839 in
445 807 546 848 arte,
569 799 729 839 nonita
750 793 986 854 proponet:
1027 800 1068 840 Si
1103 800 1169 841 cui
1199 816 1313 841 venae
1347 801 1405 840 sie
1437 811 1669 851 moventur,

246 855 280 895 is
301 855 429 895 habet
450 855 638 895 febrem:
670 855 740 895 sed
766 857 903 911 potius
926 856 997 896 illo
1018 856 1162 906 modo,
1184 858 1285 897 Non
1307 857 1341 897 ei
1365 871 1474 897 venae
1497 857 1553 897 sic
1575 872 1669 898 mo-

245 920 404 961 ventur,
426 920 468 952 et
497 911 654 951 febrem
688 913 719 952 is
753 927 835 952 non
867 912 1006 953 habet.
1036 913 1220 968 itemque
1246 923 1484 968 geometres
1511 928 1592 953 non
1614 914 1672 954 ita

245 966 369 1018 dicet,
398 969 444 1008 In
479 968 645 1022 sphaera
676 969 846 1009 maximi
876 969 1012 1019 orbes,
1033 969 1161 1010 medii
1192 969 1299 1010 inter
1329 984 1373 1010 se
1403 969 1670 1010 dividuntur:

245 1024 318 1064 sed
339 1025 477 1078 potius
499 1024 571 1064 illo
594 1024 736 1075 modo,
758 1026 856 1066 Non
888 1035 929 1065 et
958 1035 1054 1066 sunt
1083 1026 1124 1065 in
1154 1026 1316 1080 sphaera
1343 1026 1513 1066 maximi
1534 1026 1672 1076 orbes,

186 1080 287 1120 16et
320 1081 363 1120 hi
393 1096 475 1121 non
505 1081 633 1121 medii
664 1080 768 1121 inter
798 1096 840 1121 se
871 1081 1122 1122 dividuntur.
1190 1083 1305 1124 Quid
1334 1091 1410 1131 est,
1442 1082 1554 1138 quod
1586 1096 1672 1122 non

203 1132 377 1191 b·p0ssit
412 1137 492 1177 isto
529 1137 656 1177 modo
691 1151 741 1177 ex
776 1152 965 1178 connexo
998 1139 1207 1179 transferri
1238 1139 1289 1179 ad
1325 1138 1670 1194 conjunctionum

245 1194 510 1248 negationem
531 1195 543 1233 ?
589 1196 640 1233 Et
672 1193 839 1249 quidem
864 1194 953 1234 aliis
975 1194 1111 1235 modis
1133 1195 1298 1236 easdem
1324 1211 1387 1236 res
1408 1196 1550 1235 efferre
1572 1209 1672 1250 pos-

245 1265 403 1290 sumus.
464 1249 601 1290 Modo
623 1250 721 1297 dixi,
744 1251 791 1290 In
814 1251 976 1315 sphaera
999 1251 1165 1291 maximi
1189 1253 1325 1302 orbes,
1346 1251 1473 1292 medii
1501 1252 1607 1292 inter
1629 1266 1672 1293 se

244 1306 502 1347 dividuntur·
526 1321 695 1361 possum
718 1307 868 1358 diceie,
887 1308 960 1347 Si
952 1323 990 1347 m
1013 1307 1177 1372 sphaera
1195 1309 1364 1349 maximi
1385 1309 1506 1349 orbes
1528 1317 1673 1359 erunt3

243 1377 418 1418 possum
448 1363 600 1411 dicere,
622 1364 763 1420 Quia
754 1379 795 1404 m
816 1363 979 1418 sphaera
999 1364 1169 1404 maximi
1191 1365 1313 1405 orbes
1334 1373 1469 1405 erunt.
1529 1365 1673 1406 Multa

243 1434 400 1474 genera
421 1429 515 1460 suut
536 1420 792 1470 enuntiandi,
816 1435 891 1461 nec
912 1420 1045 1461 ullum
1066 1420 1297 1470 distortius,
1320 1436 1445 1476 quam
1469 1421 1565 1471 hoc,
1586 1436 1671 1476 quo

246 1476 512 1531 Chrysippus
530 1485 667 1531 sperat
683 1476 910 1517 Chaldaeos
928 1485 1148 1518 contentos
1165 1478 1404 1518 Stoicorum
1423 1492 1548 1518 causa
1567 1477 1670 1519 fore.

245 1533 421 1573 Illorum
444 1542 582 1573 tamen
606 1548 730 1574 nemo
762 1534 820 1574 ita
844 1533 1055 1596 loquitur:
1088 1535 1223 1590 majus
1245 1542 1307 1574 est
1327 1535 1454 1584 enim,
1475 1534 1548 1574 has
1569 1548 1671 1574 con-

243 1589 444 1630 tortiones
474 1590 688 1641 orationis,
720 1606 844 1646 quam
878 1604 1094 1645 signorum
1129 1600 1245 1631 ortus
1278 1591 1503 1646 obitusque
1533 1590 1672 1646 perdi-

244 1659 372 1686 scere.

199 1692 234 1745 9
303 1701 386 1742 Sed
406 1701 457 1741 ad
478 1701 592 1742 illam
615 1703 796 1744 Diodori
818 1702 1145 1752 contentionem,
1167 1717 1294 1757 quam
1314 1719 1366 1741 vs
1355 1703 1401 1756 :pi
1424 1703 1578 1742 δυνατῶν
1598 1717 1674 1767 ap-

188 1757 416 1813 17pellant,
438 1768 720 1799 revertamur:
752 1759 792 1799 in
816 1774 912 1813 qua,
934 1759 1033 1814 quid
1053 1759 1187 1799 valeat
1207 1759 1263 1809 id,
1286 1758 1399 1812 quod
1420 1758 1505 1799 fieri
1527 1760 1673 1814 possit,

245 1815 492 1870 anquiritur.
535 1815 674 1856 Placet
696 1816 823 1870 igitur
844 1816 1053 1866 Diodoro,
1071 1815 1112 1855 id
1134 1814 1268 1855 solum
1292 1815 1377 1854 fieri
1399 1829 1538 1869 posse,
1556 1816 1673 1880 quod

242 1879 316 1911 aut
344 1886 485 1911 verum
521 1871 587 1921 sit,
618 1880 690 1912 aut
718 1887 859 1912 verum
892 1872 1081 1912 futurum
1111 1872 1177 1912 sit.
1236 1871 1321 1928 Qui
1352 1872 1470 1911 locus
1501 1872 1674 1927 attingit

242 1927 350 1967 hanc
381 1928 672 1982 quaestionem,
704 1928 824 1969 Nihil
857 1928 955 1977 fieri,
977 1928 1091 1983 quod
1122 1942 1204 1968 non
1237 1942 1402 1968 necesse
1433 1928 1581 1969 tuerit:
1614 1938 1672 1979 et,

242 1983 462 2047 Quidquid
484 1983 568 2023 fieri
588 1985 735 2038 possit,
759 1984 800 2025 id
821 1993 894 2025 aut
912 1999 1001 2025 esse
1015 1985 1120 2040 jam,
1141 1993 1213 2024 aut
1234 1984 1422 2024 futurum
1445 1998 1564 2026 esse:
1596 1999 1672 2026 nec

242 2039 378 2094 magis
400 2041 653 2080 commutari
674 2055 723 2081 ex
746 2041 848 2081 veris
871 2042 911 2081 in
933 2041 1036 2081 falsa
1055 2056 1104 2081 ea
1124 2055 1261 2095 posse,
1284 2056 1378 2095 quae
1402 2041 1540 2081 futura
1562 2051 1672 2092 sunt,

243 2111 368 2152 quam
390 2110 455 2160 ea,
475 2112 568 2152 quae
591 2097 701 2137 facta
722 2106 844 2138 sunt:
877 2097 987 2138 sed
978 2113 1018 2137 m
1048 2098 1167 2138 factis
1193 2097 1576 2138 immutabilitatem
1597 2112 1674 2153 ap-

243 2167 413 2207 parere·
403 2184 414 2202 ,
446 2153 488 2194 in
516 2153 666 2194 futuris
698 2154 877 2217 quibusd
883 2169 965 2203 a,m
988 2154 1085 2208 quia
1113 2168 1197 2194 non
1225 2163 1441 2208 apparent,
1462 2168 1512 2194 ne
1539 2155 1673 2195 inesse

243 2209 414 2264 quidem
439 2209 593 2249 videri:
626 2218 672 2250 ut
703 2211 745 2250 in
774 2225 840 2260 eo,
861 2210 932 2266 qui
955 2185 1175 2251 ²mortifero
1197 2211 1346 2250 morbo
1368 2219 1582 2265 urgeatur,
1603 2225 1672 2251 ve-

243 2280 337 2306 rum
360 2266 427 2314 sit,
451 2265 534 2306 Hic
556 2266 759 2307 morietur
780 2267 861 2308 hoc
884 2267 1060 2307 morbo:
1093 2275 1135 2306 at
1162 2266 1241 2307 boc
1262 2266 1371 2306 idem
1393 2267 1428 2306 si
1448 2281 1538 2307 vere
1558 2266 1671 2306 dica—

243 2331 312 2362 tur
333 2322 373 2362 in
396 2337 461 2372 eo,
483 2323 525 2362 in
548 2337 632 2377 quo
655 2323 713 2363 vis
735 2324 872 2364 morbi
892 2332 1007 2363 tanta
1036 2338 1119 2364 non
1151 2332 1360 2377 appareat,
1383 2322 1513 2363 nihilo
1536 2323 1672 2364 minus

243 2378 434 2419 futurum
464 2379 530 2419 sit.
593 2380 657 2419 Ita
679 2379 737 2428 fit,
758 2389 806 2420 ut
825 2380 1104 2420 commutatio
1135 2394 1183 2419 ex
1213 2393 1307 2419 vero
1328 2395 1368 2418 m
1388 2378 1537 2418 falsum
1561 2393 1611 2419 ne
1630 2380 1673 2420 in

242 2434 386 2474 futuro
408 2435 574 2490 quidem
598 2435 684 2476 ulla
708 2436 792 2476 fieri
812 2436 960 2490 possit.
991 2437 1120 2485 Nam,
1138 2435 1348 2476 Morietur
1366 2434 1522 2488 Scipio,
1545 2434 1672 2475 talem

244 2489 327 2530 vim
353 2491 496 2540 habet,
518 2501 579 2541 ut,
602 2507 857 2553 quamquam
889 2492 942 2533 de
973 2493 1116 2534 futuro
1145 2491 1312 2541 dieitur,
1331 2499 1472 2530 tamen
1502 2499 1601 2532 ‘21ut
1629 2491 1673 2532 id

290 2597 327 2620 18
351 2597 379 2619 et
394 2591 417 2619 is
433 2591 462 2619 in
477 2592 552 2620 mari
567 2592 617 2630 nn]
638 2593 661 2622 is
677 2603 741 2623 non
758 2594 869 2632 placet.
885 2599 939 2623 aut
1026 2599 1067 2622 20
1090 2598 1123 2620 ut
1137 2591 1296 2627 negationes
1308 2591 1489 2630 infinitarum
1505 2592 1676 2631 conjunctio-

244 2633 417 2663 delendum
430 2641 486 2669 est,
499 2641 551 2664 aut
565 2634 735 2671 legendum
753 2636 834 2664 idem
849 2635 938 2674 paul·
982 2646 1048 2663 num
1079 2633 1175 2673 potius
1206 2633 1279 2672 ἃς]
1319 2635 1440 2665 infinitae
1472 2635 1675 2674 conjunctiones

244 2677 276 2706 lo
292 2683 358 2715 post
377 2683 483 2706 tamen
498 2678 609 2707 eadem
631 2679 731 2707 forma
755 2685 820 2708 est:
847 2686 874 2706 et
884 2678 938 2717 fe-
982 2684 1069 2714 sunt,
1086 2686 1157 2716 quae
1182 2684 1249 2715 post
1276 2677 1392 2715 &finita
1415 2689 1537 2706 connexa
1559 2679 1673 2709 dicun-

245 2719 361 2747 bremis
378 2730 429 2747 non
445 2719 538 2749 habet.
982 2727 1052 2750 tur:
1081 2729 1125 2749 eae
1152 2721 1332 2758 negationes
1357 2728 1445 2756 sunt,
1473 2721 1600 2759 quando
1627 2722 1673 2751 sic

292 2769 328 2793 19
345 2772 377 2789 ne
393 2761 450 2800 ipse
467 2761 575 2791 incidat
591 2762 620 2790 in
639 2761 808 2800 Diodorum]
828 2763 847 2792 i.
862 2772 888 2793 e.
905 2764 937 2792 in
980 2763 1171 2802 praeponitur
1186 2764 1323 2801 negatio,
1340 2770 1371 2792 ut
1386 2764 1417 2792 in
1434 2763 1581 2802 exemplo
1597 2763 1674 2794 alla-

244 2804 372 2835 Diodori
390 2805 543 2835 rationem
564 2812 593 2835 et
613 2807 814 2843 sententiam,
832 2813 940 2836 contra
981 2813 1013 2836 to
1028 2818 1034 2834 τ
1059 2817 1111 2834 non
1129 2812 1155 2834 et
1170 2813 1253 2834 natus
1268 2812 1309 2834 est
1323 2805 1386 2847 quis
1403 2807 1459 2836 ἃς.

245 2856 344 2888 quam
359 2847 508 2887 disputat.
1025 2855 1061 2880 21
1086 2855 1118 2878 ut
1133 2849 1167 2878 id
1179 2859 1232 2878 non
1241 2848 1331 2888 possit
1345 2848 1474 2879 converti
1489 2848 1520 2878 in
1522 2846 1575 2890 f.]
1592 2848 1672 2889 Mss,¹
