1778 3095
216 108 293 147 20¹4
557 108 810 146 TUSCUL.
840 108 1280 148 QUAESTIONUM

216 226 287 253 sus
309 220 508 254 remanet.
538 213 626 269 ipse
653 215 763 255 enim
786 228 990 270 nusquam
1013 224 1093 256 est.
1123 215 1196 256 ubi
1218 215 1347 270 igitur
1366 215 1524 256 malum
1546 219 1638 258 est?

216 268 414 324 quoniam
437 269 540 311 nihil
560 271 729 312 tertium
760 279 836 311 est.
865 285 932 321 an,
953 271 1149 327 quoniam
1172 272 1259 327 ipse
1279 271 1406 312 animi
1436 271 1641 316 discessus

215 339 242 366 a
261 339 453 381 corpore,
474 342 556 367 non
580 327 622 367 fit
642 328 729 368 sine
751 327 923 368 dolore?
956 337 1003 368 ut
1032 328 1199 369 credam
1222 328 1279 369 ita
1299 342 1402 379 esse,
1423 343 1548 383 quam
1579 339 1642 370 est

217 381 261 422 id
297 382 496 438 exiguum
518 383 525 423 !
559 391 596 419 47
615 394 657 424 et
693 384 842 424 falsum
879 399 968 425 esse
1002 385 1206 426 arbitror:
1238 394 1282 425 et
1316 385 1360 425 fit
1396 384 1642 440 plerumque

217 437 306 479 sine
336 453 487 480 sensu:
520 454 836 495 nonnumquam
867 441 993 481 etiam
1023 456 1118 481 cum
1149 442 1388 496 voluptate:
1421 449 1643 497 totumque

217 494 300 535 hoc
319 495 407 535 leve
427 504 505 545 est,
525 496 828 551 qualecumque
850 505 927 537 est.
960 497 1003 538 fit
1025 498 1135 537 enim
1167 497 1218 538 ad
1250 508 1452 553 punctum
1479 506 1644 554 tempo-

156 555 202 588 83
219 551 286 592 ris.
317 550 423 591 illud
443 553 577 607 angit,
598 552 661 593 vel
682 555 820 607 potius
845 554 1068 603 excruciat,
1092 562 1129 584 4²³
1148 555 1352 595 discessus
1374 555 1425 594 ab
1448 555 1642 595 omnibus

89 612 120 642 P·
137 607 206 634 ¹⁶⁶·
220 607 284 658 iis,
302 622 396 663 quae
416 617 514 650 sunt
543 608 654 649 bona
674 609 714 649 in
737 610 832 649 vita.
890 609 1015 659 Vide,
1037 625 1086 649 ne
1108 625 1131 650 a
1152 611 1269 651 malis
1291 611 1371 651 dici
1389 611 1522 652 verius
1544 625 1643 665 pos-

176 655 205 674 a.
219 664 286 704 sit.
317 663 419 719 quid
453 678 534 719 ego
565 679 673 705 nunc
709 665 876 720 lugeam
910 666 1036 706 vitam
1072 666 1322 708 hominum?
1356 682 1448 708 vere
1478 677 1519 708 et
1546 669 1645 724 jure

215 734 405 775 possum.
438 720 511 761 sed
531 721 631 776 quid
654 735 823 762 necesse
842 731 919 773 est,
939 736 1036 762 cum
1058 722 1099 763 id
1120 737 1259 777 agam,
1280 738 1329 763 ne
1349 734 1445 780 post
1465 734 1644 765 mortem

215 777 391 824 miseros
421 792 498 818 nos
530 788 727 833 putemus
758 779 862 828 fore,
884 779 1008 820 etiam
1041 779 1165 820 vitam
1196 780 1357 820 efficere
1385 780 1644 836 deplorando

215 833 475 874 miseriorem
494 835 507 875 ?
541 834 717 875 fecimus
736 834 817 875 hoc
839 836 880 876 in
900 850 950 876 eo
971 835 1093 885 libro,
1114 836 1156 876 in
1176 851 1261 892 quo
1291 846 1330 870 49
1348 837 1645 892 nosmetipsos,

216 899 422 945 quantum
457 891 687 946 potuimus,
720 892 924 933 consolati
960 907 1117 933 sumus.
1149 907 1173 933 a
1206 893 1326 934 malis
1363 893 1492 948 igitur
1530 908 1644 934 mors

214 945 403 996 abducit,
434 962 519 988 non
547 962 571 988 a
598 948 734 998 bonis,
753 963 893 990 verum
923 949 956 990 si
989 949 1230 1004 quaerimus,
1291 951 1390 991 Hoc
1419 950 1589 1005 quidem
1620 965 1647 990 a

218 1001 454 1059 Cyrenaico
481 1004 669 1061 Hegesia
699 1004 757 1045 sic
787 1005 957 1061 copiose
986 1005 1238 1059 disputatur,
1258 1016 1306 1047 ut
1325 1007 1359 1048 is
1380 1022 1403 1047 a
1424 1021 1523 1062 rege
1545 1007 1644 1047 Pto-

216 1058 369 1106 lemaevo
390 1060 628 1116 prohibitus
658 1075 748 1102 esse
777 1061 942 1103 dicatur
961 1062 1031 1103 illa
1052 1062 1093 1104 in
1117 1061 1270 1103 scholis
1301 1062 1452 1114 dicere,
1475 1072 1513 1095 ⁵0
1531 1061 1647 1118 quod

153 1118 204 1151 84
218 1117 355 1168 multi,
376 1116 439 1158 his
469 1117 636 1172 auditis,
658 1127 839 1158 mortem
861 1119 940 1158 sibi
959 1118 1037 1173 ipsi
1061 1119 1380 1159 consciscerent.
1441 1119 1644 1160 Callima-

215 1172 285 1214 chi
305 1173 475 1230 quidem
503 1175 764 1229 epigramma
783 1175 824 1215 in
844 1174 1163 1215 Ambraciotam
1198 1174 1522 1216 Cleombrotum
1553 1183 1646 1217 est:

216 1244 345 1286 quem
367 1230 439 1280 ait,
461 1245 558 1271 cum
580 1230 682 1271 nihil
713 1232 751 1271 ei
781 1229 1000 1278 accidisset
1029 1230 1201 1280 adversi,
1222 1245 1245 1270 e
1265 1246 1387 1271 muro
1407 1245 1449 1271 se
1469 1231 1508 1272 in
1530 1246 1645 1272 mare

215 1286 432 1342 abjecisse,
464 1287 575 1327 lecto
608 1287 791 1327 Platonis
824 1287 945 1327 libro.
975 1286 1068 1342 ejus
1097 1295 1255 1337 autem,
1277 1302 1402 1343 quem
1433 1287 1532 1337 dixi,
1554 1288 1647 1328 He-

212 1343 341 1397 gesiae
362 1343 470 1383 liber
499 1350 577 1395 est,
597 1346 866 1400 ἀποκαρτερῶν,
890 1343 1004 1399 quod
1025 1358 1050 1384 a
1070 1343 1153 1384 vita
1181 1344 1351 1399 quidam
1374 1358 1448 1399 per
1466 1343 1647 1385 inediam

214 1398 447 1450 discedens,
468 1408 686 1441 revocatur
706 1400 758 1440 ab
778 1400 922 1440 amicis
943 1417 952 1440 :
985 1400 1138 1455 quibus
1159 1400 1429 1455 respondens,
1449 1401 1545 1442 vitae
1566 1399 1647 1441 hu-

214 1469 352 1497 manae
379 1465 598 1497 enumerat
626 1456 924 1497 incommoda:
956 1466 991 1489 ⁵1
1009 1471 1178 1512 possem
1210 1457 1254 1497 id
1283 1457 1435 1508 facere,
1456 1457 1536 1498 etsi
1564 1457 1644 1497 mi—

215 1527 308 1562 nus,
345 1527 470 1568 quam
505 1512 589 1563 ille,
624 1512 696 1569 qui
727 1513 901 1554 omnino
931 1513 1065 1554 vivere
1095 1513 1290 1568 expedire
1321 1514 1477 1555 nemini
1507 1522 1644 1568 putat.

215 1569 349 1610 Mitto
380 1570 497 1610 alios.
530 1578 568 1601 52
585 1570 766 1610 etiamne
796 1570 914 1610 nobis
946 1570 1127 1625 expedit,
1157 1570 1229 1625 qui
1260 1579 1304 1611 et
1334 1570 1575 1612 domesticis
1604 1580 1648 1612 et

215 1625 451 1667 forensibus
482 1626 641 1666 solatiis
672 1627 1011 1682 ornamentisque
1031 1626 1193 1682 privati,
1215 1635 1342 1677 certe,
1360 1627 1394 1668 si
1414 1635 1510 1667 ante
1531 1627 1644 1667 occi-

131 1678 202 1726 35
217 1682 438 1733 dissemus,
470 1697 583 1724 mors
614 1697 690 1723 nos
722 1698 748 1723 a
776 1683 911 1733 malis,
932 1698 1015 1723 non
1046 1698 1070 1723 a
1099 1683 1220 1724 bonis
1250 1683 1548 1725 abstraxisset?
1582 1683 1647 1724 Sit

152 1753 200 1784 85
216 1738 348 1794 igitur
371 1739 535 1795 aliquis,
557 1739 628 1795 qui
650 1738 751 1780 nihil
772 1738 871 1780 mali
892 1739 1057 1789 habeat,
1079 1739 1242 1780 nullum
1262 1754 1287 1780 a
1307 1740 1477 1781 fortuna
1496 1739 1643 1782 vulnus

215 1795 435 1851 acceperit.
495 1795 700 1836 Metellus
747 1795 817 1836 ille
868 1804 905 1828 53
924 1796 1137 1837 honoratis
1183 1805 1382 1851 quattuor
1428 1796 1520 1839 filiis
1543 1813 1554 1837 ε
1602 1805 1647 1837 at

213 1852 520 1907 quinquaginta
554 1852 769 1903 Priamus;
803 1861 879 1894 ⁵⁴¹re
910 1853 1062 1908 quibus
1092 1861 1253 1907 septem
1280 1862 1324 1893 et
1353 1852 1514 1904 decem,
1528 1852 1646 1908 justa

212 1923 343 1949 uxore
365 1909 484 1950 natis.
515 1909 554 1949 in
575 1919 757 1965 utroque
786 1909 963 1950 eandem
993 1909 1141 1950 habuit
1162 1910 1330 1949 fortuna
1359 1919 1615 1965 potestatem
1635 1926 1645 1950 :

213 1964 286 2005 sed
308 1980 383 2006 usa
402 1965 444 2007 in
464 1966 596 2006 altero
617 1976 694 2007 est.
754 1966 980 2007 Metellum
1001 1966 1113 2007 enim
1133 1965 1257 2006 multi
1280 1965 1364 2016 filii,
1385 1966 1493 2014 filiae,
1515 1981 1646 2022 nepo-

212 2030 289 2072 tes,
311 2032 455 2078 neptes
476 2023 516 2063 in
538 2037 690 2078 rogum
722 2023 1038 2078 imposuerunt:
1069 2021 1279 2063 Priamum
1308 2032 1424 2075 tanta
1442 2023 1647 2079 progenie

532 2089 552 2107 fi

255 2149 293 2177 47
313 2150 340 2172 et
354 2143 469 2183 falsum
485 2155 508 2174 e.
525 2143 572 2185 m]
592 2144 747 2174 Buherius
771 2145 910 2175 malebat
951 2154 998 2175 res
1023 2145 1088 2184 ipsa
1111 2146 1222 2175 docet:
1247 2146 1302 2176 sed
1324 2146 1368 2176 sie
1391 2146 1511 2177 habent
1526 2154 1556 2178 et
1575 2150 1645 2180 edd.

210 2193 253 2216 at.
271 2197 336 2216 non
354 2187 447 2216 male.
950 2195 1067 2218 veteres
1103 2189 1184 2219 Ven.
1223 2188 1353 2219 Mediol.
1388 2189 1459 2220 Ald.
1491 2194 1548 2221 ὄις.
1581 2193 1645 2223 Ms.

257 2236 296 2260 48
312 2229 446 2258 discessus
467 2229 505 2258 ab
527 2230 652 2259 omnibus
669 2228 741 2268 &c.]
760 2230 908 2260 Davisius
951 2231 1058 2261 Guelf.

213 2274 247 2306 in
271 2273 319 2302 ed.
336 2279 365 2302 Ω.
382 2273 475 2302 edidit
499 2272 632 2301 discessus
656 2285 673 2301 α
698 2273 774 2302 bonis
789 2273 832 2302 his
849 2276 907 2304 (icc.
994 2281 1029 2304 51
1043 2280 1151 2312 possem
1167 2272 1320 2313 idfaccre]
1338 2275 1388 2304 An
1406 2274 1489 2306 idem.

212 2317 312 2355 quod,
336 2323 459 2355 propter
481 2316 721 2353 correctionem,
744 2316 814 2345 vide
835 2328 868 2344 ne
892 2328 909 2345 a
997 2324 1035 2347 52
1053 2317 1175 2346 etiamne
1187 2317 1262 2346 nobis
1278 2317 1409 2358 expedit]
1429 2318 1500 2349 Hoc
1514 2329 1644 2351 sensum

214 2357 301 2388 malis
332 2362 389 2388 ἃς.
418 2358 576 2399 probabile
612 2359 702 2389 valde
739 2366 794 2389 est.
838 2359 909 2389 Nec
953 2360 1163 2389 commodum
1201 2370 1267 2390 non
1303 2360 1409 2390 habet.
1460 2363 1645 2402 Legendum

215 2403 326 2432 minus
348 2402 449 2441 placet
472 2402 598 2432 Buherii
621 2403 741 2441 opinio,
759 2403 820 2431 hoc
836 2401 913 2431 illud
953 2410 1030 2442 puto
1043 2402 1130 2430 etiam
1147 2403 1222 2431 nobis
1236 2403 1402 2442 expedisset.

214 2445 372 2484 angit—in
397 2444 476 2480 vita,
498 2445 658 2475 Ciceronis
681 2445 836 2484 discipulo
857 2445 909 2474 tri·
997 2451 1035 2475 53
1052 2445 1192 2474 honoratis
1207 2445 1336 2486 q.filiis]
1356 2446 1430 2476 Non
1445 2448 1585 2478 dubitavi
1602 2450 1647 2479 sic

215 2488 339 2517 buens:
366 2487 436 2517 Vide
452 2489 509 2517 &c.
527 2488 682 2517 Ciceroni.
953 2489 1042 2517 cdere
1066 2497 1141 2517 cum
1166 2489 1294 2518 Davisio
1317 2499 1371 2528 pro
1387 2489 1546 2521 honoratus.
1569 2501 1646 2523 narn

259 2537 300 2562 49
328 2530 518 2569 nosmetipsm]
552 2531 697 2560 Davisius
735 2529 906 2569 nosmetipsi,
952 2531 1062 2560 Cicero
1088 2531 1275 2569 exemplum
1301 2532 1456 2563 felicitatis
1481 2534 1553 2564 facit
1576 2535 1646 2565 Me·

215 2580 310 2609 recte,
326 2574 450 2612 opinor,
467 2574 524 2602 nisi
549 2573 659 2603 Cicero
682 2574 733 2602 hic
755 2583 788 2602 se
811 2582 908 2611 oppo-
953 2573 1079 2609 tellum,
1096 2575 1150 2612 qui
1167 2582 1303 2612 quatuor
1319 2575 1400 2605 filios
1418 2576 1529 2607 habuit
1545 2579 1644 2617 magi-

216 2617 279 2646 suit
304 2615 386 2652 aliis,
414 2625 587 2654 sensusque
612 2617 664 2652 sit,
693 2617 723 2645 in
751 2625 815 2654 quo
843 2625 907 2644 non
952 2617 1101 2646 stratibus
1128 2617 1278 2655 iunctos;
1303 2619 1358 2657 qui
1385 2619 1536 2650 dicuntur
1561 2620 1644 2650 bono-

213 2659 305 2695 alios,
332 2666 368 2688 ut
393 2659 460 2688 aliis
487 2659 577 2694 locis,
603 2660 635 2688 in
663 2657 800 2697 epistolis
826 2668 855 2688 v,
880 2668 908 2687 c.
952 2659 1022 2687 rati.

213 2701 409 2740 Sulpicium,
434 2702 487 2732 sed
514 2702 740 2740 memetipsum
763 2700 907 2730 consola·
995 2710 1033 2732 54
1059 2713 1072 2730 e
1100 2701 1201 2743 quibus
1221 2708 1325 2741 septem
1341 2702 1415 2743 ὅπᾳ]
1434 2705 1544 2735 Addidi
1568 2717 1581 2734 e
1603 2716 1644 2736 ex

212 2752 265 2774 tus
293 2755 380 2775 sum.
404 2751 497 2785 atque
526 2745 609 2774 hanc
635 2745 676 2774 ob
702 2754 833 2774 causam
861 2744 906 2774 nil
949 2746 1018 2774 edd.
1042 2751 1116 2774 vett.
1140 2745 1282 2784 pluribus
1304 2753 1334 2776 et
1358 2747 1420 2777 Ms.
1439 2747 1543 2779 Guels.
1568 2749 1642 2779 alibi

214 2788 347 2818 mutavi.
363 2792 366 2794 ’
947 2789 1023 2818 dicit
1039 2788 1069 2818 in
1084 2787 1138 2819 his.

255 2838 298 2862 50
314 2831 389 2873 quod
402 2828 503 2873 multi]
522 2829 597 2871 quod
610 2829 670 2870 leg.
687 2839 752 2860 esse
767 2839 822 2869 pro
837 2841 902 2870 quo,
