1768 3095
527 115 705 152 LIBER
733 114 1070 152 SECUNDUS.
1448 118 1519 152 143

94 222 254 273 dolem,
289 237 393 278 quos
426 221 510 263 suis
539 221 775 262 commodis
805 220 1089 270 inservituros,
1118 228 1161 260 et
1190 220 1395 276 quidquid
1426 223 1525 278 ipsis

95 279 303 334 expediat,
323 279 505 319 facturos
535 278 816 318 arbitramur?
852 292 989 318 nonne
1017 276 1220 327 videmus,
1242 287 1398 332 quanta
1429 294 1524 333 per-

98 335 281 376 turbatio
302 349 437 376 rerum
460 334 650 374 omnium
672 335 976 389 consequatur?
1011 343 1166 389 quanta
1186 333 1406 374 confusio?
1442 335 1524 375 tol-

98 391 196 432 litur
224 391 494 431 beneficium:
527 390 690 431 tollitur
721 391 882 446 gratia:
915 405 1008 445 quae
1039 398 1137 430 sunt
1166 389 1330 430 vincula
1349 405 1524 430 concor-

98 447 191 487 diae.
224 461 298 487 nec
318 447 444 496 enim,
466 447 499 487 si
520 455 637 487 tuam
660 446 715 487 ob
741 461 910 487 causam
942 447 1138 502 cuiquam
1168 446 1429 497 commodes,
1451 447 1524 486 be-

100 504 288 544 neficium
311 502 413 543 illud
437 503 679 544 habendum
711 512 788 553 est,
818 503 889 543 sed
924 503 1138 543 faeneratio
1158 519 1166 543 :
1200 518 1275 543 nec
1295 503 1433 558 gratia
1453 502 1527 543 de·-

99 559 186 600 beri
206 558 366 599 videtur
386 559 438 609 ei,
460 560 531 615 qui
552 574 667 600 suam
698 560 753 600 ob
779 574 948 600 causam
980 559 1323 600 commodaverit.
1383 559 1527 600 Maxi-

100 629 188 655 mas
218 629 313 655 vero
343 616 516 656 virtutes
539 617 681 672 jacere
703 631 847 657 omnes
868 631 1038 656 necesse
1059 624 1135 666 est,
1156 615 1370 670 voluptate
1390 615 1529 656 domi-

100 680 238 712 nante.
298 672 405 712 Sunt
423 673 548 713 etiam
576 673 856 728 turpitudines
878 673 1084 728 plurimae,
1105 687 1213 727 quae,
1236 672 1313 712 nisi
1335 672 1529 713 honestas

101 736 248 768 natura
280 727 508 782 plurimum
539 729 686 778 valeat,
708 745 782 770 cur
812 744 894 770 non
926 729 1078 770 cadant
1107 729 1149 769 in
1180 729 1425 784 sapientem,
1447 744 1531 768 non

100 794 165 824 est
198 784 320 824 facile
352 785 588 826 defendere.
647 786 728 835 Ac,
760 801 811 826 ne
843 786 963 840 plura
993 786 1252 840 complectar
1275 787 1389 838 (sunt
1419 785 1621 826 enimus

101 840 433 894 innumerabilia)
458 843 564 882 bene
584 842 752 883 laudata
772 843 900 883 virtus
928 843 1152 897 voluptatis
1173 842 1311 883 aditus
1333 842 1531 883 interclu-

103 897 175 938 dat
196 912 363 938 necesse
385 908 463 939 est.
494 899 609 954 quod
630 899 719 954 jam
748 915 772 939 a
803 913 870 939 me
899 908 1137 954 exspectare
1159 899 1257 940 noli.
1290 908 1380 940 tute
1401 899 1534 939 intro-

102 953 215 1009 spice
244 955 283 994 in
315 964 498 996 mentem
532 965 646 996 tuam
679 956 796 1010 ipse:
827 969 1003 1010 eamque
1024 956 1139 996 omni
1159 956 1418 1011 cogitatione
1439 969 1535 1009 per-

103 1019 299 1060 tractans,
321 1022 591 1066 percunctare
619 1013 706 1067 ipse
727 1021 781 1062 te,
802 1012 1067 1067 perpetuisne
1097 1011 1218 1052 malis
1247 1011 1534 1067 voluptatibus

104 1067 333 1122 perfruens,
355 1068 396 1108 in
417 1083 479 1119 ea,
501 1084 628 1124 quam
659 1084 769 1124 saepe
793 1069 1035 1124 usurpabaS,
1058 1068 1357 1124 tranquillitate
1379 1068 1533 1123 degere
1546 1072 1576 1101 b.

106 1137 276 1164 omnem
308 1133 473 1165 aetatem
512 1126 599 1166 sine
631 1125 791 1175 dolore,
824 1134 1011 1165 assumto
1040 1126 1167 1165 etiam
1200 1124 1288 1175 illo,
1321 1125 1435 1180 quod
1466 1139 1536 1164 vos

107 1180 277 1235 quidem
309 1181 539 1237 adjungere
572 1182 728 1232 soletis,
759 1182 830 1222 sed
861 1182 948 1222 fieri
978 1197 1062 1222 non
1094 1191 1247 1236 potest,
1269 1182 1356 1222 sine
1381 1181 1539 1221 doloris

109 1246 226 1277 metu
245 1254 254 1278 ε
285 1252 351 1286 an,
374 1253 470 1278 cum
492 1238 543 1278 de
564 1238 760 1278 omnibus
789 1239 986 1293 gentibus
1006 1239 1167 1293 optime
1197 1252 1417 1288 mererere,
1440 1252 1538 1278 cum

108 1306 234 1347 opem
265 1293 564 1349 indigentibus,
589 1295 851 1350 salutemque
881 1295 1022 1344 ferres,
1054 1294 1115 1335 vel
1152 1295 1346 1335 Herculis
1379 1293 1540 1349 perpeti

111 1363 331 1390 aerumnas.
362 1351 419 1390 sic
455 1351 565 1390 enim
601 1351 782 1407 majores
818 1351 948 1391 nostri
984 1351 1149 1392 labores
1182 1366 1265 1391 non
1301 1351 1540 1405 fugiendos,

109 1405 348 1447 tristissimo
370 1415 509 1447 tamen
530 1408 657 1447 verbo
680 1417 719 1441 90
735 1408 861 1448 etiarn
884 1407 926 1447 in
947 1407 1026 1448 deo
1049 1408 1380 1448 nominaverunt.
1439 1407 1539 1447 Exi·
1556 1417 1629 1458 119

108 1475 254 1515 gesem
290 1477 339 1502 ex
372 1472 426 1513 te,
462 1477 758 1519 cogeremque,
792 1473 840 1504 ut
869 1464 1154 1518 responderes,
1187 1464 1264 1504 nisi
1294 1477 1466 1513 vererer,
1487 1478 1540 1504 ne

110 1517 340 1559 Herculem
360 1519 496 1574 ipsum
520 1534 582 1568 ea,
604 1535 698 1575 quae
729 1535 805 1575 pro
838 1520 970 1560 salute
991 1521 1184 1575 gentium
1210 1535 1377 1561 summo
1398 1520 1542 1560 labore

110 1574 321 1628 gessisset,
341 1575 566 1630 voluptatis
587 1591 712 1616 causa
732 1576 912 1632 gessisse
932 1576 1103 1617 diceres.

167 1632 276 1687 Quae
312 1647 409 1672 cum
443 1631 655 1683 dixissem,
690 1634 857 1682 Habeo,
888 1633 1038 1688 inquit,
1071 1634 1326 1688 Torquatus,
1354 1633 1407 1674 ad
1438 1647 1544 1689 quos

111 1687 191 1728 ista
210 1687 385 1729 referam
407 1705 416 1729 ε
447 1698 504 1738 et,
526 1704 782 1745 quamquam
801 1689 960 1745 aliquid
982 1690 1069 1745 ipse
1089 1698 1298 1745 poteram,
1318 1698 1459 1730 tamen
1479 1690 1543 1730 in-

111 1744 249 1784 venire
268 1745 380 1785 malo
405 1746 634 1801 paratiores
668 1745 891 1787 familiares
923 1757 1104 1787 nostros.
1165 1746 1304 1787 Credo
1335 1748 1546 1803 Syronem

113 1799 231 1851 dicis,
253 1810 297 1841 et
317 1801 626 1852 Philodemum,
657 1818 754 1844 cum
788 1803 973 1857 optimos
1003 1803 1126 1854 viros,
1156 1813 1248 1843 tum
1279 1802 1547 1844 doctissimos

114 1856 320 1897 homines.
381 1859 526 1908 Recte,
547 1859 697 1914 inquit,
718 1860 933 1915 intelligis.
992 1861 1090 1915 Age
1120 1874 1234 1910 sane,
1253 1860 1439 1915 inquam.
1472 1858 1549 1900 sed

114 1921 202 1953 erat
223 1914 396 1968 aequiUS,
415 1914 622 1956 Triarium
641 1915 800 1971 aliquid
821 1916 873 1956 de
903 1925 1044 1957 nostra
1069 1916 1325 1957 dissensione
1340 1916 1548 1973 judicare.

117 1969 272 2019 Immo,
293 1970 429 2025 inquit
459 1971 656 2022 arridens,
678 1973 883 2028 iniquum,
904 1974 982 2014 hac
1013 1973 1185 2028 quidem
1208 1973 1259 2013 de
1280 1988 1337 2014 re,
1368 1983 1416 2014 tu
1435 1972 1548 2013 enim

115 2025 195 2066 ista
214 2026 372 2067 lenius:
405 2026 473 2067 hic
503 2028 741 2070 Stoicorum
775 2044 892 2070 more
924 2045 999 2070 nos
1029 2039 1161 2070 vexat.
1220 2030 1331 2070 Tum
1350 2030 1550 2079 Triarius,

117 2082 297 2122 Posthac
325 2083 513 2138 quidem,
542 2085 691 2140 inquit,
723 2085 937 2127 audacius.
967 2101 1064 2126 nam
1086 2086 1176 2127 haec
1195 2086 1283 2141 ipsa
1304 2086 1409 2127 mihi
1428 2094 1551 2127 erunt

115 2138 158 2178 in
188 2147 373 2194 promtu,
403 2155 497 2195 quae
526 2141 657 2182 modo
686 2142 853 2182 audivi:
884 2158 960 2183 nec
985 2151 1081 2183 ante
1099 2142 1338 2198 aggrediar,
1360 2157 1486 2198 quam
1509 2151 1552 2182 te

117 2195 311 2251 abistis,
344 2211 452 2251 quos
487 2197 605 2248 dicis,
640 2198 893 2239 instructum
928 2199 1084 2239 videro.
1142 2201 1251 2256 Quae
1286 2215 1385 2240 curn
1413 2207 1553 2240 essent

117 2250 243 2302 dicta,
265 2252 389 2292 finem
411 2253 588 2294 fecimus
609 2264 651 2295 et
672 2255 932 2305 ambulandi,
953 2265 995 2296 et
1018 2255 1273 2311 disputandi.

162 2370 201 2395 90
217 2373 360 2393 aerumnas
376 2364 463 2393 etiam
477 2364 507 2393 in
523 2364 585 2403 deo]
604 2366 680 2395 Non
696 2366 836 2396 dubitavi
853 2376 997 2394 <erumnas
1011 2364 1125 2395 delere.
1150 2373 1226 2395 nam
1250 2364 1416 2395 manifeste
1431 2373 1447 2394 e
1463 2373 1555 2404 supe-

119 2406 251 2437 rioribus
267 2408 434 2446 repetitum
452 2414 481 2437 et
497 2409 697 2439 inculcatum
715 2416 770 2439 est.
