1768 3095
250 91 296 123 18
589 82 867 122 ACADEM.
897 83 1343 122 QUAESTIONUM

245 191 566 249 prenderentur:
589 205 640 233 ex
654 205 739 247 quo
750 190 878 232 etiam
896 205 1048 232 nomen
1064 191 1146 233 hoc
1163 191 1351 242 duxerat,
1367 205 1465 233 cum
1483 205 1534 233 eo
1554 191 1681 234 verbo

244 258 343 291 ante
363 263 487 290 nemo
507 248 580 290 tali
601 248 643 289 in
661 262 706 289 re
725 262 824 289 usus
843 256 954 288 esset
973 264 982 290 ε
1014 247 1204 303 plurimis
1236 262 1289 290 ue
1318 247 1428 289 idem
1455 248 1569 290 novis
1588 262 1679 290 ver-

244 305 311 348 bis
349 308 471 359 (nova
504 305 616 346 enim
651 303 834 356 dicebat)
874 319 975 346 usus
1007 314 1084 346 est.
1116 319 1200 361 quo
1262 313 1402 346 autem
1438 312 1527 345 erat
1556 319 1680 347 sensu

246 362 613 418 comprehensum,
644 361 687 402 id
717 360 857 416 ipsum
888 375 1056 403 sensum
1087 361 1340 417 appellabat,
1370 371 1412 403 et
1442 362 1475 402 si
1506 361 1566 402 ita
1591 371 1681 402 erat

247 418 615 474 comprehensum,
650 427 696 459 ut
727 416 902 458 convelli
937 418 1097 459 ratione
1126 432 1211 459 non
1245 428 1401 473 posset,
1433 417 1678 459 scientiam:

248 476 310 516 sin
348 475 483 526 aliter,
518 474 779 516 inscientiam
811 473 1081 515 nominabat:
1111 489 1161 515 ex
1194 488 1277 530 qua
1306 475 1522 516 exsisteret
1552 474 1680 516 etiam

249 532 407 587 opinio,
426 546 519 588 quae
540 540 649 572 esset
666 530 894 580 imbecilla,
912 539 955 572 et
974 545 1072 572 curn
1103 531 1222 582 falso,
1244 530 1543 587 incognitoque
1561 545 1680 572 com-

186 588 402 635 42munis.
462 587 545 629 Sed
590 588 696 628 inter
734 586 966 637 scientiam,
1007 596 1050 629 et
1087 587 1364 638 inscientiam,
1403 587 1682 643 comprehen-

173 1503 234 1541 12
307 1494 417 1535 Quae
447 1507 546 1534 cum
575 1491 771 1533 dixisset:

250 645 411 686 sionem
434 645 562 695 illam,
584 659 711 700 quam
732 643 830 694 dixi,
850 643 1103 694 collocabat,
1122 658 1300 699 eamque
1326 658 1460 699 neque
1480 659 1522 686 m
1543 644 1704 696 rectis,-

249 716 385 758 neque
404 702 446 743 in
466 701 598 757 pravis
628 700 887 749 numerabat,
908 699 980 741 sed
1001 699 1076 741 soli
1098 699 1352 742 credendum
1373 709 1482 743 esset
1501 699 1684 742 dicebat.

249 772 272 800 e
304 773 389 814 quo
422 758 611 799 sensibus
639 758 765 799 etiam
800 755 924 799 fidem
953 757 1180 807 tribuebat,
1201 757 1332 813 quod,
1351 766 1399 798 ut
1427 771 1555 812 supra
1581 756 1682 807 dixi,

249 814 569 871 comprehensio
599 814 711 855 facta
737 813 928 854 sensibus
956 822 1001 854 et
1030 828 1125 855 vera
1155 827 1245 855 esse
1263 814 1338 865 illi,
1358 823 1401 855 et
1419 812 1551 863 fidelis
1568 812 1684 858 svide-

250 872 401 913 batur:
432 886 515 912 non
544 869 660 926 quod
687 869 845 921 omnia,
864 884 959 926 quae
981 879 1122 912 essent
1139 869 1181 912 in
1201 883 1260 921 re,
1278 869 1682 926 comprehenderet:

251 927 323 969 sed
344 928 441 984 quia
462 927 582 978 nihil,
600 926 716 983 quod
733 925 883 968 cadere
899 925 944 968 in
962 940 1056 968 eam
1084 935 1240 983 posset,
1261 927 1527 983 relinqueret,
1577 925 1685 968 uod-

251 999 332 1041 que
366 995 515 1026 natura
544 983 662 1040 quasi
694 997 885 1025 normam
909 983 1108 1034 scientiae,
1126 992 1170 1026 et
1189 983 1448 1039 principium,
1462 983 1527 1025 sui
1574 982 1685 1027 edis-

251 1052 330 1092 set,
349 1041 460 1082 unde
479 1050 627 1097 postea
645 1040 837 1082 notiones
865 1053 1004 1082 rerum
1025 1040 1067 1082 in
1087 1040 1235 1081 animis
1263 1040 1630 1096 imprimerentur3
1661 1053 1686 1081 e

251 1099 404 1154 quibus
437 1112 520 1139 non
549 1097 752 1152 principia
778 1096 933 1148 solum,
958 1097 1030 1138 sed
1059 1105 1098 1132 ⁸9
1113 1097 1281 1139 latiores
1312 1096 1506 1153 quaedam
1534 1096 1589 1141 ad
1619 1111 1685 1138 ra-

212 1155 411 1196 ·.tionem
430 1153 716 1195 inveniendam
745 1153 820 1195 viae
850 1154 1141 1208 reperirentur.
1170 1167 1352 1194 errorem
1380 1162 1539 1205 autem,
1559 1162 1604 1195 et
1623 1162 1686 1195 te-

234 1212 505 1262 ·meritatem,
533 1220 577 1252 et
604 1210 901 1265 ignorantiam,
920 1218 963 1250 et
991 1210 1295 1265 opinationem,
1318 1219 1359 1252 et
1390 1210 1686 1268 suspicionem,

251 1278 295 1310 ct
317 1283 401 1309 uno
422 1267 590 1309 nomine
619 1267 774 1317 omnia,
795 1281 889 1321 quae
908 1276 1048 1308 essent
1067 1275 1108 1300 90
1120 1266 1256 1308 aliena
1278 1267 1408 1308 firmae
1427 1275 1471 1308 et
1489 1275 1687 1309 constan-

249 1325 304 1366 tis
342 1323 606 1373 assensionis,
646 1337 670 1364 a
708 1324 860 1364 virtute
898 1322 1184 1378 sapientiaque
1221 1323 1475 1364 removebat.
1541 1324 1688 1379 Atque

251 1389 288 1415 91
307 1381 348 1421 in
369 1380 432 1420 his
453 1380 539 1420 fere
559 1378 839 1420 commutatio
857 1377 1051 1420 consistit
1073 1378 1212 1420 omnis
1229 1378 1516 1435 dissensioque
1545 1380 1688 1423 Zeno-

250 1438 311 1479 nis
332 1452 357 1478 a
376 1435 674 1492 superioribus.
1644 1475 1657 1481 ,,

801 1492 859 1532 Et
887 1490 1065 1533 breviter
1090 1505 1204 1542 sane,
1232 1490 1489 1548 minimeque
1507 1491 1688 1534 obscure

186 1569 236 1601 43
251 1550 440 1605 exposita
458 1559 538 1600 est,
556 1548 744 1604 inquam,
763 1562 790 1589 a
809 1556 865 1598 te,
884 1549 1038 1599 Varro,
1057 1558 1101 1589 et
1119 1549 1266 1589 veteris
1285 1548 1531 1590 Academiae
1560 1548 1685 1599 ratio,

250 1617 293 1649 et
326 1606 581 1648 Stoicorum.
613 1613 651 1640 92
667 1619 812 1646 verum
844 1618 933 1645 esse
970 1614 1112 1646 autem
1143 1604 1339 1655 arbitror,
1372 1614 1421 1646 ut
1451 1604 1686 1656 Antiocho,

249 1673 394 1704 nostro
427 1661 636 1711 familiari,
673 1661 882 1717 placebat,
914 1660 1216 1703 correctionem
1255 1661 1402 1703 veteris
1438 1660 1686 1703 Academiae

248 1720 404 1774 potius,
426 1732 553 1774 quarn
574 1718 759 1774 aliquam
791 1731 941 1759 novam
970 1717 1234 1772 disciplinam
1261 1717 1505 1772 putandam.
1564 1718 1686 1766 Tunc

250 1776 401 1827 Varro,
420 1776 525 1817 Tuae
554 1784 653 1816 sunt
682 1788 793 1816 nunc
822 1782 975 1830 parteS,
997 1774 1146 1830 inquit,
1163 1774 1236 1830 qui
1255 1774 1309 1815 ab
1327 1775 1599 1830 antiquorum
1619 1789 1686 1816 ra-

250 1832 367 1874 tione
388 1845 497 1873 nunc
517 1831 726 1881 desciscis,
745 1838 789 1872 et
807 1844 871 1882 ea,
890 1845 984 1886 quae
1004 1830 1058 1872 ab
1077 1830 1269 1872 Arcesila
1287 1840 1437 1873 novata
1454 1841 1569 1883 sunt,
1586 1845 1686 1887 pro-

252 1889 342 1941 bas,
361 1888 525 1940 docere,
546 1887 675 1944 quod,
695 1896 739 1930 et
758 1901 843 1944 qua
869 1886 922 1928 de
945 1901 1072 1928 causa
1100 1886 1322 1930 discidium
1343 1887 1503 1929 factum
1525 1887 1689 1938 sitiut

190 1945 481 1996 44videamus,
511 1944 664 1986 satisne
697 1944 778 1986 ista
809 1944 865 1986 sit
889 1945 1008 2000 justa
1040 1943 1239 1987 defectio.
1296 1943 1408 1985 Tum
1439 1957 1535 2000 ego,
1572 1943 1686 1986 Cum

253 2003 440 2053 Zenone,
470 2003 655 2058 inquam,
687 2009 737 2042 ut
766 2001 1019 2056 accepimus,
1043 2000 1254 2042 Arcesilas
1286 2000 1367 2042 sibi
1394 2014 1520 2042 omne
1549 2009 1686 2047 certa-

251 2074 349 2100 men
381 2057 579 2109 instituit,
607 2072 692 2100 non
722 2057 964 2113 pertinacia,
993 2066 1067 2098 aut
1097 2055 1238 2099 studio
1267 2057 1472 2108 vincendi,
1504 2066 1554 2098 ut
1581 2057 1688 2098 mihi

251 2115 422 2171 quidem
455 2114 632 2165 videtur,
653 2112 726 2155 sed
756 2127 902 2155 earum
932 2127 1069 2155 rerum
1101 2112 1371 2166 obscuritate,
1391 2129 1486 2171 quae
1510 2113 1563 2155 ad
1584 2128 1687 2155 con-

252 2172 475 2213 fessionem
527 2170 804 2226 ignorationis
852 2169 1110 2212 adduxerant
1156 2170 1390 2222 Socratem,
1428 2178 1468 2206 9³
1481 2179 1526 2212 et
1564 2170 1693 2212 veluti

296 2302 336 2328 89
358 2293 581 2324 latiores—vice
604 2291 801 2334 reperiuntur]
821 2293 949 2324 Correxi

253 2338 458 2377 reperirentur,
484 2343 518 2367 ut
544 2343 616 2366 ante
635 2344 681 2367 est
706 2335 948 2375 imprimerentur.

252 2380 303 2410 Sic
316 2387 345 2410 et
357 2380 511 2410 Gruterus
523 2379 657 2410 volebat.
681 2379 826 2409 Davisius
842 2385 950 2409 autem

252 2424 378 2462 corrigit
400 2423 592 2461 aperirentur,
620 2423 694 2462 quia
721 2422 804 2451 viam
828 2422 952 2461 reperire

250 2475 317 2497 non
328 2466 461 2502 dicatur,
468 2472 498 2495 at
508 2465 631 2504 aperire.
656 2465 736 2495 Sane
745 2465 858 2504 aperire
867 2464 952 2494 viam

254 2509 335 2538 bene
354 2509 479 2545 dicitur,
503 2515 534 2538 et
556 2509 636 2538 bene
659 2509 806 2538 convenit
822 2508 855 2538 h.
871 2507 893 2538 1.
910 2507 950 2544 τῷ

254 2551 380 2596 latiore).
425 2551 484 2581 Sed
508 2558 615 2581 tamen
631 2558 662 2581 et
677 2553 736 2581 viae
751 2558 948 2590 quaeruntur,

255 2595 396 2633 adeoque
411 2600 440 2624 et
456 2595 661 2633 reperiuntur.

299 2644 339 2669 90
354 2636 451 2666 aliena
466 2636 645 2676 assensionis]
664 2646 692 2666 v.
712 2635 799 2666 Clav.
822 2636 856 2665 in
878 2633 949 2664 alie-

254 2691 318 2709 mas.

298 2729 333 2755 91
353 2720 449 2762 iniis]
469 2721 583 2752 Malim
607 2722 638 2750 in
657 2721 712 2758 his,
729 2730 769 2751 ex
791 2730 855 2760 quo
878 2729 951 2750 cen-

253 2766 308 2795 ties
327 2766 445 2795 facturn
461 2772 508 2795 est
524 2766 556 2794 in
574 2765 657 2794 libris
681 2764 729 2794 iis.
746 2773 802 2803 pro
824 2763 952 2793 consistit

254 2808 331 2838 Msz.
349 2818 411 2848 reg.
434 2817 484 2848 ap.
506 2808 739 2844 Alemannum,
763 2814 793 2837 et
813 2807 881 2837 edd.
898 2816 951 2836 ve-

993 2300 1070 2365 terels
1085 2294 1244 2333 quaedam‚
1261 2296 1357 2326 etiam
1373 2296 1455 2327 Vict.
1468 2296 1608 2328 munim.
1625 2305 1690 2328 non

993 2345 1046 2366 ma
1061 2345 1087 2366 e.

1037 2386 1076 2412 92
1092 2389 1195 2409 verum
1218 2390 1273 2409 esse
1295 2388 1390 2410 autem
1410 2381 1548 2418 arbitror,
1563 2388 1598 2411 ut
1612 2380 1689 2423 δια]

996 2420 1067 2452 Hoc
1083 2421 1174 2452 nullo
1187 2424 1282 2453 modo
1298 2432 1409 2454 verum
1431 2432 1488 2454 est.
1505 2424 1691 2464 legendum-

995 2473 1058 2503 que
1080 2471 1157 2504 puto
1179 2476 1241 2494 eam
1263 2475 1319 2505 pro
1341 2477 1456 2504 verum,
1472 2475 1516 2497 sc.
1537 2468 1693 2499 rationem

995 2507 1185 2538 Stoicorum.

1038 2557 1075 2583 953
1097 2557 1126 2579 et
1145 2549 1241 2580 ‘veluti
1264 2558 1392 2582 amantes
1414 2551 1574 2592 Socratem]
1600 2553 1690 2584 Quo-

994 2594 1090 2624 modo
1110 2602 1215 2623 amare
1237 2593 1399 2625 Socratem
1423 2596 1455 2625 hi
1478 2602 1620 2635 potuere,
1635 2597 1691 2636 qui

993 2644 1066 2666 ante
1088 2645 1164 2666 eum
1180 2636 1309 2667 vixere?
1333 2637 1399 2668 Scr-
1414 2646 1491 2668 cum
1517 2638 1645 2668 Mureto
1660 2645 1691 2670 et

994 2678 1076 2715 aliis,
1102 2679 1205 2710 deleto
1231 2686 1271 2715 et,
1289 2685 1326 2708 *et
1342 2681 1411 2720 jam
1438 2688 1506 2710 ante
1530 2680 1690 2712 Socratem.

995 2721 1045 2752 Sic
1073 2722 1219 2753 Muretus
1248 2723 1329 2753 bene
1359 2724 1495 2754 correxit
1521 2723 1690 2763 vulgatum

994 2764 1091 2794 velun*
1114 2772 1241 2795 amantes
1258 2766 1417 2804 Socratem,
1441 2766 1513 2797 Var.
1532 2767 1615 2798 Lect.
1632 2767 1689 2798 Ix-

998 2814 1046 2838 1⁴.
