1778 3095
193 88 272 126 806
551 86 811 125 TUSCUL.
840 85 1288 125 QUAESTIONUM

193 194 307 235 enim
343 202 609 244 censuerunt,
640 193 980 245 inconstantiam,
1013 193 1056 235 id
1087 201 1164 245 est,
1193 192 1370 234 sanitate
1401 199 1636 243 vacantem,

196 265 323 306 posse
340 259 482 292 tamen
502 251 610 292 tueri
628 250 964 292 mediocritatem
995 249 1246 299 officiorum,
1268 257 1310 290 et
1327 247 1422 289 vitae
1442 262 1637 290 commu-

197 322 295 349 nem
314 307 493 357 cultum,
513 317 642 364 atque
667 308 883 348 usitatum.
912 307 1096 348 furorem
1127 316 1268 348 autem
1295 319 1386 346 esse
1416 304 1495 346 rati
1524 314 1636 356 sunt,

197 365 351 407 mentis
371 364 425 405 ad
445 365 588 405 omnia
607 364 856 405 caecitatem.
889 364 1003 419 quod
1024 378 1122 404 cum
1144 363 1281 419 majus
1312 375 1403 402 esse
1432 360 1636 413 videatur,

199 436 328 479 quam
358 420 531 472 insania,
553 430 694 462 tamen
725 420 935 476 ejusmodi
967 428 1044 470 est,
1065 429 1105 453 ‘20
1121 430 1168 460 ut
1186 420 1304 460 furor
1332 419 1374 459 in
1404 418 1636 472 sapientem

199 478 348 520 cadere
378 478 524 533 possit,
546 492 629 518 non
659 477 795 532 possit
824 475 998 516 insania.
1030 476 1102 517 sed
1132 476 1223 517 haec
1253 475 1335 516 alia
1359 473 1537 530 quaestio
1559 483 1637 515 est.

202 550 279 576 nos
301 534 354 575 ad
376 534 642 590 propositum
664 541 931 573 revertamur.

142 602 188 633 12
261 591 440 641 Cadere,
462 590 626 645 opinor,
658 588 699 629 in
731 587 962 643 sapientem
994 587 1288 642 aegritudinem
1310 586 1387 628 tibi
1408 586 1548 627 dixisti
1579 586 1638 628 vi-

153 649 188 701 6
201 648 304 690 deri.
364 648 419 688 A.
439 649 495 687 Et
515 660 610 687 vero
630 645 688 685 ita
706 644 917 684 existimo.
977 644 1044 683 M.
1066 651 1102 674 21
1117 644 1365 685 Humanum
1389 642 1431 683 id
1452 642 1640 698 quidem,

202 704 318 762 quod
351 704 410 744 ita
441 702 668 743 existimas.
699 715 783 741 non
817 700 928 740 enim
960 699 1075 740 silice
1106 700 1194 740 nati
1223 714 1383 740 sumus.
1415 708 1454 732 22
1473 700 1545 741 sed
1575 708 1639 740 est

202 772 351 802 natura
380 760 466 800 fere
498 758 539 799 in
572 756 722 798 animis
750 766 941 797 tenerum
974 753 1177 812 quiddam
1208 763 1335 811 atque
1359 758 1504 807 molle,
1525 755 1641 812 quod

202 813 467 874 aegritudine,
489 814 608 869 quasi
626 822 893 869 tempestate,
915 813 1142 869 quatiatur.
1189 813 1283 853 Nec
1303 812 1482 855 absurde
1504 813 1640 853 Cran-

201 884 268 916 tor
300 873 385 922 ille,
414 872 486 927 qui
516 871 558 911 in
588 878 731 911 nostra
763 869 996 911 Academia
1027 867 1092 910 vel
1121 869 1164 910 in
1191 867 1338 924 primis
1366 869 1447 912 fuit
1472 869 1642 920 nobilis,

199 930 399 979 Minime,
421 927 570 983 inquit,
591 927 796 969 assentior
815 927 879 977 iis,
899 926 971 982 qui
992 926 1116 967 istam
1137 925 1278 966 nescio
1299 940 1429 981 quam
1449 926 1643 967 indolen-

200 987 303 1028 tiam
325 999 586 1040 magnopere
605 983 806 1025 laudant:
838 999 932 1039 quae
964 997 1042 1023 nec
1072 990 1215 1038 potest
1245 981 1332 1022 ulla
1360 996 1450 1024 esse
1470 997 1547 1024 nec
1570 981 1644 1023 de-

200 1043 287 1084 bet.
348 1050 386 1074 2³
401 1043 471 1083 Ne
492 1049 679 1096 aegrotus
709 1040 803 1091 sim,
824 1039 962 1095 inquit
981 1056 990 1080 ι
1022 1039 1094 1080 sed
1115 1039 1149 1079 si
1166 1038 1334 1089 fuerim,
1354 1053 1501 1080 sensus
1520 1037 1645 1089 adsit,

201 1100 285 1141 sive
315 1107 478 1141 secetur
508 1097 625 1153 quid,
653 1097 736 1137 sive
766 1096 968 1137 avellatur
999 1111 1024 1136 a
1052 1109 1241 1150 corpore.
1274 1109 1371 1135 nam
1401 1096 1510 1137 istuc
1541 1094 1647 1136 nihil

201 1156 360 1207 dolere,
391 1170 476 1196 non
504 1155 592 1196 sine
623 1167 780 1208 magna
808 1151 1005 1193 mercede
1042 1151 1267 1206 contingit,
1297 1151 1572 1193 immanitatis
1602 1152 1644 1193 in

141 1232 185 1264 13
204 1213 360 1264 animo,
396 1211 580 1266 stuporis
612 1210 654 1250 in
690 1222 882 1264 corpore.
942 1208 1027 1249 Sed
1055 1208 1286 1257 videamus,
1309 1222 1361 1248 ne
1390 1208 1482 1249 haec
1510 1208 1646 1249 oratio

72 1285 103 1320 p.
120 1286 192 1312 193.
205 1270 259 1311 sit
278 1269 500 1310 hominum
520 1266 825 1307 assentantium
857 1274 1010 1306 nostrae
1040 1263 1337 1314 imbecillitati,
1357 1273 1401 1305 et
1420 1264 1647 1320 indulgen-

162 1327 313 1368 ²·tium
346 1322 631 1366 mollitudini:
663 1337 739 1363 nos
772 1331 916 1362 autem
950 1321 1182 1362 audeamus
1216 1335 1301 1361 non
1336 1320 1476 1363 solum
1505 1335 1647 1362 ramos

203 1390 424 1438 amputare
445 1379 722 1430 miseriarum,
743 1378 816 1420 sed
838 1392 985 1419 omnes
1014 1378 1205 1419 radicum
1229 1378 1352 1418 fibras
1372 1378 1561 1419 evellere.
1584 1387 1649 1419 ta-

202 1454 301 1480 men
321 1437 482 1494 aliquid
503 1436 764 1492 relinquetur
784 1435 975 1476 fortasse.
1007 1434 1066 1476 ita
1087 1443 1185 1476 sunt
1206 1434 1301 1475 altae
1328 1434 1478 1490 stirpes
1508 1434 1649 1476 stulti-

202 1496 288 1546 tiae,
321 1495 395 1537 sed
428 1494 688 1549 relinquetur
721 1491 764 1533 id
795 1491 950 1542 solum,
971 1490 1087 1547 quod
1117 1491 1196 1532 erit
1217 1492 1511 1533 necessarium.
1541 1490 1649 1532 illud

204 1552 377 1609 quidem
399 1552 457 1592 sic
480 1550 653 1600 habeto,
675 1548 754 1590 nisi
784 1556 953 1589 sanatus
983 1548 1148 1589 animus
1170 1547 1237 1597 sit,
1260 1547 1377 1603 quod
1399 1548 1486 1589 sine
1507 1547 1648 1603 philo-

203 1609 354 1665 sophia
371 1608 458 1649 fieri
479 1622 563 1648 non
582 1614 737 1662 potest,
755 1605 880 1646 finem
902 1604 1166 1645 miseriarum
1188 1603 1353 1644 nullum
1374 1604 1477 1645 fore.
1498 1619 1650 1661 quam-

203 1667 366 1717 obrem,
389 1663 589 1720 quoniam
619 1663 842 1717 coepimUS,
862 1659 1078 1703 tradamus
1099 1675 1176 1701 nos
1203 1659 1242 1700 ei
1270 1660 1493 1702 curandos.
1524 1676 1647 1702 sana-

202 1722 359 1773 bimur,
381 1722 414 1763 si
435 1721 640 1762 volemus.
672 1726 715 1760 et
734 1716 981 1774 progrediar
1000 1717 1172 1774 quidem
1200 1716 1371 1772 longius
1390 1734 1399 1758 ε
1432 1732 1517 1759 non
1536 1719 1648 1759 enim

203 1779 257 1821 de
278 1777 531 1834 aegritudine
551 1776 706 1827 solum,
727 1789 986 1831 quamquam
1018 1774 1062 1815 id
1087 1772 1259 1830 quidem
1280 1772 1481 1828 primum,
1503 1774 1577 1815 sed
1597 1774 1650 1816 de

205 1836 322 1878 omni
352 1834 494 1885 animi,
523 1842 572 1874 ut
599 1847 682 1888 ego
701 1831 841 1887 posui,
867 1830 1198 1887 perturbatione,
1224 1830 1407 1882 (morbo,
1429 1838 1478 1871 ut
1509 1831 1652 1873 Graeci

204 1893 385 1945 volunt,)
410 1889 645 1947 explicabo.
675 1890 732 1930 Et
750 1888 903 1943 primo,
921 1887 954 1928 si
974 1887 1128 1944 placet,
1148 1886 1390 1928 Stoicorum
1411 1901 1529 1928 more
1545 1902 1649 1943 aga-

206 1964 317 2000 mus,
340 1949 413 2005 qui
434 1947 613 1989 breviter
633 1945 894 2001 adstringere
920 1945 1058 1986 solent
1087 1952 1368 2000 argumenta:
1400 1943 1551 1985 deinde
1572 1959 1652 1986 no-

208 2015 295 2048 stro
316 2006 510 2047 instituto
529 2002 794 2059 vagabimur.

162 2070 196 2124 7
265 2063 353 2120 Qui
372 2061 493 2103 fortis
522 2069 601 2111 est,
622 2059 735 2100 idem
766 2066 830 2099 est
860 2057 1021 2100 fidens:
1053 2056 1255 2113 quoniam
1286 2056 1517 2109 confidens,
1539 2058 1653 2099 mala

149 2118 515 2179 14consuetudine
547 2115 749 2173 loquendi
782 2115 825 2157 in
855 2115 956 2157 vitio
990 2114 1176 2171 ponitur,
1208 2113 1386 2167 ductum
1416 2114 1592 2156 verbum
1627 2129 1653 2156 a

206 2267 320 2308 reperit
349 2264 510 2296 Davisius.
541 2264 617 2302 quia
646 2267 755 2291 tamen
786 2260 909 2291 insania

205 2318 253 2342 est
276 2308 468 2348 insipientia,
493 2316 565 2347 quae
588 2315 607 2335 a
630 2304 764 2335 stultitia
782 2303 826 2333 nil
851 2304 910 2333 dif-

205 2355 277 2390 fert,
294 2352 427 2383 stultitia
449 2350 601 2381 servanda
616 2349 758 2378 videtur:
783 2353 814 2376 et
830 2347 911 2376 infra

204 2407 233 2428 c.
254 2402 284 2427 6.
309 2396 420 2435 pariter
443 2400 490 2424 est
511 2391 652 2426 stultitia,
679 2391 722 2419 ita
746 2396 812 2418 sunt
836 2388 908 2418 altae

204 2440 309 2479 stirpes
321 2437 458 2468 stultitiae
472 2438 526 2468 sed
550 2442 581 2465 et
602 2435 690 2474 quod
706 2433 849 2472 sequitur
865 2432 910 2460 in-

204 2481 407 2516 constantiam,
437 2480 457 2509 ὶ.
480 2491 503 2508 e.
532 2478 658 2508 sanitate
678 2482 833 2505 vacantem
861 2483 909 2504 sa-

205 2536 288 2556 num
306 2532 371 2554 non
388 2529 443 2553 est.
468 2523 546 2552 forte
570 2527 674 2550 totum
690 2519 836 2558 spurium
853 2524 908 2547 est.

204 2570 259 2599 sed
284 2568 360 2606 quia
372 2567 509 2607 furorem
533 2565 629 2593 etiam
653 2561 808 2601 ejusmodi
833 2561 909 2600 quid

205 2612 360 2651 sequitur,
378 2609 494 2639 melius
511 2609 572 2637 hoc
589 2607 634 2636 illi
656 2603 867 2644 respondebit,
884 2603 908 2633 si

208 2655 305 2685 modo
322 2653 408 2682 idest
424 2651 486 2681 alio
510 2651 581 2680 loco
606 2650 656 2679 sit.
680 2648 755 2687 quia
778 2653 809 2676 et
830 2646 909 2676 defi-

208 2699 287 2728 nitio
304 2699 373 2727 haee
390 2694 504 2724 insania
521 2699 560 2722 est
577 2690 768 2721 inconstantia
786 2689 911 2719 sanitate

207 2751 319 2771 vacans
342 2749 408 2769 non
431 2736 568 2772 subtilis,
592 2736 644 2765 sed
671 2735 780 2764 vitiosa
802 2733 841 2762 sit
863 2742 910 2762 se-

209 2784 357 2814 cundum
372 2781 575 2812 Dialectieos.
591 2780 633 2808 ita
649 2780 706 2808 erit
720 2789 726 2806 :
751 2775 911 2806 stultitiam

209 2839 234 2858 e.
256 2831 424 2856 censuerunt
444 2825 464 2856 i.
481 2834 509 2854 e.
537 2821 759 2853 inconstantiam
785 2818 911 2849 sanitate

953 2265 1120 2295 vacantem,
1133 2264 1224 2297 posse.

997 2309 1038 2332 20
1053 2308 1086 2331 ut
1097 2301 1189 2341 furor
1211 2300 1242 2329 in
1265 2305 1326 2339 sap.
1348 2299 1448 2329 cadere
1465 2298 1574 2340 possit]
1600 2300 1652 2330 Sc.

953 2345 1028 2384 quia
1050 2345 1112 2374 fere
1136 2350 1182 2374 est
1204 2353 1222 2373 a
1245 2344 1319 2373 vitio
1335 2342 1484 2382 corporis,
1501 2343 1586 2382 quod
1604 2353 1654 2376 sa-

951 2387 1062 2427 pienti,
1079 2388 1145 2417 sine
1162 2387 1257 2426 culpa
1272 2386 1353 2425 ejus,
1370 2386 1511 2416 accidere
1527 2392 1639 2425 potest.

997 2438 1033 2461 21
1054 2430 1220 2460 Humanum
1236 2429 1269 2458 id
1282 2427 1408 2470 quidem]
1426 2429 1446 2458 i.
1465 2438 1493 2460 e.
1509 2438 1574 2459 non
1598 2430 1655 2460 ab-

953 2474 1059 2503 horret
1074 2473 1113 2503 ab
1129 2479 1242 2502 natura
1257 2473 1413 2502 humana.

997 2523 1035 2546 22
1053 2516 1103 2545 sed
1115 2522 1155 2545 est
1170 2521 1276 2545 natura
1287 2513 1374 2555 fere]
1393 2515 1445 2544 Sic
1461 2524 1517 2554 pro
1532 2521 1654 2544 natura—

953 2558 1021 2595 bile,
1038 2559 1123 2598 quod
1141 2568 1205 2588 non
1221 2565 1266 2588 est
1281 2558 1386 2588 latinis
1410 2558 1565 2588 usitatum
1584 2567 1653 2588 ver-

952 2602 1044 2632 bum.
1091 2602 1264 2638 Bentleius,
1288 2601 1468 2641 recepitque
1491 2600 1654 2632 Davisius.

953 2645 1004 2675 Sic
1024 2651 1071 2675 est
1092 2651 1123 2675 et
1146 2645 1180 2675 L.
1197 2645 1239 2675 II.
1255 2654 1282 2675 c.
1301 2651 1352 2675 21.
1368 2644 1454 2674 estin
1475 2643 1580 2672 animis
1596 2655 1653 2673 om-

955 2687 1034 2717 nium
1039 2688 1110 2728 fere
1126 2694 1232 2717 natura
1248 2686 1331 2716 molle
1346 2686 1483 2729 quiddam
1500 2688 1561 2717 ὅτε.

999 2738 1037 2762 23
1055 2731 1101 2760 Ne
1115 2737 1239 2769 aegrotus
1251 2730 1317 2769 sim]
1335 2730 1419 2760 Quia
1435 2730 1468 2759 in
1486 2730 1564 2760 MSS.
1581 2728 1658 2769 plu-u

956 2774 1042 2805 ribus
1067 2781 1112 2803 est
1138 2785 1187 2803 nec
1213 2781 1406 2812 aegrotassem,
1434 2772 1593 2804 Victorius
1623 2779 1653 2802 et

957 2817 1116 2851 Bentleius
1133 2817 1295 2857 corrigunt
1309 2827 1344 2847 ne
1358 2815 1546 2856 aegrotassim.
