1778 3095
106 267 138 297 p.
151 263 223 288 iso.

192 309 222 330 a.

158 1512 206 1544 25

173 1836 205 1867 b.

137 1897 198 1943 11

237 137 317 175 286
593 138 847 176 TUSCUL.
878 137 1322 176 QUAESTIONUM

234 244 329 286 Jovi
349 245 438 287 fato
466 245 712 302 expendisse
738 260 950 303 supremo.
1011 247 1102 287 Has
1132 245 1263 303 igitur
1291 259 1438 302 poenas
1466 246 1668 302 pendens,

234 300 378 343 affixus
399 302 454 344 ad
476 302 716 344 Caucasum
739 303 830 344 haec
850 303 966 354 dicit,

342 374 503 411 Titanum
522 373 656 418 soboles,
674 375 762 410 socia
782 374 885 409 nostri
902 373 1095 422 sanguinis,

341 427 512 464 Generata
531 428 624 471 caelo,
645 427 806 478 adspicite
823 426 1003 476 religatum
1023 426 1149 476 asperis

343 480 562 532 Vinctumque
581 481 689 524 saxis,
711 493 834 517 navem
852 490 889 516 ut
909 479 1073 516 horrisono
1078 479 1177 525 freto

340 535 476 571 Noctem
491 544 657 585 paventes
677 533 786 569 timidi
805 532 986 569 adnectunt
1005 532 1151 569 navitae.

339 587 522 624 Saturnius
542 601 591 624 me
608 588 655 623 sic
673 585 786 631 irfixit
802 585 958 634 Jupiter,

336 641 500 691 Jo-visque
517 653 637 676 numen
657 638 827 675 Mulcibri
845 639 971 674 ascivit
989 651 1120 675 manus.

338 695 411 731 Hos
429 694 485 731 ille
504 699 545 724 30
557 706 669 729 cuneos
678 691 825 741 fabrica
843 690 968 727 crudeli
987 692 1140 734 inserens,

335 747 496 797 Perrupit
513 754 610 782 artus
626 761 638 780 .·
668 757 737 796 qua
756 746 854 781 miser
870 744 1016 780 sollertia

338 799 659 841 Transverberatus,
678 807 824 835 castrum
845 796 1091 846 bocfuriarum
1109 796 1221 834 incolo.

334 855 417 890 Jam
436 854 530 889 tertio
549 866 599 889 nze
617 865 743 903 quoque
746 852 890 900 funesto
907 851 973 895 die,

335 906 441 943 Tristi
460 905 641 949 advoluta,
660 904 799 941 aduncis
817 904 969 941 lacerans
990 904 1159 955 unguibus

333 960 433 996 Jovis
453 959 585 996 satelles
597 969 703 1009 pastu
721 958 869 995 dilaniat
875 959 967 1006 fero.

335 1014 421 1050 Tum
431 1013 540 1060 jecore
558 1013 659 1062 opimo
665 1013 774 1060 farta
793 1020 824 1048 et
842 1012 986 1056 satiata,
1007 1025 1028 1048 a
1055 1012 1145 1048 atim

335 1065 667 1117 Clangoremsundit
685 1074 836 1108 vastum,
855 1075 887 1102 et
905 1072 942 1096 31
959 1065 1098 1102 sublime
1114 1065 1271 1108 avolans,

333 1121 484 1157 Pinnata
502 1119 614 1157 cauda
633 1128 779 1156 nostrum
800 1118 922 1155 adulat
941 1119 1149 1168 sanguinem.

333 1173 420 1211 Cum
438 1187 517 1211 vero
536 1172 670 1210 adesum
688 1173 812 1219 inflatu
832 1179 1030 1208 reno-vatum
1048 1182 1096 1208 est
1104 1173 1218 1218 jecur,

331 1228 417 1264 Tum
436 1240 553 1263 rursus
572 1233 685 1262 taetros
704 1224 814 1262 avida
833 1238 867 1261 se
885 1224 935 1261 ad
943 1234 1062 1275 pastus
1083 1226 1196 1274 refert.

330 1280 389 1318 Sic
409 1287 448 1311 32
461 1280 549 1316 hanc
568 1281 730 1315 custodem
749 1278 858 1315 moesti
877 1278 1046 1315 cruciatus
1065 1279 1119 1314 alo
1132 1295 1144 1315 :

333 1334 422 1382 Quae
440 1346 489 1369 me
498 1332 647 1383 peremni
664 1331 788 1368 vivum
792 1331 917 1379 foedat
937 1332 1083 1370 miseria.

329 1388 499 1436 Namque,
519 1395 557 1422 ut
576 1385 714 1429 videtis,
735 1385 856 1422 vinclis
874 1385 1068 1422 constrictus
1087 1385 1201 1430 Jovis,

326 1442 452 1476 Arccre
468 1452 587 1490 nequeo
601 1438 712 1476 diram
729 1439 897 1475 volucrem
917 1452 940 1475 a
954 1448 1092 1489 pectore.

329 1493 387 1531 Sic
407 1507 458 1531 me
475 1493 543 1543 ipse
560 1492 689 1529 viduus
702 1502 809 1542 pestes
828 1493 951 1543 excipio
968 1494 1106 1538 anxias,

325 1548 448 1584 Amore
464 1547 578 1583 mortis
595 1546 769 1582 terminum
788 1546 966 1596 anquirens
983 1547 1077 1584 mali.

328 1599 400 1637 Sed
414 1600 510 1649 longe
526 1613 548 1636 a
563 1600 627 1635 leto
644 1599 777 1636 numine
794 1600 935 1650 aspellor
954 1600 1068 1637 Jovis.

323 1658 440 1704 Atque
457 1652 529 1690 haec
547 1662 686 1690 vetusta
703 1653 812 1689 saeclis
824 1653 1014 1702 glomerata
1033 1652 1186 1698 horridis,

325 1705 497 1753 Luctifica
514 1705 624 1743 clades
642 1716 750 1743 nostro
768 1705 877 1752 infixa
896 1715 944 1743 est
961 1707 1083 1758 corpori
1097 1723 1109 1743 .-

326 1761 360 1797 E
377 1774 440 1811 quo
458 1760 600 1810 liquata>
617 1760 694 1796 solis
713 1759 831 1797 ardore
849 1759 1005 1796 excidunt

325 1814 458 1858 Guttae,
477 1827 556 1864 quae
572 1826 661 1850 saxa
681 1812 816 1850 assidue
834 1813 1004 1850 instillant
1024 1812 1183 1851 Caucasi.

215 1888 299 1930 Vix
330 1888 461 1944 igitur
488 1902 611 1943 posse
642 1887 831 1929 videmur
859 1889 917 1929 ita
940 1887 1139 1930 affectum
1160 1902 1244 1929 non
1264 1887 1466 1928 miserum
1487 1886 1652 1930 dicere:

216 1957 258 1987 et
279 1945 312 1986 si
333 1945 446 1986 hunc
466 1945 683 1994 miserum,
704 1953 819 1985 certe
839 1944 1046 1997 dolorem,
1067 1944 1242 1985 malum.

151 2012 205 2050 26
271 2002 328 2042 A.
348 2003 415 2043 Tu
437 2001 607 2057 quidem
626 2001 766 2042 adhuc
787 2016 923 2042 meam
947 2016 1117 2042 causam
1139 2001 1244 2057 agis.
1275 2000 1348 2042 sed
1369 2000 1451 2042 hoc
1471 2016 1573 2043 mox
1590 2002 1650 2043 vi-

214 2058 330 2100 dero.
361 2058 518 2099 interea
538 2057 649 2098 unde
667 2058 737 2099 isti
757 2060 927 2099 versus?
961 2073 1046 2099 non
1070 2058 1182 2099 enim
1209 2072 1413 2113 agnosca
1474 2058 1541 2099 M.
1569 2058 1651 2099 Di-

214 2129 308 2156 cam
327 2115 482 2156 hercle.
503 2114 659 2156 etenim
676 2122 789 2156 recte
807 2115 997 2171 requiris.
1022 2115 1189 2156 videsne
1208 2113 1422 2155 abundare
1442 2129 1511 2155 me
1532 2114 1649 2156 otio?

212 2172 270 2213 A.
290 2172 406 2228 Quid
426 2172 547 2213 tum?
579 2172 646 2212 Μ.
669 2171 800 2212 Fuisti
828 2186 955 2227 saepe,
975 2171 1118 2223 credo,
1138 2186 1237 2213 cum
1255 2170 1437 2212 Athenis
1458 2185 1583 2222 esses,
1606 2171 1648 2214 in

212 2229 368 2270 scholis
387 2227 756 2285 philosophorum.
815 2229 872 2269 A.
893 2230 1024 2281 Vero,
1045 2243 1094 2270 ac
1124 2227 1303 2269 libenter
1331 2226 1519 2283 quidem.
1579 2227 1647 2268 M.

211 2285 587 2327 Animadvertebas
616 2285 759 2341 igitur,
781 2286 859 2327 etsi
879 2295 970 2327 tum
990 2299 1117 2326 nemo
1139 2292 1227 2326 erat
1245 2283 1479 2325 admodum
1499 2283 1648 2339 copio-

211 2357 297 2393 sus,
328 2350 618 2384 verumtamen
653 2355 792 2383 versus
823 2342 876 2383 ab
906 2342 971 2383 his
1001 2340 1224 2383 admisceri
1253 2340 1445 2382 orationi.
1501 2340 1558 2380 A.
1579 2340 1648 2382 Ac

211 2399 370 2441 multos
384 2399 553 2456 quidem
571 2414 595 2440 a
610 2398 821 2455 Dionysio
836 2399 996 2440 Stoico.
1027 2399 1093 2439 M.
1110 2397 1242 2439 Probe
1257 2396 1376 2438 dicis.
1393 2396 1514 2438 sedis
1529 2397 1648 2453 quasi

211 2455 382 2508 dictata,
399 2456 516 2497 nullo
537 2455 708 2506 dilectu,
726 2455 841 2496 nulla
856 2455 1078 2511 elegantia.
1112 2453 1232 2495 Philo
1250 2461 1394 2494 noster
1416 2454 1477 2508 [et
1498 2460 1536 2485 3³
1547 2467 1648 2509 pro-

252 2553 293 2577 30
317 2545 594 2586 cuneos—inserens]
628 2547 836 2577 Valkenarius
866 2548 904 2577 ad
944 2547 1014 2585 jam
1037 2547 1081 2576 sic
1105 2551 1282 2576 correctum
1299 2545 1332 2575 in
1348 2545 1396 2575 ed.
1412 2545 1544 2575 Davisii.
1568 2546 1645 2576 item

210 2589 360 2620 Herodot.
377 2601 407 2629 p.
421 2595 494 2625 627.
511 2590 631 2619 inserens
647 2600 712 2620 non
729 2597 840 2629 aptum
856 2600 904 2620 sa·
948 2601 978 2620 v.
997 2599 1062 2628 seq.
1079 2600 1143 2630 quae
1158 2599 1213 2628 pro
1228 2588 1316 2626 vulg.
1333 2587 1397 2629 qui.

209 2633 248 2662 tis
264 2632 410 2672 AEschyli
423 2632 705 2672 grandiloquentiae
718 2640 821 2673 putat,
837 2643 906 2663 ma-
993 2638 1032 2662 323
1052 2632 1203 2671 proprium
1217 2630 1377 2669 numerum]
1398 2631 1469 2660 Hoc
1485 2639 1582 2660 nemo
1598 2630 1647 2659 in-

207 2675 342 2715 vultque
356 2675 416 2715 legi
433 2676 569 2705 insecans.
950 2675 1081 2714 telligat‚
1095 2684 1153 2705 nec
1168 2675 1340 2714 quisquam
1357 2673 1534 2713 explicavit.
1557 2673 1646 2703 abest

252 2724 290 2748 31
315 2718 434 2748 sublime
451 2716 609 2758 advolans]
636 2718 721 2748 Bene
744 2718 903 2748 Bentleius
948 2725 1056 2748 autem
1073 2728 1091 2748 a
1107 2719 1186 2748 Mss.
1203 2717 1369 2757 plerisque.
1408 2717 1472 2746 Ms.
1492 2715 1600 2745 Guelf.
1617 2722 1646 2744 et

208 2760 330 2790 avolans
343 2773 353 2790 :
377 2763 462 2801 quod
477 2772 522 2792 res
539 2761 687 2801 postulat.
708 2762 753 2791 sic
770 2762 904 2791 aversari
942 2761 1060 2800 propius
1076 2768 1182 2790 nostra.
1205 2760 1356 2790 assentior
1373 2759 1445 2790 viris
1460 2759 1572 2796 doeth,
1588 2758 1644 2798 qui

206 2813 292 2844 vaepe
308 2811 469 2835 mutatum
486 2811 531 2835 est
547 2805 578 2834 in
595 2803 761 2834 adversari.
947 2803 1121 2835 delendum
1137 2810 1261 2844 putant.

252 2853 292 2878 32
316 2847 388 2878 hanc
410 2845 564 2888 custodem]
582 2846 688 2887 Vulgo
705 2847 789 2878 male
803 2846 876 2876 hunc
891 2857 902 2884 ;
