1768 3095
521 94 700 133 LIBER
726 94 1010 133 TERTIUS,
1414 100 1485 137 153

54 208 169 250 tione
190 215 234 248 et
253 205 420 247 ratione
429 202 621 258 collegi-t,
641 210 692 243 ut
711 208 929 253 statueret,
949 201 993 242 in
1010 206 1072 242 5eo
1091 202 1352 246 collocatum
1373 222 1491 248 sum-

55 276 174 307 mum
195 259 515 307 illudthominis
544 267 705 314 perse
722 258 1000 310 laudandum,
1030 267 1074 299 et
1101 260 1386 315 expetendum
1411 264 1490 305 bo-

56 332 182 371 num,
205 318 320 376 quod
340 326 464 358 vcum‘
482 316 671 371 positum
701 315 755 356 sit
786 315 829 356 in
864 328 930 366 eo,
967 314 1085 371 quod
1115 316 1315 371 ὁμυλογῖαν
1343 318 1491 372 Stoici,

56 392 137 418 nos
161 375 421 432 appellemus
447 371 796 423 convenientiam,
825 371 861 412 si
891 372 1055 427 placet:
1087 386 1186 413 cum
1219 373 1349 431 igitur
1376 375 1418 415 in
1439 391 1492 417 eo

57 434 113 475 sit
131 433 175 474 id
204 433 377 480 bonum,
406 437 448 462 40
463 443 549 484 quo
583 427 801 470 referenda
831 427 914 469 sint
943 428 1087 469 omnia
1119 429 1315 483 [honeste
1344 431 1493 488 facta],

58 490 281 544 ipsumque
300 487 542 536 honestum,
559 485 676 542 quod
696 485 739 526 in
757 485 886 526 bonis>
910 484 1096 536 ducitur,
1117 500 1376 543 quamquam
1396 500 1496 544 post

58 545 206 595 oritur,
227 554 368 585 tamen
388 542 432 584 id
453 542 609 594 solum,
636 542 675 583 vi
701 556 775 584 sua
799 551 842 582 et
867 541 1077 598 dignitate
1097 543 1380 602 expetendum
1402 557 1493 588 est:

58 613 202 643 eorum
226 607 501 655 autern3quae
524 607 633 640 sunt<
646 599 783 654 prima
815 609 992 649 naturae,
1020 608 1195 654 propter
1223 615 1267 641 se
1297 600 1402 642 nihil
1424 617 1496 644 ex-

55 656 300 713 petendum.
361 655 698 706 Cum-verossilla,
737 652 815 696 'uae
836 655 974 696 officia
993 668 1084 696 esse
1105 655 1205 707 dixi,
1224 657 1494 713 proficiscan-
1507 671 1558 702 22

55 722 125 754 tur
144 714 198 754 ab
218 713 346 754 initiis
366 720 525 753 naturae
538 722 557 762 ‘3
587 726 637 752 ea
657 712 710 753 ad
741 718 743 721 ’
762 726 822 753 aec
839 711 1169 753 referrinecesse
1187 722 1252 754 est
1274 730 1299 756 τ’
1314 723 1363 756 ut
1381 727 1496 758 recte

55 769 139 812 dici
164 770 315 825 possit,
345 769 489 810 omnia
517 769 655 810 officia
684 783 736 810 eo
767 768 925 819 referri,
949 775 988 800 41
1005 777 1052 809 ut
1082 769 1366 825 adipiscamur
1382 774 1498 828 prin-

56 826 166 882 cipia
183 835 343 867 naturae
363 842 371 866 :
402 840 477 866 nec
499 834 642 866 tamen
663 834 711 866 ut
732 825 814 866 hoc
843 825 897 865 sit
930 825 1138 867 bonorum
1160 826 1377 880 ultimum,
1398 844 1497 885 pro-

56 892 201 938 pterea
220 882 335 938 quod
355 893 438 923 non
456 882 571 923 ‘inest
597 882 641 922 in
666 882 812 937 pr'imi's
843 888 1004 923 naturae·
1029 882 1499 928 conciliationibusho-

59 948 182 982 nesta
197 939 322 980 actio.
344 953 608 995 consequens
635 939 749 979 enim
781 947 858 989 est,
889 946 931 979 et
960 946 1058 993 post
1077 940 1223 991 oritur,
1244 950 1293 982 ut
1313 942 1411 984 dixi.
1434 954 1498 986 est

59 1005 202 1037 tamen
223 1010 272 1036 ea
289 996 527 1036 secundum
549 1004 758 1046 naturam,
780 995 1005 1050 multoque
1033 1010 1108 1036 nos
1139 996 1191 1036 ad
1223 1012 1267 1038 se
1297 1009 1497 1055 expeten-

60 1052 158 1094 dam
178 1053 316 1108 magis
339 1053 545 1102 hortatur,
569 1067 695 1109 quam
727 1051 945 1108 superiora
973 1051 1129 1093 omnia.
1149 1053 1221 1094 sed
1238 1068 1290 1095 ex
1311 1055 1393 1097 hoc
1413 1058 1500 1113 pri-

60 1124 180 1150 mum
210 1123 327 1150 error
356 1109 571 1150 tollendus
607 1117 685 1159 est,
718 1116 771 1149 ne
803 1109 897 1164 quis
925 1109 1046 1163 sequi
1077 1109 1302 1162 existimet,
1333 1122 1381 1153 ut
1412 1114 1498 1156 duo

61 1166 144 1207 sint
163 1166 314 1208 ultima
332 1166 557 1206 bonorum.
617 1165 681 1206 Ut
700 1165 829 1215 enim,
851 1165 1030 1206 sicui-sit
1049 1167 1330 1221 propositum,
1354 1178 1393 1202 42
1409 1171 1498 1212 col-

61 1222 208 1264 limare
230 1223 395 1263 hastam
414 1222 574 1278 aliquo,
591 1231 664 1262 aut
679 1221 895 1277 sagittam,
917 1220 1027 1262 sicut
1044 1237 1121 1263 nos
1138 1224 1337 1266 ultimum
1358 1227 1401 1268 in
1421 1227 1501 1270 bo-

61 1278 125 1319 nis
147 1278 355 1320 diximus:
385 1286 425 1310 4³
439 1279 499 1319 sic
520 1278 580 1319 illi
599 1279 737 1319 facere
758 1278 914 1328 omnia,
937 1292 1031 1333 quae
1051 1281 1198 1334 possit,
1219 1291 1266 1322 nt
1284 1282 1474 1326 collimet
1491 1302 1500 1327 ε

62 1334 161 1375 huic
192 1335 234 1375 in
264 1334 357 1390 ejus
386 1334 661 1376 similitudine
691 1334 834 1375 omnia
868 1335 951 1375 sint
980 1334 1186 1386 facienda,
1215 1345 1262 1378 ut
1282 1338 1500 1392 colliniet3

62 1400 104 1431 et
124 1401 264 1432 tamen
285 1400 333 1432 ut
354 1392 497 1432 omnia
515 1391 655 1441 faciat,
678 1405 762 1446 quo
797 1391 1061 1446 propositum
1085 1403 1333 1449 assequatur
1350 1412 1360 1437 ι
1393 1406 1432 1430 44
1448 1398 1501 1440 sit
1511 1406 1545 1436 P·
1560 1403 1610 1429 9⁵·

62 1446 161 1497 hoc,
185 1447 303 1503 quasi
327 1447 540 1496 ultimum,
562 1447 685 1503 quale
716 1462 792 1488 nos
823 1462 1036 1488 summum
1070 1448 1112 1489 in
1143 1449 1223 1491 vita
1254 1451 1415 1494 bonum
1436 1454 1542 1496 di-·

61 1503 224 1544 cimus:
255 1503 363 1544 illud
395 1513 554 1554 autem,
579 1512 628 1544 ut
654 1503 791 1554 feriat,
822 1504 942 1559 quasi
967 1504 1250 1560 seligendum,
1272 1523 1357 1550 non
1376 1524 1502 1567 expe-

61 1559 253 1601 tendum.
317 1560 593 1601 Cumautem
615 1559 760 1601 omnia
789 1560 928 1601 officia
947 1574 971 1600 a
992 1561 1207 1617 principiis
1224 1573 1382 1606 naturae
1406 1581 1503 1621 pro-
1519 1558 1549 1611 7

64 1616 316 1667 ficiscantur,
340 1617 392 1657 ab
410 1616 559 1658 iisdem
581 1631 752 1657 necesse
771 1626 835 1657 est
854 1617 1062 1672 proficisci
1082 1618 1218 1674 ipsam
1240 1622 1503 1677 sapientiam.
1517 1630 1566 1662 23

63 1672 147 1713 Sed
167 1672 530 1728 quemadmodum
552 1687 664 1728 saepe
685 1673 744 1723 fit,
765 1682 812 1714 ut
834 1672 882 1723 is,
911 1673 984 1728 qui
1011 1676 1335 1733 commendatus
1357 1681 1412 1720 sit
1431 1680 1507 1722 ali-

63 1729 148 1780 cui,
168 1729 300 1784 pluris
321 1744 418 1770 eum
446 1729 587 1780 faciat,
615 1730 685 1771 cui
714 1730 1041 1772 commendatus
1072 1732 1141 1782 sit,
1162 1741 1201 1764 4⁵
1218 1748 1344 1789 quam
1367 1736 1504 1790 illurn,

64 1799 90 1825 a
110 1800 197 1841 quo
217 1786 270 1826 sit
287 1801 299 1836 ;
331 1786 390 1827 sic
410 1786 584 1827 minime
612 1786 768 1827 mirum
796 1796 875 1837 est,
901 1787 1039 1842 primo
1059 1803 1135 1830 nos
1155 1791 1370 1848 sapientiae
1389 1807 1508 1835 com-⁷

66 1842 259 1882 mendari
280 1842 333 1882 ab
355 1842 483 1884 initiis
506 1852 681 1893 naturae,
702 1851 800 1898 post
819 1852 961 1885 autem
994 1845 1130 1899 ipsam
1157 1847 1406 1902 sapientiam
1431 1865 1508 1892 no-

63 1897 131 1939 bis
152 1898 356 1939 cariorem
379 1898 481 1949 fieri,
501 1914 628 1954 quam
659 1899 730 1940 illa
759 1900 855 1951 sint,
887 1915 911 1941 a
941 1901 1095 1957 quibus
1125 1902 1178 1944 ad
1208 1904 1317 1946 hanc
1348 1908 1505 1949 veneri-

64 1968 175 1995 mus.
197 1963 326 2010 atque
344 1964 393 1995 ut
413 1956 605 1997 membra
625 1956 747 1997 nobis
774 1959 831 1997 ita
861 1956 959 1997 data
988 1967 1100 2009 sunt,
1130 1968 1178 2000 ut
1208 1960 1263 2002 ad
1293 1963 1504 2018 quandam

64 2010 274 2052 rationem
297 2011 462 2052 vivendi
480 2017 520 2043 46
536 2011 747 2054 data-esse
768 2022 1024 2068 appareant:
1055 2015 1114 2056 sic
1135 2017 1339 2072 appetitio
1361 2020 1505 2071 animi,

68 2081 170 2122 quae,
198 2071 287 2123 ὁρμὴ
308 2068 460 2109 Graece
489 2078 675 2120 vocatur,
710 2083 794 2110 non
825 2069 878 2111 ad
911 2071 1089 2126 quodvis
1118 2087 1256 2128 genus
1288 2076 1398 2126 vitae,
1433 2078 1507 2119 sed

65 2123 122 2165 ad
151 2124 365 2180 quandam
395 2124 577 2166 formam
614 2125 777 2167 vivendi
809 2126 973 2168 videtur
1002 2127 1128 2170 data:
1158 2129 1347 2187 itemque
1373 2131 1417 2174 et
1443 2150 1508 2175 ra-

90 2277 150 2302 '40
172 2282 226 2312 quo
256 2271 405 2312 rfferenda
442 2273 501 2302 sint
529 2274 626 2303 omnia
657 2273 768 2303 honeste

57 2311 164 2353 facta]
182 2314 292 2343 honeste
304 2315 397 2355 facta
411 2315 496 2346 delet
508 2316 658 2348 Davisius
675 2317 766 2347 bene.

68 2357 161 2387 uncis
177 2357 306 2387 inclusi.
480 2365 481 2368 ’
726 2361 729 2363 ’

812 2272 941 2315 adfiuss'e.
958 2281 1030 2305 tum
1046 2274 1097 2305 ille
1118 2268 1323 2308 scribendum
1339 2286 1398 2317 est,
1415 2281 1507 2312 intel-

812 2315 1042 2357 ligendumque
1069 2318 1149 2348 debet
1163 2331 1172 2347 :
1196 2321 1254 2350 nisi
1279 2322 1371 2352 malis
1393 2322 1507 2364 illisa-

811 2359 911 2389 cienda
941 2361 1056 2390 omnia.-
1093 2363 1177 2404 quod
1208 2363 1329 2402 placet:
1370 2376 1446 2396 nam
1477 2376 1508 2399 et

107 2406 146 2429 41
173 2406 205 2429 ut
234 2399 432 2439 adipiscamur
455 2400 605 2440 principia
635 2401 763 2442 naturae]

67 2441 140 2472 i.¹e.
163 2452 213 2479 ea,
237 2452 310 2483 quae
332 2443 492 2484 principiis
515 2444 579 2474 illis
599 2445 664 2476 sint
690 2444 776 2489 egon--

71 2491 233 2516 sentanea.

110 2534 149 2558 42
174 2528 319 2557 collimare
340 2528 451 2558 hastam
468 2528 565 2571 aliqua
583 2528 661 2570 Elei]
686 2527 767 2560 Scri—

22 2583 28 2586 ·
69 2571 115 2609 psi
128 2572 196 2601 sine
208 2572 405 2602 haesitatione
415 2571 562 2602 collimar‘e
571 2581 627 2612 pro
635 2573 768 2612 vulgato

69 2612 233 2651 collineare,
249 2616 324 2653 quia
338 2614 418 2645 illud
440 2623 487 2645 est
509 2617 542 2646 in
559 2616 629 2646 edd.
645 2616 690 2655 pr.
708 2617 769 2647 hoc

71 2656 212 2694 primum
235 2659 282 2688 ed.
307 2658 388 2688 Ven.
416 2665 509 2691 1494.
529 2659 571 2689 cf.
596 2660 634 2689 de
659 2658 781 2704 Dix‘7in.v

72 2698 117 2734 11,
136 2707 186 2732 59-

89 2749 91 2752 ·
114 2747 152 2771 43
167 2741 216 2774 'sic
245 2742 293 2772 illi
309 2743 415 2783 facere
440 2742 552 2784 omnia]
579 2743 621 2774 ‘sic
649 2743 699 2774 est
724 2745 781 2774 vi—'

71 2782 191 2813 tiosum
209 2796 216 2813 ι
248 2786 384 2824 pertinet
406 2781 770 2818 enim'adss‘axit‘eeede'ris

70 2827 327 2866 comparationis,
357 2830 697 2870 transponendumque
724 2837 771 2862 est

812 2412 888 2432 mox
904 2410 951 2433 est
964 2415 971 2432 π
996 2403 1036 2432 sic
1047 2403 1114 2433 huic
1116 2405 1262 2445 facienda
1277 2408 1335 2438 sin!
1351 2410 1456 2440 omnia.

854 2454 893 2475 44
917 2447 966 2475 sed
983 2446 1032 2485 hec
1057 2449 1141 2491 quasi
1166 2448 1315 2488 ultimum]
1343 2452 1417 2484 Sine
1443 2455 1507 2484 hae-

809 2488 955 2518 sitatione
971 2489 1138 2528 vulgatum
1154 2493 1204 2521 sed
1216 2491 1335 2529 correxi
1348 2495 1400 2525 psit.

855 2539 898 2573 45ἱ
919 2543 1006 2573 quam
1030 2532 1117 2575 illustr
1133 2546 1152 2563 α
1167 2546 1220 2576 quo
1246 2534 1301 2576 sit]
1327 2536 1365 2566 sit
1388 2539 1509 2569 addunt

811 2574 881 2604 edd.
898 2585 944 2614 pr.
969 2574 1185 2616 quod-postea
1207 2579 1349 2612 deletum
1374 2588 1431 2611 est.
1453 2583 1508 2612 sed

812 2624 842 2647 et
858 2626 936 2647 mox
951 2625 1011 2661 est,
1025 2623 1112 2662 quam
1132 2620 1185 2649 illa
1208 2621 1278 2659 sint,
1294 2635 1312 2652 a
1328 2624 1431 2665 quibus
1446 2625 1506 2654 Ele.

813 2660 920 2699 itaque
935 2663 1067 2693 restitui.
1229 2694 1231 2696 .
1303 2699 1305 2701 ,

856 2708 896 2734 46
920 2704 991 2733 data
1014 2717 1070 2734 esse
1092 2705 1268 2747 appareat-ts]
1291 2703 1346 2738 ‚Sic
1368 2709 1439 2744 edd.
1462 2719 1507 2748 pr·

814 2746 938 2786 omnes.
955 2747 1008 2778 sed
1024 2749 1148 2782 videtur
1160 2747 1336 2788 legendum
1356 2757 1510 2792 appareat,

814 2798 853 2820 ex
869 2789 1031 2838 latinitatis
1047 2801 1129 2827 verae
1145 2794 1388 2826 consuetudine.
