1778 3095
257 123 331 165 190
564 117 635 155 DE
663 118 820 155 FINIB.
851 117 1050 156 BONOR.
1080 119 1147 155 ET
1174 117 1380 156 MALOR.

252 225 362 267 Quis
393 225 505 267 enim
528 225 604 266 tibi
633 225 737 267 illud
766 226 950 281 primum
975 226 1243 266 concesserit?
1278 240 1363 281 quo
1386 224 1556 280 quidem
1577 241 1681 268 con-

252 296 384 333 cesso,
407 282 510 323 nihil
531 297 638 337 opus
660 291 725 323 est
752 282 952 323 secundo.
984 282 1016 322 si
1048 282 1159 322 enim
1190 297 1315 323 omne
1344 282 1502 322 bonum
1533 282 1681 324 lauda-

189 339 338 390 49bi1e
358 347 435 389 est,
463 353 589 380 omne
622 339 845 380 honestum
872 347 949 379 est.
1009 338 1117 380 Quis
1152 339 1229 379 tibi
1264 353 1368 394 ergo
1404 338 1518 379 istud
1550 339 1682 391 dabit,

251 403 405 452 praeter
441 395 714 451 Pyrrhonem,
745 395 1005 444 Aristonem,
1037 408 1233 436 eorumve
1269 395 1459 436 similes?
1493 410 1601 450 quos
1634 405 1682 438 tu

250 453 521 508 nonprobas.
579 451 846 500 Aristoteles,
876 452 1150 500 Xenocrates,
1182 460 1273 493 tota
1302 452 1372 492 illa
1402 452 1574 502 familia,
1597 467 1680 493 non

248 509 367 551 dabit
383 526 395 560 3
446 508 602 563 quippe
651 508 723 563 qui
770 507 1052 558 valitudinem,
1097 507 1215 558 vires,
1258 504 1435 558 divitias,
1482 507 1681 563 gloriam,

249 566 384 607 multa
422 565 517 616 alia,
554 565 666 605 bona
697 578 788 604 esse
820 563 975 613 dicant,
1007 563 1233 605 laudabilia
1261 580 1343 605 non
1375 565 1528 606 dicant.
1563 573 1605 606 et
1637 564 1681 606 hi

249 623 422 678 quidem
443 621 501 663 ita
523 636 607 661 non
628 620 718 661 sola
736 620 901 671 virtute,
921 620 1045 660 finem
1063 621 1269 662 bonorum
1290 622 1494 663 contineri
1514 631 1680 677 putant,

248 688 297 721 ut
326 678 450 720 rebus
481 687 624 719 tamen
653 676 850 718 omnibus
879 676 1073 717 virtutem
1104 687 1374 732 anteponant.
1405 678 1506 734 quid
1536 692 1681 719 censes

247 751 320 778 eos
351 750 441 777 esse
472 735 670 784 facturos,
701 733 774 789 qui
804 733 977 774 omnino
1007 734 1203 774 virtutem
1223 749 1247 775 a
1266 735 1479 775 bonorum
1508 735 1587 775 fine
1613 750 1679 775 se-

247 801 541 848 gregaverunt,
577 791 824 846 Epicurum,
862 790 1190 846 Hieronymum,
1223 791 1318 831 illos
1355 791 1496 842 etiam,
1533 792 1567 832 si
1606 792 1679 846 qui

183 851 236 883 50
250 848 544 890 Carneadeum
584 847 708 889 finem
740 847 849 888 tueri
884 847 1057 888 volunt?
1101 848 1198 888 Jam
1239 856 1313 888 aut
1352 847 1565 903 Callipho,
1606 857 1680 888 aut

246 906 479 956 Diodorus,
503 912 539 941 97
553 903 770 960 quomodo
800 911 1000 959 poterunt
1029 903 1105 944 tibi
1136 904 1249 945 istud
1268 903 1513 955 concedere,
1533 904 1606 960 qui
1627 904 1680 945 ad

201 962 508 1004 b-honestatem
531 961 645 1002 aliud
664 960 913 1017 adjungant,
935 960 1049 1017 quod
1067 975 1117 1001 ex
1145 955 1295 1002 eodem
1315 975 1469 1015 genere
1490 976 1574 1002 non
1593 961 1676 1002 sit?

246 1020 388 1061 Placet
406 1019 538 1075 igitur
559 1018 651 1069 tibi,
671 1017 796 1068 Cato,
822 1032 920 1058 cum
951 1031 1015 1058 res
1044 1017 1242 1058 sumseris
1272 1032 1355 1057 non
1376 1032 1611 1068 concessaS,
1628 1031 1679 1058 ex

245 1077 326 1117 illis
348 1077 523 1127 efficere,
547 1074 662 1131 quod
679 1074 806 1116 velis?
838 1076 932 1116 Jam
962 1074 1033 1115 ille
1056 1082 1092 1108 98
1105 1075 1264 1124 sorites,
1288 1089 1374 1129 quo
1394 1074 1497 1115 nihil
1522 1074 1678 1130 putatis

243 1148 333 1174 esse
354 1133 555 1183 vitiosius,
578 1132 710 1174 Quod
731 1132 889 1172 bonum
911 1131 978 1181 sit,
998 1130 1042 1171 id
1062 1145 1151 1171 esse
1171 1131 1383 1185 optabile:
1415 1131 1531 1186 quod
1558 1139 1680 1185 opta-

243 1191 341 1241 bile,
356 1190 397 1231 id
412 1205 499 1231 esse
513 1188 794 1245 expetendum
809 1205 818 1229 :
838 1188 953 1243 quod
965 1187 1262 1242 expetendum,
1276 1186 1507 1227 laudabile:
1528 1186 1678 1227 deinde

243 1247 393 1303 reliqui
422 1246 595 1302 gradus.
626 1245 699 1285 sed
728 1259 811 1299 ego
848 1245 890 1284 in
923 1244 1004 1284 hoc
1040 1243 1201 1284 resisto.
1231 1243 1383 1283 eodem
1411 1243 1521 1283 enim
1545 1243 1677 1283 modo

242 1304 319 1345 tibi
357 1318 482 1344 nenio
515 1302 645 1352 dabit,
684 1300 798 1356 quod
834 1299 1115 1355 expetendum
1149 1299 1217 1349 sit,
1249 1298 1292 1339 id
1325 1314 1415 1339 esse
1450 1298 1677 1340 laudabile.

243 1359 355 1401 Illud
377 1374 473 1401 vero
505 1358 727 1398 99minime
756 1357 1077 1406 consectarium,
1114 1355 1188 1396 sed
1218 1355 1260 1396 in
1290 1355 1435 1410 primis
1465 1355 1595 1397 hebes
1625 1356 1677 1396 il-

240 1417 395 1467 lorum,
431 1416 685 1471 gloriatione
724 1414 896 1469 dignam
931 1428 1021 1454 esse
1056 1414 1223 1454 beatam
1258 1412 1398 1463 vitam,
1439 1412 1554 1468 quod
1592 1427 1677 1453 non

241 1474 376 1529 possit
392 1474 479 1514 sine
502 1473 723 1513 honestate
744 1471 1004 1526 contingere,
1028 1479 1076 1510 ut
1088 1470 1186 1525 jure
1214 1469 1436 1524 quisquam
1455 1469 1675 1524 glorietur.

178 1536 224 1567 51
241 1531 375 1572 Dabit
405 1530 488 1571 hoc
523 1528 686 1570 Zenoni
723 1528 953 1569 Polemon:
985 1527 1111 1568 etiam
1146 1526 1348 1581 magister
1379 1526 1484 1581 ejus,
1510 1534 1552 1566 et
1584 1534 1676 1567 tota

239 1587 312 1628 illa
329 1602 448 1643 gens,
467 1595 511 1627 et
530 1585 693 1641 reliqui,
713 1585 785 1641 qui
815 1585 1009 1625 virtutem
1035 1583 1231 1623 omnibus
1255 1582 1379 1623 rebus
1400 1582 1536 1623 multo
1556 1592 1675 1623 ante-

240 1653 459 1700 ponentes,
480 1642 721 1699 adjungunt
742 1641 780 1682 ei
801 1652 939 1683 tamen
963 1640 1119 1695 aliquid
1140 1654 1307 1680 summo
1328 1640 1370 1680 in
1392 1640 1505 1679 bono
1528 1639 1674 1679 finien-

239 1701 310 1742 do.
370 1701 415 1741 Si
435 1700 545 1740 enim
576 1699 720 1751 virtus,
751 1698 881 1754 digna
909 1706 972 1738 est
1001 1696 1268 1752 gloriatione,
1299 1705 1348 1737 ut
1377 1704 1455 1746 est,
1485 1704 1675 1736 tantum-

239 1772 321 1814 que
342 1766 513 1813 praestat
529 1756 678 1797 ceteris
709 1755 849 1805 rebus,
879 1762 925 1795 ut
955 1753 1038 1794 dici
1068 1753 1134 1793 vix
1162 1753 1319 1807 possit:
1351 1761 1394 1793 et
1415 1753 1562 1794 beatus
1583 1767 1673 1793 esse

238 1816 394 1871 poterit
412 1814 564 1855 virtute
582 1827 666 1854 una
686 1812 902 1867 praeditus,
932 1824 1076 1851 carens
1105 1809 1266 1859 ceteris,
1296 1823 1373 1849 nee
1403 1817 1546 1849 tamen
1566 1809 1674 1850 illud

238 1872 316 1912 tibi
336 1869 554 1921 concedet,
573 1879 724 1925 praeter
740 1869 952 1918 virtutem,
973 1866 1076 1912 nihil
1092 1866 1134 1907 in
1151 1866 1274 1906 bonis
1295 1880 1384 1906 esse
1405 1865 1645 1906 ducendum
1663 1882 1673 1906 ε

236 1928 298 1970 illi
329 1933 490 1978 autem,
526 1927 678 1983 quibus
714 1939 928 1967 summum
968 1925 1130 1964 bonum
1164 1922 1251 1964 sine
1283 1922 1436 1963 virtute
1467 1933 1546 1973 est,
1585 1937 1672 1963 non

238 1985 402 2027 dabunt
434 1985 627 2034 fortasse,
657 1983 782 2024 vitam
812 1983 979 2023 beatam
1015 1981 1197 2030 habere3
1228 1979 1271 2019 in
1306 1993 1390 2035 quo
1413 1979 1509 2035 jure
1539 1979 1672 2034 possit

237 2042 425 2099 gloriari.
447 2041 524 2082 etsi
555 2040 616 2081 illi
644 2039 817 2096 quidem
846 2038 973 2079 etiam
1002 2037 1239 2093 voluptates
1269 2036 1430 2076 faciunt
1458 2036 1670 2077 interdurn

175 2112 225 2143 52
236 2099 458 2156 gloriosas.
514 2097 647 2140 Vides
676 2097 820 2153 igitur,
851 2104 892 2136 te
924 2102 997 2136 aut
1030 2108 1080 2134 ea
1111 2108 1290 2143 sumere,
1321 2108 1414 2148 quae
1446 2106 1530 2132 non
1565 2107 1670 2133 con·

158 2166 224 2220 19
236 2156 454 2206 cedantur,
475 2163 549 2195 aut
567 2169 630 2205 ea,
650 2169 745 2209 quae
764 2153 891 2194 etiam
913 2165 1126 2202 concessa,
1146 2159 1189 2192 te
1211 2149 1314 2190 nihil
1329 2150 1491 2205 juvent.
1536 2149 1670 2205 Equi-

236 2214 333 2255 dem
364 2213 407 2253 in
433 2211 629 2253 omnibus
656 2210 746 2252 istis
776 2208 1119 2251 conclusionibus
1148 2207 1232 2247 hoc
1260 2214 1453 2261 putarem
1478 2205 1669 2260 philoso-

233 2271 348 2327 phia,
379 2268 586 2324 nobisque
616 2267 808 2323 dignum,
840 2276 883 2308 et
911 2266 1106 2314 maxime,
1136 2277 1235 2305 cnm
1263 2277 1478 2303 summum
1506 2262 1668 2304 bonum

234 2340 533 2384 quaereremus,
562 2325 689 2366 vitam
720 2333 922 2374 nostram,
951 2321 1138 2371 consilia,
1168 2320 1420 2369 voluntates,
1440 2334 1525 2360 non
1547 2320 1670 2360 verba

234 2384 403 2439 corrigi.
435 2383 528 2441 quis
559 2382 671 2423 enim
707 2389 845 2437 potest
883 2379 987 2430 istis,
1025 2394 1119 2435 quae
1154 2388 1211 2427 te,
1250 2384 1298 2417 ut
1334 2376 1409 2427 ais,
1443 2375 1668 2428 delectant,

278 2526 314 2554 97
341 2519 473 2560 quomodo
497 2515 646 2557 poterunt]
675 2518 739 2553 Sic,
767 2526 832 2547 non
862 2528 927 2557 quo,
972 2526 1050 2546 nam
1071 2516 1154 2545 deest
1177 2514 1263 2553 quod
1287 2513 1327 2551 τῷ
1350 2513 1401 2543 ille
1422 2512 1518 2542 sorites
1541 2523 1668 2553 respon-

235 2569 270 2594 ut
300 2563 431 2601 vulgati,
462 2562 581 2591 habent
603 2561 673 2590 edd.
699 2570 744 2600 pr.
772 2571 825 2601 quo
851 2560 929 2589 forte
973 2561 1054 2589 deat.
1100 2559 1131 2588 Si
1159 2564 1267 2587 tamen
1295 2557 1405 2586 Cicero
1431 2556 1561 2596 abrupte
1588 2557 1669 2586 dixit

235 2608 358 2636 sactum
374 2615 390 2634 e
407 2604 469 2645 qui.
963 2601 1031 2641 jam
1048 2600 1096 2629 ille
1112 2600 1222 2636 sorites,
1236 2599 1480 2639 intelligendum
1495 2606 1554 2637 est,
1571 2599 1667 2642 qualis

277 2656 317 2682 98
340 2648 449 2683 sorites,
474 2657 527 2688 quo
549 2657 577 2675 n.
594 2652 628 2685 p.
655 2657 677 2674 e.
700 2642 850 2683 vitiosius]
878 2644 928 2673 vi-
972 2652 1025 2681 est,
1043 2650 1097 2675 aut
1113 2643 1217 2674 simile
1232 2643 1320 2682 quid.

234 2692 331 2722 tiosius
348 2698 430 2721 certe
444 2690 595 2719 vitiosum
617 2695 673 2718 est.
688 2697 747 2718 nec
762 2689 849 2717 enim
866 2688 927 2717 hoc
1015 2695 1054 2720 99
1077 2687 1193 2715 minime
1216 2684 1431 2720 consectarium,
1452 2684 1500 2714 sed
1520 2683 1540 2713 ἱ.
1568 2681 1665 2723 hebes]

233 2735 403 2766 credebant
426 2733 533 2763 Stoici.
577 2731 723 2762 Gifanius
745 2737 848 2760 totum
866 2731 927 2760 hoc
972 2730 1046 2760 Scil.
1064 2730 1237 2759 consectaria
1257 2729 1404 2759 dicebant
1423 2728 1531 2758 breves
1546 2733 1577 2756 et
1592 2735 1668 2756 acu-

234 2791 287 2821 que
311 2790 341 2808 n.
359 2784 392 2817 p.
417 2789 442 2807 e.
467 2787 500 2806 v.
527 2775 673 2815 spurium
699 2775 850 2813 putabat3
874 2774 928 2803 sed
970 2780 1016 2803 tas
1044 2773 1240 2803 sententias:
1279 2772 1355 2802 hinc
1385 2773 1467 2802 bene
1495 2770 1666 2811 opponitur

232 2824 278 2852 sie
306 2831 370 2851 non
396 2829 493 2850 sanus
516 2819 553 2848 fit
578 2818 681 2855 locus,
706 2826 778 2855 nec,
801 2817 825 2847 si
851 2826 928 2846 curn
970 2817 1049 2846 hebes
1061 2826 1091 2847 v.
1108 2815 1196 2846 Clav.

233 2865 362 2898 Davisio
393 2863 537 2903 legamus
566 2861 667 2891 melius
697 2870 753 2901 pro
782 2859 928 2892 vitiosius.
