1768 3095
226 49 278 97 50
562 42 839 80 ACADEM.
871 42 1314 82 QUAESTIONUM

228 149 468 206 sophistes?
500 156 539 186 ³⁷
555 150 614 191 sic
647 150 759 191 enim
790 150 1054 206 appellantur
1084 151 1126 202 ii,
1156 151 1228 207 qui
1259 148 1566 202 ostentationis,
1595 158 1670 193 aut

230 214 417 263 quaestus
445 220 572 248 causa
601 205 965 262 philosophantur.
996 207 1179 248 maxima
1205 207 1286 249 fuit
1316 216 1359 248 et
1388 206 1604 262 gravitatis
1624 216 1669 249 et

168 268 216 310 73
231 263 387 319 ingenii
405 262 556 319 gloria.
616 263 734 305 Quid
757 263 905 318 loquar
935 262 986 304 de
1016 263 1296 305 Democrito?
1330 278 1457 327 quem
1487 277 1586 304 cum
1615 277 1669 305 eo

231 319 419 362 conferre
440 334 663 375 possumus
685 335 769 361 non
789 319 917 360 modo
946 320 1103 374 ingenii
1122 320 1429 375 magnitudine,
1449 318 1521 361 sed
1540 319 1668 361 etiam

231 376 392 418 animi?
426 376 497 432 qui
529 376 588 417 ita
622 376 676 417 sit
707 391 833 417 ausus
866 375 1009 425 ordiri,
1040 377 1149 417 Haec
1185 377 1335 432 loquor
1369 375 1421 417 de
1458 375 1670 417 universis.

232 433 335 475 nihil
354 433 523 488 excipit,
543 433 595 473 de
622 448 708 489 quo
741 447 824 473 non
857 432 1114 487 profiteatur.
1144 432 1245 488 quid
1273 433 1384 474 enim
1412 447 1501 474 esse
1529 441 1672 488 potest

215 497 349 531 'extra
368 490 585 531 universa?
620 489 712 545 quis
741 488 853 530 hunc
882 488 1182 544 philosophum
1214 503 1296 530 non
1327 490 1546 546 anteponit
1569 487 1670 530 Cle-

233 546 366 597 anthi,
388 545 645 602 Chrysippo,
664 545 913 601 reliquisque
934 544 1139 587 inferioris
1159 546 1322 586 aetatis?
1355 547 1428 602 qui
1447 545 1552 587 mihi
1571 542 1669 586 curn

234 601 308 644 illo
339 602 496 653 collati,
525 602 681 658 quintae
713 602 855 643 classis
888 601 1092 642 videntur.
1123 610 1250 658 atque
1278 602 1312 643 is
1343 616 1426 643 non
1451 601 1533 643 hoc
1553 601 1674 653 dicit,

235 659 349 716 quod
382 675 473 710 nos,
495 659 565 714 qui
599 659 680 699 veri
710 673 799 699 esse
831 658 986 714 aliquid
1018 673 1100 699 non
1133 672 1352 714 negamus,
1372 659 1529 714 percipi
1547 672 1671 714 posse

235 731 467 772 negamus:
499 715 569 756 ille
603 731 742 756 verum
775 730 863 756 esse
893 715 1015 771 plane
1045 724 1199 771 negat:
1231 729 1322 756 esse
1351 722 1391 747 38
1409 729 1553 756 sensus
1609 715 1671 756 ui-

235 773 332 814 dem
353 788 436 815 non
455 773 657 814 obscuros
677 772 793 822 dicit,
815 787 890 813 nec
912 771 1195 813 tenebricosos
1215 789 1224 812 :
1260 771 1335 824 (sic
1355 771 1467 813 enim
1487 784 1594 827 appe
1613 770 1673 812 lat

235 844 307 871 eos
337 829 387 881 is,
417 830 489 885 qui
521 829 633 870 hunc
666 830 846 870 maxime
877 838 940 870 est
967 827 1212 879 admiratus,
1234 828 1369 870 Chius
1397 826 1673 869 Metrodorus

237 886 358 928 initio
378 886 488 935 libri,
508 885 580 941 qui
599 895 661 927 est
681 885 732 926 de
753 888 932 937 natura.)
994 887 1138 941 Nego,
1158 885 1311 941 inquit,
1331 884 1437 926 scire
1455 898 1545 936 nos,
1565 884 1673 925 scia-

237 957 386 984 musne
415 942 587 998 aliquid,
608 957 660 983 an
691 942 794 983 nihil
822 943 1029 984 sciamus:
1060 957 1111 983 ne
1141 941 1198 983 idi
1230 957 1322 984 sum
1353 940 1524 997 quidem
1545 949 1586 976 ³⁹
1602 954 1674 982 ne-

175 1004 226 1044 74
239 1000 357 1051 scire,
378 1014 430 1040 an
451 998 555 1040 scire
578 1016 586 1040 :
619 1013 694 1040 nec
715 999 902 1051 omnino,
924 999 1029 1040 sitne
1057 957 1230 1054 aliquid),
1250 1013 1302 1040 an
1331 997 1435 1040 nihil
1464 998 1531 1039 sit.
1590 997 1674 1039 Fu·-

132 1064 161 1093 P·
179 1060 227 1086 1⁹·
240 1071 328 1098 rere
349 1055 425 1098 tibi
446 1054 725 1112 Empedocles
746 1055 906 1097 videtur
926 1073 935 1096 z
966 1066 1007 1096 at
1028 1055 1134 1097 mihi
1153 1055 1449 1111 dignissimum
1469 1055 1592 1096 rebus
1609 1053 1676 1104 iis,

199 1105 291 1154 a‘de
326 1113 479 1170 quibus
510 1112 711 1168 loquitur,
747 1127 898 1153 sonum
934 1112 1122 1154 fundere.
1152 1127 1253 1153 num
1284 1126 1388 1168 ergo
1421 1111 1456 1152 is
1491 1120 1675 1152 excaecat

239 1185 330 1221 Ποε,
349 1179 423 1211 aut
442 1169 564 1210 orbat
582 1169 786 1219 sensibus,
817 1169 851 1209 si
881 1183 1030 1223 parum
1059 1183 1258 1224 magnam
1288 1168 1372 1209 vim
1401 1177 1544 1209 censet
1563 1167 1606 1208 in
1625 1166 1675 1208 iis

237 1225 409 1267 esse'ad
439 1241 504 1276 ea,
524 1241 618 1280 quae
650 1225 727 1266 sub
757 1239 828 1265 eos
860 1225 1050 1280 subjecta
1078 1234 1190 1275 sunt,
1212 1224 1472 1280 judicanda?
1506 1225 1674 1264 Parme-

238 1282 369 1334 nides,
408 1282 706 1337 Xenophanes,
739 1281 877 1321 minus
915 1281 1037 1322 bonis
1074 1295 1332 1337 quamquam
1370 1280 1569 1331 versibus,
1602 1280 1676 1322 sed

237 1348 379 1380 tamen
397 1338 478 1379 illis
499 1338 682 1379 versibus
702 1337 917 1393 increpant
936 1352 1081 1378 eorum
1102 1337 1403 1394 arrogantiam,
1423 1337 1541 1393 quasi
1567 1337 1676 1389 irati,

237 1395 311 1451 qui
330 1410 428 1437 cum
450 1395 545 1436 sciri
565 1393 668 1435 nihil
695 1394 842 1449 possit,
862 1393 1046 1435 audeant
1064 1408 1108 1435 se
1128 1394 1232 1435 scire
1251 1393 1402 1435 dicere.
1461 1395 1515 1434 Et
1535 1393 1588 1434 ab
1609 1393 1675 1434 his

238 1451 380 1493 aiebas
401 1450 699 1492 removendum
721 1451 937 1491 Socratem
965 1459 1008 1491 et
1034 1450 1265 1491 Platonem.
1296 1465 1370 1491 cur
1390 1452 1403 1491 ?
1435 1465 1488 1490 an
1507 1449 1559 1491 de
1578 1449 1675 1492 ullis

236 1509 390 1550 certius
410 1522 585 1563 possum
606 1507 773 1548 dicere?
806 1507 954 1548 vixisse
983 1521 1080 1550 cum
1101 1506 1166 1547 his
1185 1507 1383 1562 equidem
1414 1505 1582 1548 videor:
1615 1506 1674 1548 ita

236 1564 361 1606 multi
391 1578 603 1606 sermones
632 1563 852 1618 perscripti
871 1572 982 1615 sunt,
1003 1578 1025 1604 e
1047 1563 1199 1619 quibus
1218 1563 1401 1604 dubitari
1421 1578 1505 1605 non
1525 1563 1674 1619 possit,

237 1622 338 1678 quin
366 1621 529 1662 Socrati
561 1620 665 1661 nihil
691 1620 746 1661 sit
774 1620 910 1662 visum
939 1620 1035 1661 sciri
1064 1633 1203 1675 posse.
1232 1620 1397 1676 excepit
1425 1635 1558 1663 unum
1583 1628 1676 1663 tan-

237 1687 345 1729 tum,
366 1678 471 1719 scire
489 1692 547 1728 se,
568 1676 672 1719 nihil
701 1690 745 1718 se
777 1676 909 1718 scire:
941 1676 1045 1718 nihil
1074 1676 1268 1732 amplius.
1326 1676 1444 1734 Quid
1463 1676 1602 1718 dicam
1622 1675 1679 1731 de¹

240 1735 440 1777 Platone?
474 1735 547 1790 qui
582 1742 694 1775 certe
728 1741 817 1774 tam
853 1733 996 1775 multis
1031 1733 1146 1774 libris
1182 1733 1274 1774 haec
1309 1741 1553 1788 persecutus
1588 1747 1672 1774 non

236 1800 361 1842 esset,
402 1791 480 1832 nisi
517 1790 789 1846 probavisset.
836 1790 1011 1832 ironiam
1051 1789 1161 1831 enim
1207 1789 1392 1840 alterius,
1428 1799 1676 1846 perpetuam

154 1851 228 1898 24
239 1849 485 1904 praesertim,
507 1846 622 1888 nulla
648 1847 729 1888 fuit
756 1846 861 1888 ratio
893 1846 1100 1902 persequi.
1157 1846 1371 1888 Videorne
1400 1846 1492 1897 tibi,
1512 1861 1597 1888 non
1627 1856 1676 1887 ut

177 1924 225 1965 75
239 1904 505 1954 Saturninus,
525 1903 741 1947 nominare
757 1903 888 1944 modo
907 1903 1090 1944 illustres
1110 1901 1319 1954 homines,
1338 1902 1411 1944 sed
1430 1903 1558 1944 etiam
1579 1902 1675 1944 imi-

238 1961 317 2003 tari
352 1975 597 2018 numquam,
627 1960 705 2001 nisi
738 1959 915 2010 clarum,
945 1960 1023 2001 nisi
1053 1959 1263 2001 nobilem?
1295 1959 1432 2015 Atqui
1464 1958 1674 2000 habebam

238 2017 441 2060 molestos
473 2017 604 2067 vobis,
635 2016 707 2058 sed
739 2017 941 2067 minutos,
970 2016 1220 2072 Stilponem,
1247 2015 1505 2068 Diodorum,
1527 2015 1675 2056 Alexi-

238 2089 371 2116 num:
407 2089 589 2130 quorum
620 2083 719 2115 sunt
754 2082 950 2115 contorta
981 2083 1024 2115 et
1053 2072 1243 2115 aculeata
1275 2071 1470 2128 quaedam
1507 2072 1674 2128 sophis-

238 2140 368 2172 mata.
405 2132 463 2172 sic
499 2131 609 2172 enirn
650 2130 915 2186 appellantur
953 2130 1122 2171 fallaces
1159 2128 1531 2171 conclusiunculae.
1591 2128 1682 2170 Sed·

237 2186 339 2243 quid
360 2202 432 2229 eos
451 2187 667 2242 colligam,
687 2202 784 2228 curn
805 2187 983 2228 habeam
1006 2185 1310 2242 Chrysippum,
1331 2186 1405 2242 qui
1423 2186 1571 2228 fulcire
1595 2200 1674 2240 pu-

238 2254 352 2286 tatur
371 2244 583 2299 porticum
616 2244 889 2285 Stoicorum?
922 2257 1049 2299 quam
1080 2242 1215 2284 multa
1243 2243 1313 2283 ille
1339 2253 1487 2285 contra
1515 2257 1675 2293 sensuS,

237 2315 364 2356 quarn
387 2300 523 2342 multa
537 2310 684 2342 contra
699 2301 855 2351 omnia,
873 2315 966 2356 qnae
989 2299 1030 2340 in
1051 2299 1354 2340 consuetudine
1374 2308 1416 2332 ⁴²0
1430 2301 1678 2356 probantur,

278 2409 317 2439 37
335 2405 376 2434 sic
391 2403 466 2433 enim
488 2402 690 2444 appellantur]
709 2403 760 2433 Sic
775 2403 845 2434 edd.
861 2409 935 2432 vett.
1022 2408 1062 2435 39
1077 2402 1194 2440 nescire,
1212 2414 1249 2432 an
1264 2403 1348 2439 scire,
1364 2403 1436 2433 scire
1457 2399 1520 2442 nos]
1545 2401 1677 2433 Redun-

235 2457 359 2478 ornnes.
406 2447 560 2476 Gruterus
589 2447 672 2476 dedit
702 2456 718 2475 e
749 2446 827 2476 Mss.
858 2445 934 2476 Pall.
977 2445 1029 2475 dat
1045 2446 1106 2475 hoc
1122 2445 1192 2474 scire
1207 2457 1266 2482 nes,
1280 2456 1316 2476 ac
1333 2446 1402 2477 libri
1418 2445 1522 2486 plures
1537 2454 1602 2476 non
1619 2447 1676 2475 ha-

236 2489 470 2530 appcllabantur,
487 2490 538 2519 sed
556 2489 583 2518 ei
601 2498 659 2518 nec
674 2490 823 2519 convenit
839 2488 934 2528 philo·
978 2488 1073 2518 bent:
1096 2488 1273 2528 delevitque
1298 2490 1444 2519 Davisius
1467 2495 1497 2518 et
1522 2488 1675 2518 Aleman-

235 2533 390 2571 sophanmr
402 2544 411 2561 .·
435 2533 521 2571 quod
544 2532 668 2561 deberet
689 2532 799 2572 corrigi
811 2531 935 2572 philom-
977 2541 1050 2568 nus,
1065 2531 1120 2570 qui
1137 2538 1166 2561 et
1183 2533 1215 2562 in
1232 2532 1294 2562 Ms.
1311 2533 1395 2572 regio
1410 2531 1477 2562 Par.
1500 2540 1566 2561 non
1589 2540 1675 2570 repe-

230 2575 406 2615 pharentur‚
424 2585 497 2614 ergo
513 2583 603 2604 vetus
618 2575 748 2605 restitui.
979 2575 1027 2604 rit.
1042 2574 1154 2604 delevi.
1248 2608 1255 2611 ,

281 2624 321 2649 38
345 2629 438 2648 sensus
464 2629 494 2659 ᾳ.
519 2628 571 2646 non
599 2616 671 2647 obse.
695 2617 724 2648 d.
751 2628 800 2646 mc
827 2618 933 2647 tenebr.
1021 2624 1061 2648 40
1085 2617 1259 2656 probantur,
1289 2616 1423 2647 dissolvit
1436 2627 1447 2646 .-
1484 2616 1559 2645 idem
1596 2615 1671 2656 δια]

237 2661 298 2691 Res
314 2660 451 2701 postulat
464 2661 644 2700 negationes
657 2660 763 2691 deleri.
780 2661 840 2690 suit
856 2660 933 2690 forte
978 2660 1056 2690 Ha‘c
1080 2661 1232 2699 scriptura
1256 2660 1385 2690 nullum
1411 2668 1543 2690 sensum
1568 2659 1674 2690 habet.

236 2711 266 2732 et
288 2704 360 2734 obse.
378 2711 405 2732 et
421 2703 526 2733 tenchr.
549 2710 604 2733 aut
627 2703 680 2732 vel
692 2715 716 2734 o.
733 2702 786 2733 vel
799 2711 821 2733 t.
867 2703 932 2734 Da·
975 2703 1185 2733 Scribendum
1204 2703 1377 2742 probantur.
1388 2710 1420 2731 at
1436 2701 1571 2731 dissolvit
1587 2702 1674 2732 idem.

234 2747 330 2778 visius
343 2748 394 2777 sed
406 2747 477 2777 obse.
491 2746 542 2776 sed
554 2745 661 2777 taenebr.
975 2745 1046 2775 milui
1065 2757 1092 2786 q.
1111 2757 1138 2775 n.
1163 2745 1296 2782 vidam,
1321 2753 1353 2773 ut
1376 2745 1449 2776 fecit
1472 2751 1502 2774 et
1525 2745 1674 2776 Davisius
