1778 3095
162 99 240 134 328
521 93 775 133 TUSCUL.
807 93 1251 132 QUAESTIONUM

163 217 190 243 a
210 201 332 245 malvis
353 201 406 243 ad
426 202 553 255 bona,
574 212 623 244 ut
643 202 864 259 Epicurus.
896 211 1009 254 sunt,
1039 202 1112 258 qui
1143 201 1242 243 satis
1272 206 1438 256 putent,
1462 207 1605 242 osten-

165 259 279 311 dere,
316 259 421 300 nihil
466 260 672 316 inopinati
711 268 751 292 30
765 259 982 309 accidisse,
1018 259 1121 300 nihil
1160 258 1274 300 mali.
1337 256 1605 314 Chrysippus

164 325 308 357 autem
349 326 477 372 caput
515 332 605 358 esse
644 328 786 358 censet
825 318 866 357 in
905 316 1180 366 consolando,
1222 312 1442 356 detrahere
1490 313 1605 354 illam

166 373 407 429 opinionem
442 373 649 423 maerenti,
683 373 717 414 si
754 388 797 414 se
836 374 974 414 officio
1004 373 1125 428 fungi
1155 380 1275 428 putet
1302 372 1442 426 justO,
1479 378 1607 425 atque

165 429 326 472 debito.
369 441 468 471 sunt
507 431 651 480 etiam,
690 429 816 485 31qui
858 430 949 471 haec
989 430 1132 470 omnia
1169 442 1326 484 genera
1361 425 1609 468 consolandi

167 486 387 542 colligant.
411 486 518 527 alius
537 487 647 527 enim
671 486 754 527 alio
774 486 904 526 modo
926 495 1133 536 movetur,
1163 494 1212 527 ut
1242 485 1328 526 fere
1358 498 1435 524 nos
1465 482 1608 524 omnia

167 543 211 585 in
240 543 573 584 consolationem
609 557 738 583 unam
773 542 1056 598 conjecimus:
1102 553 1191 583 erat
1221 542 1333 582 enim
1369 540 1410 581 in
1441 549 1608 580 tumore

168 600 350 649 animus,
381 608 424 639 et
453 600 590 639 omnis
622 599 663 639 in
702 613 753 638 eo
785 599 1025 639 tentabatur
1055 599 1231 639 curatio.
1259 597 1332 638 sed
1354 595 1608 638 sumendum

168 664 337 711 tempus
361 665 425 696 est
446 670 530 696 non
561 655 699 695 minus
733 656 774 695 in
809 655 1047 696 animorum
1081 655 1255 705 morbis,
1285 669 1412 710 quam
1444 653 1485 694 in
1516 666 1612 692 cor-

166 726 319 768 porum
341 729 350 752 :
382 722 431 753 ut
454 712 729 753 Prometheus
750 710 819 752 ille
841 711 1037 767 AEschyli
1054 726 1065 761 ;
1097 710 1164 752 cui
1186 725 1283 752 cum
1305 710 1465 752 dictum
1487 715 1611 758 esset,

274 803 398 853 Atqui,
422 801 630 845 Promethea,
650 812 680 838 te
700 801 756 838 hoc
775 811 880 838 tenere
899 803 1062 847 existimo,

274 855 404 892 Mederi
417 867 512 906 posse
531 857 689 893 rationem
712 856 911 893 iracundiae.

169 908 419 964 Respondit,

277 1001 316 1039 Si
335 999 467 1052 quidem
486 1000 545 1051 qui
561 1001 792 1051 tempestivam
815 998 1009 1036 medicinam
1029 999 1212 1037 admovens

277 1056 355 1091 Non
368 1054 418 1091 ad
426 1067 634 1104 gra-vescens
654 1054 782 1090 vulnus
803 1053 916 1089 illidat
936 1067 1067 1090 manus.

85 1130 153 1181 32
169 1129 260 1170 Erit
295 1129 426 1184 igitur
456 1128 498 1169 in
532 1127 895 1169 consolationibus
927 1127 1064 1182 prima
1097 1126 1318 1178 medicina,
1353 1126 1507 1168 docere
1541 1136 1616 1169 aut

105 1191 154 1243 77
169 1185 332 1227 nullum
364 1185 523 1226 malum
556 1199 662 1234 esse,
694 1192 766 1224 aut
802 1183 1034 1224 admodum
1070 1198 1272 1240 parvum:
1310 1183 1442 1224 altera
1480 1192 1522 1225 et
1562 1184 1617 1226 de

168 1243 389 1284 communi
408 1241 652 1282 conditione
679 1240 789 1290 vitae,
820 1249 863 1280 et
891 1240 1074 1296 proprie,
1106 1242 1139 1280 si
1171 1240 1272 1296 quid
1303 1240 1357 1281 sit
1386 1240 1438 1281 de
1469 1240 1616 1296 ipsius,

168 1299 241 1355 qui
272 1307 470 1349 maereat3
504 1306 542 1329 32
561 1297 902 1352 [disputandum]
937 1296 1074 1347 tertia,
1105 1311 1318 1338 summam
1349 1311 1438 1338 esse
1476 1297 1617 1340 stulti-

167 1356 272 1396 tiam
293 1356 447 1396 frustra
467 1354 618 1395 confici
639 1369 831 1404 maerore,
852 1368 951 1394 cum
965 1353 1201 1409 intelligas,
1232 1352 1335 1394 nihil
1364 1368 1488 1410 posse
1517 1369 1616 1410 pro-

169 1412 252 1453 fici.
277 1427 374 1452 nam
397 1411 626 1453 Cleanthes
653 1410 825 1466 quidem
856 1410 1089 1466 sapientem
1121 1410 1391 1452 consolatur:
1422 1411 1494 1467 qui
1516 1426 1619 1454 con-

127 1487 159 1516 b,
172 1469 379 1510 solatione
399 1483 482 1509 non
506 1477 618 1524 eget.
647 1467 751 1508 nihil
781 1467 892 1508 enim
924 1481 1015 1508 esse
1044 1466 1220 1516 malurn,
1252 1467 1368 1523 quod
1389 1476 1511 1523 turpe
1534 1484 1618 1510 non

172 1526 241 1577 sit,
262 1526 296 1567 si
316 1525 482 1581 lugenti
512 1526 781 1581 persuaseris,
813 1538 898 1565 non
929 1533 977 1565 tu
1008 1523 1068 1564 illi
1098 1523 1278 1575 luctum,
1299 1524 1372 1564 sed
1393 1524 1616 1566 stultitiam

168 1582 411 1624 detraxeris.
448 1582 631 1623 alienum
666 1589 807 1622 autem
846 1590 1013 1635 tempus
1049 1580 1241 1621 docendi.
1277 1589 1320 1621 et
1355 1588 1497 1622 tamen
1532 1594 1618 1623 non

170 1639 271 1681 satis
303 1639 408 1680 mihi
436 1638 600 1680 videtur
630 1637 780 1679 vidisse
810 1637 892 1679 hoc
926 1637 1170 1687 Cleanthes,
1201 1637 1355 1692 suscipi
1388 1637 1617 1693 aliquando

171 1695 470 1751 aegritudinem
492 1710 616 1750 posse
648 1709 698 1736 ex
728 1708 779 1735 eo
807 1695 916 1750 iPSO,
952 1693 1066 1749 quod
1098 1708 1187 1734 esse
1218 1709 1432 1735 summum
1456 1695 1617 1736 malum

171 1752 403 1794 Cleanthes
425 1752 514 1808 ipse
548 1752 745 1793 fateatur.
776 1751 879 1807 quid
904 1751 1017 1790 enim
1047 1750 1272 1791 dicemus?
1304 1764 1403 1791 cum
1424 1751 1620 1794 Socrates

169 1809 388 1851 Alcibiadi
407 1809 697 1865 persuasisset,
719 1817 767 1848 ut
786 1807 1043 1862 accepimuS,
1069 1820 1166 1847 eum
1189 1807 1293 1847 nihil
1307 1806 1491 1848 hominis
1513 1822 1619 1859 esse,

171 1880 248 1907 nec
289 1866 521 1922 quidquam
563 1866 672 1906 inter
709 1864 992 1915 Alcibiadem,
1030 1877 1200 1904 summo
1241 1864 1336 1905 loco
1376 1873 1538 1916 natum,
1576 1876 1620 1906 et

171 1923 360 1979 quemvis
396 1922 589 1979 bajulum
628 1922 857 1963 interesse:
890 1935 987 1961 cum
1025 1934 1068 1961 se
1106 1920 1350 1961 Alcibiades
1387 1919 1620 1973 afflictaret,

171 1978 497 2036 lacrymansque
518 1980 683 2020 Socrati
706 1977 883 2033 supplex
901 1985 1025 2027 esset,
1048 1986 1096 2019 ut
1111 1977 1190 2018 sibi
1207 1977 1402 2018 virtutem
1421 1978 1620 2030 traderet,

173 2036 565 2092 turpitudinemque
579 2035 808 2090 depelleret
828 2051 837 2075 ε
861 2034 963 2089 quid
977 2034 1181 2084 dicemus,
1200 2033 1409 2076 Cleanthe
1428 2036 1442 2075 ?
1465 2042 1503 2067 33
1515 2051 1619 2076 num

173 2093 216 2134 in
236 2093 310 2135 illa
331 2108 388 2144 re,
423 2108 517 2149 quae
553 2091 803 2148 aegritudine
832 2091 1100 2132 Alcibiadem
1131 2090 1354 2141 afficiebat,
1385 2091 1485 2132 mali
1515 2092 1620 2134 nihil

112 2163 162 2203 78
176 2150 336 2191 fuisse?
370 2149 516 2207 Quid?
550 2149 622 2190 illa
652 2149 853 2206 Lyconis,
884 2147 1025 2203 qualia
1055 2148 1186 2189 sunt?
1219 2147 1290 2202 qui
1322 2147 1619 2203 aegritudinem

174 2215 421 2258 extenuans,
451 2206 587 2263 parvis
621 2205 678 2246 ait
711 2220 804 2246 eam
836 2205 961 2246 rebus
994 2205 1168 2255 moveri,
1190 2211 1229 2236 34
1244 2202 1424 2246 fortunae
1456 2214 1500 2246 et
1527 2220 1623 2247 cor-

921 2355 973 2384 tiae
990 2354 1159 2383 adduntur.

967 2403 1003 2427 31
1031 2393 1282 2438 qui—colligant]
1321 2395 1408 2425 Male
1438 2396 1536 2436 vulgo
1565 2398 1622 2428 col-

174 2367 230 2397 pro
265 2362 381 2396 putant.
426 2355 515 2393 Sunt,
553 2355 603 2397 qui
639 2361 744 2394 putent
781 2355 876 2384 etiam

176 2399 285 2440 paullo
302 2406 374 2429 ante
390 2407 435 2429 est
452 2406 566 2438 putent.
612 2398 759 2428 Davisius
776 2398 878 2436 primo

177 2443 262 2473 male
278 2443 352 2472 fecit
370 2449 489 2481 putant,
513 2442 625 2472 deinde
649 2441 767 2471 addidit
782 2440 878 2469 docere

177 2486 231 2516 sed
248 2487 277 2515 id
294 2485 369 2515 latet
392 2486 423 2515 in
448 2484 625 2514 consolantis.
645 2490 749 2522 putent
765 2493 877 2513 verum

178 2536 236 2560 est.
291 2528 343 2558 Sic
372 2535 403 2558 et
433 2538 511 2558 mox
540 2528 684 2557 correxi:
719 2526 877 2562 abducant,

174 2577 290 2611 putent.

224 2621 265 2646 30
297 2613 443 2649 accidisse,
476 2612 553 2642 nihil
585 2610 671 2651 mali]
704 2611 780 2640 nihil
807 2610 880 2639 mali

179 2658 340 2697 displicuit
362 2657 434 2686 viris
457 2657 569 2686 doctis.
596 2664 626 2685 et
649 2661 695 2684 est
716 2664 792 2684 sane
813 2663 878 2685 non

178 2708 301 2741 aptum.
349 2700 516 2729 Manutius
546 2706 576 2728 et
606 2698 782 2729 Lambinus
812 2707 879 2727 cor-

178 2745 285 2784 rigunt
309 2742 385 2772 nihil
404 2743 482 2772 novi.
508 2752 573 2772 non
598 2741 693 2771 male.
738 2741 799 2770 Sed
814 2740 882 2770 Da„

179 2788 277 2818 visius
295 2796 351 2826 pro
375 2796 411 2816 eo
435 2786 524 2825 ponit
547 2792 580 2814 ut
607 2783 780 2825 Cyrenaici:
804 2784 880 2823 quia

181 2833 211 2861 ἰη
235 2830 387 2862 omnibus
412 2829 563 2860 membris
587 2835 729 2859 auctores
752 2833 880 2859 senten-

922 2439 1028 2479 ligant.

965 2489 1005 2513 32
1029 2479 1247 2520 disputandum]
1267 2481 1338 2510 Hoc
1356 2483 1490 2512 verbum
1506 2492 1524 2512 a
1539 2482 1623 2522 glos-

921 2531 1023 2555 satore
1038 2531 1096 2559 est‚
1112 2524 1364 2563 delendumque,
1386 2527 1501 2564 pendet
1522 2527 1621 2557 oratio

923 2577 941 2597 a
956 2567 1064 2604 docere,
1081 2573 1117 2597 ut
1132 2574 1163 2597 et
1177 2576 1250 2606 quae
1266 2574 1335 2606 post
1351 2568 1438 2598 tertia
1453 2574 1541 2599 sunt.

967 2617 1006 2642 33
1031 2621 1097 2640 num
1128 2610 1158 2639 in
1189 2609 1242 2638 illa
1272 2609 1314 2649 re]
1348 2611 1400 2641 Sic
1438 2613 1507 2642 edd.
1544 2620 1620 2644 vett.

923 2655 1021 2684 etiam
1049 2654 1133 2683 Vict.
1165 2653 1293 2683 Manut.
1327 2654 1437 2685 Lamb.
1467 2655 1621 2687 Gruterus

922 2707 939 2727 e
956 2696 1034 2727 Pan.
1052 2697 1130 2726 Mss.
1148 2703 1218 2725 tum.
1237 2697 1332 2727 male.

965 2747 1005 2771 34
1026 2739 1162 2780 firtunae
1199 2746 1226 2768 e!
1263 2740 1386 2780 corporis
1422 2739 1620 2782 incommodis]

923 2783 1110 2823 Suspicatus
1126 2793 1201 2814 sum
1206 2783 1345 2823 sorttma.
