1778 3095
572 151 751 188 LIBER
783 150 1024 187 PRIMUS.
1435 155 1510 188 423

92 273 195 314 quas
224 259 440 315 appellatis
469 257 592 314 κυρίας
620 257 737 306 δόξας,
757 256 863 306 haec,
890 266 938 296 ut
960 256 1123 310 opinor,
1147 254 1282 310 prima
1311 256 1515 297 sententia

92 324 183 356 est·
216 316 348 358 Quod
369 317 536 356 beatum
558 323 601 353 et
620 312 857 353 immoitale
877 321 954 361 est,
976 312 1017 352 id
1038 326 1114 352 nec
1134 312 1277 361 habet,
1299 325 1375 352 nec
1396 312 1513 353 exhi-

92 372 164 412 bet
185 374 381 436 cuiquam
401 370 633 425 negotium.
696 370 743 409 In
776 368 855 409 hac
886 368 944 408 ita
971 369 1161 422 exposita
1180 368 1397 417 sententia,
1419 370 1592 417 sunt31

92 429 165 482 qui
185 429 434 477 existiment,
457 426 571 482 quod
600 425 670 466 ille
698 425 862 465 inscitia
891 424 1013 479 plane
1041 424 1242 480 loquendi
1272 423 1430 472 fecerit,
1451 424 1513 465 fe-

91 485 196 526 cisse
229 485 437 526 consulto.
479 482 531 523 de
566 482 736 523 homine
770 481 943 521 minime
973 482 1087 521 vafro
1120 481 1230 521 male
1260 480 1513 521 existimant.

90 541 280 582 Dubium
310 550 374 581 est
402 539 528 590 enim,
550 548 691 580 utrum
723 538 835 579 dicat
863 537 1021 593 aliquid
1051 538 1128 577 iste
1159 538 1330 578 beatum
1361 547 1404 577 et
1432 536 1513 577 im·
1526 539 1576 575 86

91 597 282 647 mortale,
304 611 370 646 an,
391 596 424 636 si
455 596 569 651 quod
600 596 665 645 sit,
693 595 735 635 id
765 609 854 635 esse
885 594 1136 634 immortale.
1195 595 1297 634 Non
1325 591 1545 634 animad-b
1549 615 1554 620 -

88 661 267 716 xertunt,
289 652 355 692 hic
376 667 472 692 eum
496 627 693 707 ambigue
714 652 903 692 locutum
930 665 1047 691 esse:
1079 649 1153 690 sed
1174 649 1318 690 multis
1339 649 1429 690 aliis
1450 650 1515 690 lo-

89 709 162 759 cis,
183 718 225 749 et
246 709 380 760 illum,
400 718 444 749 et
467 709 762 750 Metrodorum
793 717 877 748 tarn
912 716 1068 762 aperte,
1090 722 1215 762 quam
1246 706 1390 761 paullo
1420 715 1516 748 ante

89 774 145 806 te.
177 765 244 805 ille
264 780 360 805 vero
382 765 482 806 deos
504 780 594 806 esse
612 775 761 820 putat:
794 779 869 805 nec
897 778 1148 819 quemquam
1171 763 1268 813 vidi,
1289 763 1361 818 qui
1381 763 1516 818 inagis

86 835 149 871 ea,
169 836 262 876 quae
281 822 467 862 timenda
484 837 574 862 esse
594 830 779 877 negaret,
798 822 979 871 timeret,
997 831 1178 861 mortem
1197 820 1308 870 dico,
1329 829 1371 860 et
1391 819 1514 861 deos:

87 877 238 932 quibus
260 878 492 919 mediocres
525 878 715 920 homines
747 893 830 918 non
863 878 920 918 ita
950 877 1067 918 valde
1098 886 1331 917 moventur.
1362 876 1426 916 his
1446 875 1517 917 ille

86 933 254 983 clamat,
292 935 482 976 omnium
518 935 759 976 mortalium
799 942 960 974 mentes
996 948 1086 974 esse
1122 933 1373 996 peiterritas.
1431 933 1517 973 Tot

85 990 217 1030 millia
236 991 550 1041 latrocinantur,
571 1000 707 1031 morte
730 991 956 1046 proposita.
1014 990 1103 1030 Alii
1124 1004 1280 1039 omma,
1300 1004 1394 1044 quae
1415 1003 1516 1044 pos-

84 1056 195 1096 sunt,
216 1047 310 1087 fana
331 1048 575 1102 compilant.
637 1047 793 1097 Credo,
813 1056 886 1087 aut
915 1046 1009 1087 illos
1041 1046 1187 1086 mortis
1213 1046 1341 1086 timor
1370 1054 1512 1096 terret,

85 1113 157 1143 aut
180 1103 254 1144 hos
274 1104 504 1167 religionis.

141 1159 239 1209 Sed,
259 1175 458 1216 quoniam
479 1175 562 1201 non
581 1160 709 1200 audes
733 1160 840 1215 (jam
871 1160 980 1200 enim
1010 1174 1105 1200 cum
1130 1159 1222 1214 ipso
1243 1159 1427 1214 Epicuro
1448 1159 1513 1201 lo-
1527 1169 1574 1209 87

85 1218 202 1270 quar)
227 1231 392 1271 negare,
413 1231 503 1258 esse
533 1217 661 1258 deos:
694 1216 796 1272 quid
825 1226 902 1266 est,
922 1216 1037 1271 quod
1060 1226 1099 1256 te
1120 1215 1334 1271 impediat,
1354 1225 1426 1256 aut
1444 1231 1513 1257 so-

84 1271 182 1322 lem,
201 1282 275 1313 aut
294 1274 452 1322 lunam,
482 1284 556 1314 aut
585 1274 806 1323 mundum,
825 1282 898 1313 aut
929 1283 1114 1313 mentem
1146 1273 1328 1327 aliquam
1357 1273 1513 1328 sempi-

84 1337 243 1369 ternam
276 1330 316 1369 in
352 1330 525 1370 deorum
559 1339 706 1370 natura
738 1331 922 1384 ponere?
956 1330 1203 1384 Numquam
1236 1329 1334 1377 vidi,
1363 1329 1513 1384 inquit,

85 1385 265 1425 animam
299 1386 487 1436 rationis,
507 1386 752 1441 consiliique
784 1386 1024 1440 participem
1048 1401 1088 1425 111
1111 1385 1196 1425 ulla
1216 1385 1310 1434 alia,
1333 1400 1410 1425 11151
1433 1385 1513 1426 hu-

84 1455 206 1481 mana
227 1442 374 1497 figura.
416 1418 559 1498 Quid?
595 1442 693 1482 solis
714 1442 1032 1497 numquidnam,
1055 1453 1126 1482 aut
1149 1443 1274 1492 lunae,
1296 1454 1368 1482 aut
1389 1442 1512 1497 quin-

84 1512 164 1551 que
182 1499 409 1539 errantium
431 1499 610 1539 siderum
635 1499 767 1539 simile
788 1499 949 1539 vidisti
943 1512 952 1529 r
987 1499 1049 1538 sol
1071 1497 1233 1538 duabus
1256 1499 1376 1538 unius
1399 1498 1513 1540 orbis

83 1554 241 1594 ultimis
278 1555 465 1609 partibus
500 1555 699 1595 definiens
737 1564 917 1604 motum,
954 1569 1099 1595 cursus
1135 1569 1294 1595 annuos
1329 1556 1511 1596 conficit.

81 1610 223 1665 Hujus
249 1619 284 1642 Η
299 1612 405 1651 hanc
428 1611 716 1651 lustrationem
742 1611 929 1666 ejusdem
961 1612 1128 1651 incensa
1149 1611 1273 1651 radiis
1295 1621 1511 1652 menstruo

81 1667 216 1721 spatio
238 1668 335 1708 luna
355 1667 554 1722 complet.
614 1668 815 1731 Quinque
837 1677 978 1708 autem
1000 1667 1130 1707 stellae
1162 1667 1342 1707 eundem
1364 1668 1510 1709 orbem

81 1733 284 1774 tenentes,
304 1725 395 1764 aliae
418 1724 588 1778 propius
610 1738 632 1763 a
652 1726 786 1774 terris,
808 1724 898 1764 aliae
921 1723 1136 1773 remotius,
1153 1724 1206 1764 ab
1227 1723 1373 1763 iisdem
1397 1725 1510 1779 prin-

79 1779 211 1834 cipiis,
235 1781 470 1836 disparibus
492 1781 751 1835 temporibus
774 1781 920 1821 eidem
943 1781 1077 1844 spatia
1097 1780 1338 1820 conficiunt.
1368 1782 1509 1822 Num·
1523 1788 1572 1821 88

81 1837 182 1890 quid
213 1838 310 1887 tale,
343 1838 538 1901 Epicure,
572 1837 738 1877 vidisti?
772 1839 841 1877 Ne
871 1837 924 1877 sit
955 1838 1086 1891 igitur
1116 1837 1194 1887 sol,
1229 1851 1280 1877 ne
1311 1837 1424 1887 luna,
1458 1853 1509 1879 ne

80 1892 238 1933 stellae:
272 1894 468 1949 quoniam
503 1893 603 1933 nihil
632 1907 722 1934 esse
754 1903 909 1948 potest,
930 1894 1008 1934 nisi
1038 1894 1152 1948 quod
1179 1893 1414 1948 attigimus,
1436 1905 1510 1936 aut

79 1949 272 1990 xidimus.
333 1950 479 1992 Ouid?
527 1949 652 1989 deum
690 1951 828 2004 ipsum
866 1965 1022 1990 numne
1056 1950 1224 1990 vidisti?
1272 1965 1346 1990 cur
1381 1951 1510 2005 igitur

78 2005 212 2046 credis
239 2008 358 2047 esse?
394 2007 591 2047 tollamus
622 2020 724 2060 ergo
756 2007 910 2057 onmia,
939 2022 1033 2062 quae
1066 2017 1140 2048 aut
1169 2007 1342 2047 historia
1372 2008 1508 2058 nobis,

78 2072 152 2103 aut
185 2063 290 2103 ratio
323 2078 428 2103 nova
455 2063 586 2103 aff.ert
649 2071 683 2093 1⁵
702 2063 766 2103 Ita
799 2063 856 2113 fit,
878 2073 923 2104 ut
958 2063 1247 2104 mediterranei
1277 2079 1391 2103 mare
1419 2079 1508 2105 esse

79 2134 163 2160 non
184 2119 367 2160 credant.
428 2121 536 2161 Ouae
568 2128 665 2159 sunt
696 2129 823 2160 tantae
855 2119 982 2160 animi
1011 2120 1232 2176 angustiae,
1254 2129 1316 2170 ut,
1338 2120 1372 2160 si
1395 2121 1506 2161 Seri-

77 2175 153 2230 phi
173 2185 295 2217 natus
325 2191 450 2227 esses,
474 2191 548 2216 nec
582 2190 784 2231 umquam
814 2191 1006 2231 egressus
1038 2192 1089 2217 ex
1116 2177 1291 2227 insula,'
1282 2192 1323 2216 111
1344 2192 1427 2232 qua
1446 2178 1506 2218 le-

76 2232 291 2287 pusculos,
313 2232 634 2288 vulpeculasque
658 2247 767 2287 saepe
797 2233 981 2283 vidisses,
1014 2247 1098 2273 non
1129 2233 1318 2274 crederes
1346 2233 1504 2284 leones,

75 2298 118 2329 et
138 2288 362 2344 pantheras
384 2304 489 2338 esse,
511 2304 606 2329 cum
631 2289 722 2338 tibi,
743 2289 887 2344 quales
906 2298 1058 2338 essent,
1079 2289 1318 2330 diceretur?
1353 2290 1386 2329 si
1408 2305 1502 2330 vero

76 2344 127 2385 de
160 2346 386 2400 elephanto
419 2347 511 2401 quis
544 2346 713 2396 diceret,
746 2346 873 2386 etiam
909 2346 1033 2386 rideri
1064 2357 1104 2386 te
1138 2347 1333 2401 putares?
1371 2348 1425 2386 Et
1455 2353 1542 2388 tuP·
1562 2351 1610 2377 ¹9·

75 2402 259 2455 quidem,
278 2402 428 2454 Vellei,
450 2417 532 2443 non
553 2412 688 2443 vestro
710 2416 842 2452 more,
864 2402 937 2442 sed
964 2402 1278 2443 dialecticorum
1304 2409 1340 2433 16
1358 2397 1540 2458 (quema'

75 2457 264 2500 funditus
296 2474 401 2514 gens
428 2469 563 2500 vestra
594 2474 678 2499 non
706 2460 833 2510 novit)
859 2460 1098 2514 argumenti
1127 2459 1372 2500 sententiam
1401 2475 1501 2500 con-
1512 2436 1580 2483 32

75 2514 263 2555 elusisti.
292 2516 443 2556 Beatos
464 2531 554 2556 esse
575 2516 675 2556 deos
702 2516 902 2557 sumsisti.
961 2515 1260 2556 Concedimus.
1320 2517 1380 2557 Be
1384 2528 1500 2557 atum
1514 2511 1564 2551 89

75 2580 217 2611 autem
237 2572 323 2612 sine
343 2573 494 2613 virtute
517 2573 728 2613 neminem
757 2587 846 2613 esse
878 2587 1014 2627 posse.
1074 2572 1123 2612 Id
1146 2588 1314 2628 quoque
1338 2573 1501 2624 damus,

118 2708 155 2731 14
178 2700 251 2730 hanc
263 2702 470 2743 lustrationem]
490 2707 540 2736 Sic
556 2713 636 2736 recte
652 2716 669 2736 e
683 2707 761 2736 Mss.
804 2713 840 2736 ut
855 2707 919 2735 duo
935 2706 1065 2736 Davisii.
1112 2704 1252 2734 Clericus
1267 2705 1479 2744 malebatfiet.

71 2744 155 2774 dedit
166 2744 311 2775 Davisius
298 2757 379 2786 apro
390 2748 516 2787 vulgato
529 2749 760 2785 illustrationem,
850 2755 886 2779 16
904 2747 1141 2789 quemfunditus]
1158 2748 1271 2786 Recepi
1282 2749 1497 2785 conjecturam

72 2793 108 2816 ut
123 2786 240 2826 placuit
255 2796 285 2819 et
301 2790 466 2820 Lambino.
806 2792 958 2829 Manutii,
982 2799 1012 2821 et
1033 2790 1101 2821 aliis
1124 2791 1302 2831 probatum.
1331 2802 1412 2831 quem
1444 2800 1498 2829 pro

120 2837 155 2860 15
182 2832 295 2878 Itafitj
322 2833 373 2862 Sic
398 2834 460 2864 Ms.
484 2833 590 2864 Guelf.
615 2844 670 2873 pro
691 2834 762 2864 vul·
807 2845 883 2875 quae.

71 2879 146 2911 gato
167 2872 214 2907 sit,
237 2882 267 2904 et
288 2875 368 2905 alius
395 2878 427 2906 in
454 2885 554 2914 marg.
577 2877 625 2907 ed.
651 2877 762 2907 Lamb.

819 2940 937 2978 Ee4
