<?xml version="1.0" encoding="UTF-8"?>
<!DOCTYPE html PUBLIC "-//W3C//DTD XHTML 1.0 Transitional//EN"
    "http://www.w3.org/TR/xhtml1/DTD/xhtml1-transitional.dtd">
<html xmlns="http://www.w3.org/1999/xhtml" xml:lang="en" lang="en">
 <head>
  <title>
</title>
<meta http-equiv="Content-Type" content="text/html;charset=utf-8" />
  <meta name='ocr-system' content='tesseract 3.04.00' />
  <meta name='ocr-capabilities' content='ocr_page ocr_carea ocr_par ocr_line ocrx_word'/>
</head>
<body>
  <div class='ocr_page' id='page_1' title='image "./p1operaomnia04ciceuoft_0125.png"; bbox 0 0 1768 3095; ppageno 0'>
   <div class='ocr_carea' id='block_1_1' title="bbox 121 89 1635 1898">
    <p class='ocr_par' dir='ltr' id='par_1_1' title="bbox 121 89 1635 1898">
     <span class='ocr_line' id='line_1_1' title="bbox 562 89 1569 137; baseline -0.003 -9.208"><span class='ocrx_word' id='word_1_1' title='bbox 562 90 753 129; x_wconf 82' lang='lat' dir='ltr'>LIBER</span> <span class='ocrx_word' id='word_1_2' title='bbox 781 89 1119 126; x_wconf 78' lang='lat' dir='ltr'>SECUNDUS.</span> <span class='ocrx_word' id='word_1_3' title='bbox 1498 93 1569 137; x_wconf 75' lang='lat'>117</span> 
     </span>
     <span class='ocr_line' id='line_1_2' title="bbox 134 194 1571 256; baseline -0.004 -13"><span class='ocrx_word' id='word_1_4' title='bbox 134 199 392 256; x_wconf 79' lang='lat' dir='ltr'><strong>Aristippus,</strong></span> <span class='ocrx_word' id='word_1_5' title='bbox 429 197 541 239; x_wconf 83' lang='lat' dir='ltr'>idem</span> <span class='ocrx_word' id='word_1_6' title='bbox 579 206 721 238; x_wconf 85' lang='lat' dir='ltr'>tenere</span> <span class='ocrx_word' id='word_1_7' title='bbox 755 196 917 248; x_wconf 79' lang='lat' dir='ltr'><strong>debuit,</strong></span> <span class='ocrx_word' id='word_1_8' title='bbox 951 195 1151 237; x_wconf 88' lang='lat' dir='ltr'>ultimum</span> <span class='ocrx_word' id='word_1_9' title='bbox 1189 194 1417 246; x_wconf 83' lang='lat' dir='ltr'>bonorum,</span> <span class='ocrx_word' id='word_1_10' title='bbox 1454 195 1571 252; x_wconf 88' lang='lat' dir='ltr'>quod</span> 
     </span>
     <span class='ocr_line' id='line_1_3' title="bbox 134 251 1570 310; baseline -0.004 -11"><span class='ocrx_word' id='word_1_11' title='bbox 134 257 229 298; x_wconf 86' lang='lat' dir='ltr'>ille:</span> <span class='ocrx_word' id='word_1_12' title='bbox 261 258 324 298; x_wconf 89' lang='lat' dir='ltr'>sin</span> <span class='ocrx_word' id='word_1_13' title='bbox 357 270 464 305; x_wconf 82' lang='lat' dir='ltr'>eam,</span> <span class='ocrx_word' id='word_1_14' title='bbox 497 268 624 309; x_wconf 84' lang='lat' dir='ltr'>quarn</span> <span class='ocrx_word' id='word_1_15' title='bbox 660 254 965 310; x_wconf 77' lang='lat' dir='ltr'><strong>Hieronymus,</strong></span> <span class='ocrx_word' id='word_1_16' title='bbox 998 252 1165 292; x_wconf 79' lang='lat' dir='ltr'><strong>fecisset</strong></span> <span class='ocrx_word' id='word_1_17' title='bbox 1196 251 1323 302; x_wconf 84' lang='lat' dir='ltr'>idem,</span> <span class='ocrx_word' id='word_1_18' title='bbox 1357 257 1396 282; x_wconf 76' lang='lat'>68</span> <span class='ocrx_word' id='word_1_19' title='bbox 1415 260 1461 292; x_wconf 88' lang='lat' dir='ltr'>ut</span> <span class='ocrx_word' id='word_1_20' title='bbox 1497 267 1570 293; x_wconf 78' lang='lat' dir='ltr'>vo-</span> 
     </span>
     <span class='ocr_line' id='line_1_4' title="bbox 133 308 1524 370; baseline -0.004 -15"><span class='ocrx_word' id='word_1_21' title='bbox 133 314 340 370; x_wconf 86' lang='lat' dir='ltr'>luptatem</span> <span class='ocrx_word' id='word_1_22' title='bbox 360 311 474 352; x_wconf 87' lang='lat' dir='ltr'>illam</span> <span class='ocrx_word' id='word_1_23' title='bbox 496 310 704 366; x_wconf 80' lang='lat' dir='ltr'><strong>Aristippi</strong></span> <span class='ocrx_word' id='word_1_24' title='bbox 725 310 767 350; x_wconf 91' lang='lat' dir='ltr'>in</span> <span class='ocrx_word' id='word_1_25' title='bbox 789 310 925 366; x_wconf 91' lang='lat' dir='ltr'>prima</span> <span class='ocrx_word' id='word_1_26' title='bbox 943 308 1312 350; x_wconf 81' lang='lat' dir='ltr'>commendatione</span> <span class='ocrx_word' id='word_1_27' title='bbox 1332 318 1524 363; x_wconf 87' lang='lat' dir='ltr'>poneret.</span> 
     </span>
     <span class='ocr_line' id='line_1_5' title="bbox 188 362 1635 424; baseline -0.003 -13"><span class='ocrx_word' id='word_1_28' title='bbox 188 372 318 419; x_wconf 73' lang='lat' dir='ltr'>Nam,</span> <span class='ocrx_word' id='word_1_29' title='bbox 339 367 454 424; x_wconf 88' lang='lat' dir='ltr'>quod</span> <span class='ocrx_word' id='word_1_30' title='bbox 474 367 547 418; x_wconf 82' lang='lat' dir='ltr'>ait,</span> <span class='ocrx_word' id='word_1_31' title='bbox 569 368 759 408; x_wconf 85' lang='lat' dir='ltr'>sensibus</span> <span class='ocrx_word' id='word_1_32' title='bbox 781 367 881 422; x_wconf 88' lang='lat' dir='ltr'>ipsis</span> <span class='ocrx_word' id='word_1_33' title='bbox 894 366 1092 422; x_wconf 80' lang='lat' dir='ltr'>judicari,</span> <span class='ocrx_word' id='word_1_34' title='bbox 1106 364 1383 420; x_wconf 85' lang='lat' dir='ltr'>voluptatem,</span> <span class='ocrx_word' id='word_1_35' title='bbox 1405 365 1565 406; x_wconf 89' lang='lat' dir='ltr'>bonum</span> <span class='ocrx_word' id='word_1_36' title='bbox 1579 362 1635 399; x_wconf 84' lang='lat'>36</span> 
     </span>
     <span class='ocr_line' id='line_1_6' title="bbox 133 414 1611 479; baseline -0.004 -11"><span class='ocrx_word' id='word_1_37' title='bbox 133 441 252 476; x_wconf 79' lang='lat' dir='ltr'>esse3</span> <span class='ocrx_word' id='word_1_38' title='bbox 282 425 489 475; x_wconf 89' lang='lat' dir='ltr'>dolorem,</span> <span class='ocrx_word' id='word_1_39' title='bbox 524 424 709 464; x_wconf 86' lang='lat' dir='ltr'>malum:</span> <span class='ocrx_word' id='word_1_40' title='bbox 741 424 836 479; x_wconf 89' lang='lat' dir='ltr'>plus</span> <span class='ocrx_word' id='word_1_41' title='bbox 873 423 1021 465; x_wconf 86' lang='lat' dir='ltr'>tribuit</span> <span class='ocrx_word' id='word_1_42' title='bbox 1053 420 1258 473; x_wconf 80' lang='lat' dir='ltr'>sensibus,</span> <span class='ocrx_word' id='word_1_43' title='bbox 1287 436 1411 477; x_wconf 90' lang='lat' dir='ltr'>quam</span> <span class='ocrx_word' id='word_1_44' title='bbox 1446 414 1611 463; x_wconf 71' lang='lat' dir='ltr'>nobish-</span> 
     </span>
     <span class='ocr_line' id='line_1_7' title="bbox 133 478 1569 538; baseline -0.003 -14"><span class='ocrx_word' id='word_1_45' title='bbox 133 483 249 538; x_wconf 82' lang='lat' dir='ltr'>leges</span> <span class='ocrx_word' id='word_1_46' title='bbox 282 481 546 537; x_wconf 87' lang='lat' dir='ltr'>permittunt.</span> <span class='ocrx_word' id='word_1_47' title='bbox 578 481 832 535; x_wconf 87' lang='lat' dir='ltr'>privatarum</span> <span class='ocrx_word' id='word_1_48' title='bbox 864 480 1002 521; x_wconf 88' lang='lat' dir='ltr'>litium</span> <span class='ocrx_word' id='word_1_49' title='bbox 1027 478 1194 535; x_wconf 89' lang='lat' dir='ltr'>judices</span> <span class='ocrx_word' id='word_1_50' title='bbox 1228 493 1388 520; x_wconf 89' lang='lat' dir='ltr'>sumus.</span> <span class='ocrx_word' id='word_1_51' title='bbox 1447 478 1569 520; x_wconf 91' lang='lat' dir='ltr'>Nihil</span> 
     </span>
     <span class='ocr_line' id='line_1_8' title="bbox 131 535 1568 593; baseline -0.003 -14"><span class='ocrx_word' id='word_1_52' title='bbox 131 540 241 580; x_wconf 91' lang='lat' dir='ltr'>enirn</span> <span class='ocrx_word' id='word_1_53' title='bbox 262 552 486 593; x_wconf 87' lang='lat' dir='ltr'>possumus</span> <span class='ocrx_word' id='word_1_54' title='bbox 501 536 708 593; x_wconf 86' lang='lat' dir='ltr'>judicare,</span> <span class='ocrx_word' id='word_1_55' title='bbox 732 537 810 577; x_wconf 89' lang='lat' dir='ltr'>nisi</span> <span class='ocrx_word' id='word_1_56' title='bbox 831 536 946 592; x_wconf 90' lang='lat' dir='ltr'>quod</span> <span class='ocrx_word' id='word_1_57' title='bbox 965 545 1030 577; x_wconf 90' lang='lat' dir='ltr'>est</span> <span class='ocrx_word' id='word_1_58' title='bbox 1059 535 1191 577; x_wconf 85' lang='lat' dir='ltr'>nostri</span> <span class='ocrx_word' id='word_1_59' title='bbox 1216 535 1382 591; x_wconf 86' lang='lat' dir='ltr'>judicii.</span> <span class='ocrx_word' id='word_1_60' title='bbox 1414 535 1457 576; x_wconf 90' lang='lat' dir='ltr'>in</span> <span class='ocrx_word' id='word_1_61' title='bbox 1482 550 1568 591; x_wconf 88' lang='lat' dir='ltr'>quo</span> 
     </span>
     <span class='ocr_line' id='line_1_9' title="bbox 130 591 1567 650; baseline -0.003 -15"><span class='ocrx_word' id='word_1_62' title='bbox 130 595 283 636; x_wconf 84' lang='lat' dir='ltr'>frustra</span> <span class='ocrx_word' id='word_1_63' title='bbox 305 594 474 650; x_wconf 88' lang='lat' dir='ltr'>judices</span> <span class='ocrx_word' id='word_1_64' title='bbox 505 593 658 644; x_wconf 84' lang='lat' dir='ltr'>solent,</span> <span class='ocrx_word' id='word_1_65' title='bbox 679 608 776 635; x_wconf 89' lang='lat' dir='ltr'>cum</span> <span class='ocrx_word' id='word_1_66' title='bbox 812 593 1060 634; x_wconf 80' lang='lat' dir='ltr'>sententiam</span> <span class='ocrx_word' id='word_1_67' title='bbox 1090 593 1378 648; x_wconf 80' lang='lat' dir='ltr'>pronuntiant,</span> <span class='ocrx_word' id='word_1_68' title='bbox 1398 591 1567 642; x_wconf 81' lang='lat' dir='ltr'>addere,</span> 
     </span>
     <span class='ocr_line' id='line_1_10' title="bbox 130 648 1568 707; baseline -0.002 -15"><span class='ocrx_word' id='word_1_69' title='bbox 130 657 170 685; x_wconf 80' lang='lat'>⁶9</span> <span class='ocrx_word' id='word_1_70' title='bbox 184 651 218 692; x_wconf 90' lang='lat' dir='ltr'>si</span> <span class='ocrx_word' id='word_1_71' title='bbox 249 650 352 706; x_wconf 87' lang='lat' dir='ltr'>quid</span> <span class='ocrx_word' id='word_1_72' title='bbox 384 651 468 692; x_wconf 90' lang='lat' dir='ltr'>mei</span> <span class='ocrx_word' id='word_1_73' title='bbox 492 650 646 707; x_wconf 87' lang='lat' dir='ltr'>judicii</span> <span class='ocrx_word' id='word_1_74' title='bbox 679 659 756 691; x_wconf 88' lang='lat' dir='ltr'>est.</span> <span class='ocrx_word' id='word_1_75' title='bbox 789 650 823 692; x_wconf 87' lang='lat' dir='ltr'>si</span> <span class='ocrx_word' id='word_1_76' title='bbox 856 651 967 691; x_wconf 89' lang='lat' dir='ltr'>enim</span> <span class='ocrx_word' id='word_1_77' title='bbox 1001 664 1086 690; x_wconf 90' lang='lat' dir='ltr'>non</span> <span class='ocrx_word' id='word_1_78' title='bbox 1118 648 1200 690; x_wconf 81' lang='lat' dir='ltr'>fuit</span> <span class='ocrx_word' id='word_1_79' title='bbox 1228 663 1373 690; x_wconf 90' lang='lat' dir='ltr'>eorum</span> <span class='ocrx_word' id='word_1_80' title='bbox 1400 648 1568 706; x_wconf 85' lang='lat' dir='ltr'>judicii,</span> 
     </span>
     <span class='ocr_line' id='line_1_11' title="bbox 129 705 1568 764; baseline -0.001 -16"><span class='ocrx_word' id='word_1_81' title='bbox 129 706 262 749; x_wconf 88' lang='lat' dir='ltr'>nihilo</span> <span class='ocrx_word' id='word_1_82' title='bbox 294 708 447 764; x_wconf 75' lang='lat' dir='ltr'>magis,</span> <span class='ocrx_word' id='word_1_83' title='bbox 469 707 550 749; x_wconf 90' lang='lat' dir='ltr'>hoc</span> <span class='ocrx_word' id='word_1_84' title='bbox 584 722 668 748; x_wconf 91' lang='lat' dir='ltr'>non</span> <span class='ocrx_word' id='word_1_85' title='bbox 699 706 861 757; x_wconf 79' lang='lat' dir='ltr'>addito,</span> <span class='ocrx_word' id='word_1_86' title='bbox 885 706 1045 748; x_wconf 65' lang='lat' dir='ltr'>voillud</span> <span class='ocrx_word' id='word_1_87' title='bbox 1075 715 1141 747; x_wconf 88' lang='lat' dir='ltr'>est</span> <span class='ocrx_word' id='word_1_88' title='bbox 1165 705 1421 761; x_wconf 82' lang='lat' dir='ltr'>judicatum,</span> <span class='ocrx_word' id='word_1_89' title='bbox 1450 705 1568 761; x_wconf 86' lang='lat' dir='ltr'>quod</span> 
     </span>
     <span class='ocr_line' id='line_1_12' title="bbox 121 763 1566 820; baseline -0.001 -15"><span class='ocrx_word' id='word_1_90' title='bbox 121 764 289 820; x_wconf 89' lang='lat' dir='ltr'>judicat</span> <span class='ocrx_word' id='word_1_91' title='bbox 323 779 493 805; x_wconf 86' lang='lat' dir='ltr'>sensus:</span> <span class='ocrx_word' id='word_1_92' title='bbox 523 763 663 815; x_wconf 81' lang='lat' dir='ltr'>dulce,</span> <span class='ocrx_word' id='word_1_93' title='bbox 698 779 916 805; x_wconf 87' lang='lat' dir='ltr'>amarum:</span> <span class='ocrx_word' id='word_1_94' title='bbox 956 771 992 800; x_wconf 92' lang='lat'>71</span> <span class='ocrx_word' id='word_1_95' title='bbox 1012 763 1121 814; x_wconf 88' lang='lat' dir='ltr'>lene,</span> <span class='ocrx_word' id='word_1_96' title='bbox 1156 777 1381 818; x_wconf 90' lang='lat' dir='ltr'>asperum:</span> <span class='ocrx_word' id='word_1_97' title='bbox 1420 777 1566 819; x_wconf 85' lang='lat' dir='ltr'>prope,</span> 
     </span>
     <span class='ocr_line' id='line_1_13' title="bbox 128 820 1560 877; baseline 0 -15"><span class='ocrx_word' id='word_1_98' title='bbox 128 820 285 876; x_wconf 84' lang='lat' dir='ltr'>longe:</span> <span class='ocrx_word' id='word_1_99' title='bbox 318 831 441 871; x_wconf 83' lang='lat' dir='ltr'>stare,</span> <span class='ocrx_word' id='word_1_100' title='bbox 464 835 660 862; x_wconf 84' lang='lat' dir='ltr'>movere:</span> <span class='ocrx_word' id='word_1_101' title='bbox 692 820 960 877; x_wconf 83' lang='lat' dir='ltr'>quadratum,</span> <span class='ocrx_word' id='word_1_102' title='bbox 981 820 1227 861; x_wconf 84' lang='lat' dir='ltr'>rotundum.</span> <span class='ocrx_word' id='word_1_103' title='bbox 1556 858 1560 862; x_wconf 92' lang='lat'>.</span> 
     </span>
     <span class='ocr_line' id='line_1_14' title="bbox 183 875 1627 934; baseline 0.001 -15"><span class='ocrx_word' id='word_1_104' title='bbox 183 879 325 934; x_wconf 70' lang='lat' dir='ltr'>Quam</span> <span class='ocrx_word' id='word_1_105' title='bbox 344 878 477 933; x_wconf 85' lang='lat' dir='ltr'>igitur</span> <span class='ocrx_word' id='word_1_106' title='bbox 496 878 787 933; x_wconf 82' lang='lat' dir='ltr'>pronuntiabit</span> <span class='ocrx_word' id='word_1_107' title='bbox 805 878 1054 919; x_wconf 84' lang='lat' dir='ltr'>sententiam</span> <span class='ocrx_word' id='word_1_108' title='bbox 1076 876 1185 918; x_wconf 89' lang='lat' dir='ltr'>ratio</span> <span class='ocrx_word' id='word_1_109' title='bbox 1206 878 1219 917; x_wconf 88' lang='lat'>?</span> <span class='ocrx_word' id='word_1_110' title='bbox 1253 875 1461 916; x_wconf 88' lang='lat' dir='ltr'>Adhibita</span> <span class='ocrx_word' id='word_1_111' title='bbox 1480 875 1566 931; x_wconf 88' lang='lat' dir='ltr'>pri·</span> <span class='ocrx_word' id='word_1_112' title='bbox 1578 881 1627 920; x_wconf 90' lang='grc'>37</span> 
     </span>
     <span class='ocr_line' id='line_1_15' title="bbox 128 933 1567 990; baseline -0.001 -15"><span class='ocrx_word' id='word_1_113' title='bbox 128 948 246 975; x_wconf 90' lang='lat' dir='ltr'>mum</span> <span class='ocrx_word' id='word_1_114' title='bbox 269 935 515 985; x_wconf 78' lang='lat' dir='ltr'>divinarum,</span> <span class='ocrx_word' id='word_1_115' title='bbox 537 934 901 990; x_wconf 86' lang='lat' dir='ltr'>humanarumque</span> <span class='ocrx_word' id='word_1_116' title='bbox 920 940 1060 975; x_wconf 89' lang='lat' dir='ltr'>rerum</span> <span class='ocrx_word' id='word_1_117' title='bbox 1093 933 1281 982; x_wconf 83' lang='lat' dir='ltr'>scientia,</span> <span class='ocrx_word' id='word_1_118' title='bbox 1303 948 1397 988; x_wconf 86' lang='lat' dir='ltr'>quae</span> <span class='ocrx_word' id='word_1_119' title='bbox 1423 942 1567 988; x_wconf 86' lang='lat' dir='ltr'>potest</span> 
     </span>
     <span class='ocr_line' id='line_1_16' title="bbox 126 989 1567 1047; baseline 0 -16"><span class='ocrx_word' id='word_1_120' title='bbox 126 991 329 1047; x_wconf 86' lang='lat' dir='ltr'>appellari</span> <span class='ocrx_word' id='word_1_121' title='bbox 366 993 443 1032; x_wconf 90' lang='lat' dir='ltr'>rite</span> <span class='ocrx_word' id='word_1_122' title='bbox 479 991 711 1046; x_wconf 86' lang='lat' dir='ltr'>sapientia:</span> <span class='ocrx_word' id='word_1_123' title='bbox 755 991 905 1032; x_wconf 89' lang='lat' dir='ltr'>deinde</span> <span class='ocrx_word' id='word_1_124' title='bbox 941 990 1151 1047; x_wconf 87' lang='lat' dir='ltr'>adjunctis</span> <span class='ocrx_word' id='word_1_125' title='bbox 1186 989 1424 1040; x_wconf 79' lang='lat' dir='ltr'>virtutibus,</span> <span class='ocrx_word' id='word_1_126' title='bbox 1463 1004 1567 1045; x_wconf 87' lang='lat' dir='ltr'>quas</span> 
     </span>
     <span class='ocr_line' id='line_1_17' title="bbox 127 1047 1568 1102; baseline -0.001 -13"><span class='ocrx_word' id='word_1_127' title='bbox 127 1049 233 1089; x_wconf 82' lang='lat' dir='ltr'>ratio</span> <span class='ocrx_word' id='word_1_128' title='bbox 266 1063 404 1089; x_wconf 87' lang='lat' dir='ltr'>rerum</span> <span class='ocrx_word' id='word_1_129' title='bbox 439 1049 631 1089; x_wconf 88' lang='lat' dir='ltr'>omnium</span> <span class='ocrx_word' id='word_1_130' title='bbox 663 1047 871 1100; x_wconf 82' lang='lat' dir='ltr'>dominas,</span> <span class='ocrx_word' id='word_1_131' title='bbox 902 1058 948 1090; x_wconf 92' lang='lat' dir='ltr'>tu</span> <span class='ocrx_word' id='word_1_132' title='bbox 980 1047 1245 1102; x_wconf 83' lang='lat' dir='ltr'>voluptatum</span> <span class='ocrx_word' id='word_1_133' title='bbox 1277 1047 1494 1097; x_wconf 81' lang='lat' dir='ltr'>satellites,</span> <span class='ocrx_word' id='word_1_134' title='bbox 1525 1056 1568 1087; x_wconf 90' lang='lat' dir='ltr'>et</span> 
     </span>
     <span class='ocr_line' id='line_1_18' title="bbox 126 1103 1568 1160; baseline -0.001 -15"><span class='ocrx_word' id='word_1_135' title='bbox 126 1104 337 1146; x_wconf 87' lang='lat' dir='ltr'>ministras</span> <span class='ocrx_word' id='word_1_136' title='bbox 367 1119 459 1146; x_wconf 89' lang='lat' dir='ltr'>esse</span> <span class='ocrx_word' id='word_1_137' title='bbox 493 1104 690 1146; x_wconf 85' lang='lat' dir='ltr'>voluisti:</span> <span class='ocrx_word' id='word_1_138' title='bbox 724 1112 761 1141; x_wconf 64' lang='grc'>7“2</span> <span class='ocrx_word' id='word_1_139' title='bbox 781 1119 956 1160; x_wconf 90' lang='lat' dir='ltr'>quarum</span> <span class='ocrx_word' id='word_1_140' title='bbox 993 1104 1101 1145; x_wconf 89' lang='lat' dir='ltr'>adeo</span> <span class='ocrx_word' id='word_1_141' title='bbox 1134 1103 1323 1144; x_wconf 85' lang='lat' dir='ltr'>omnium</span> <span class='ocrx_word' id='word_1_142' title='bbox 1359 1103 1568 1144; x_wconf 87' lang='lat' dir='ltr'>sententia</span> 
     </span>
     <span class='ocr_line' id='line_1_19' title="bbox 126 1160 1567 1217; baseline -0.001 -15"><span class='ocrx_word' id='word_1_143' title='bbox 126 1162 433 1216; x_wconf 80' lang='lat' dir='ltr'>pronuntiabit,</span> <span class='ocrx_word' id='word_1_144' title='bbox 464 1161 648 1217; x_wconf 88' lang='lat' dir='ltr'>primum</span> <span class='ocrx_word' id='word_1_145' title='bbox 681 1161 733 1202; x_wconf 90' lang='lat' dir='ltr'>de</span> <span class='ocrx_word' id='word_1_146' title='bbox 765 1162 996 1217; x_wconf 75' lang='lat' dir='ltr'>voluptate,</span> <span class='ocrx_word' id='word_1_147' title='bbox 1029 1160 1133 1202; x_wconf 82' lang='lat' dir='ltr'>nihil</span> <span class='ocrx_word' id='word_1_148' title='bbox 1163 1175 1255 1201; x_wconf 88' lang='lat' dir='ltr'>esse</span> <span class='ocrx_word' id='word_1_149' title='bbox 1286 1160 1324 1200; x_wconf 93' lang='lat' dir='ltr'>ei</span> <span class='ocrx_word' id='word_1_150' title='bbox 1351 1160 1450 1211; x_wconf 79' lang='lat' dir='ltr'>loci,</span> <span class='ocrx_word' id='word_1_151' title='bbox 1480 1175 1567 1201; x_wconf 92' lang='lat' dir='ltr'>non</span> 
     </span>
     <span class='ocr_line' id='line_1_20' title="bbox 127 1217 1566 1273; baseline 0 -15"><span class='ocrx_word' id='word_1_152' title='bbox 127 1217 257 1258; x_wconf 88' lang='lat' dir='ltr'>modo</span> <span class='ocrx_word' id='word_1_153' title='bbox 277 1228 326 1259; x_wconf 87' lang='lat' dir='ltr'>ut</span> <span class='ocrx_word' id='word_1_154' title='bbox 346 1217 436 1258; x_wconf 90' lang='lat' dir='ltr'>sola</span> <span class='ocrx_word' id='word_1_155' title='bbox 454 1227 637 1272; x_wconf 89' lang='lat' dir='ltr'>ponatur</span> <span class='ocrx_word' id='word_1_156' title='bbox 655 1218 698 1258; x_wconf 93' lang='lat' dir='ltr'>in</span> <span class='ocrx_word' id='word_1_157' title='bbox 723 1219 878 1259; x_wconf 89' lang='lat' dir='ltr'>summi</span> <span class='ocrx_word' id='word_1_158' title='bbox 908 1219 1006 1272; x_wconf 89' lang='lat' dir='ltr'>boni</span> <span class='ocrx_word' id='word_1_159' title='bbox 1039 1218 1152 1267; x_wconf 82' lang='lat' dir='ltr'>sede,</span> <span class='ocrx_word' id='word_1_160' title='bbox 1173 1232 1300 1273; x_wconf 87' lang='lat' dir='ltr'>quam</span> <span class='ocrx_word' id='word_1_161' title='bbox 1322 1218 1566 1273; x_wconf 86' lang='lat' dir='ltr'>quaerimus,</span> 
     </span>
     <span class='ocr_line' id='line_1_21' title="bbox 130 1273 1566 1329; baseline 0 -14"><span class='ocrx_word' id='word_1_162' title='bbox 130 1273 205 1315; x_wconf 85' lang='lat' dir='ltr'>sed</span> <span class='ocrx_word' id='word_1_163' title='bbox 231 1289 283 1315; x_wconf 90' lang='lat' dir='ltr'>ne</span> <span class='ocrx_word' id='word_1_164' title='bbox 312 1274 386 1316; x_wconf 88' lang='lat' dir='ltr'>illo</span> <span class='ocrx_word' id='word_1_165' title='bbox 416 1274 588 1329; x_wconf 88' lang='lat' dir='ltr'>quidem</span> <span class='ocrx_word' id='word_1_166' title='bbox 616 1274 762 1326; x_wconf 83' lang='lat' dir='ltr'>modo,</span> <span class='ocrx_word' id='word_1_167' title='bbox 783 1283 830 1315; x_wconf 89' lang='lat' dir='ltr'>ut</span> <span class='ocrx_word' id='word_1_168' title='bbox 862 1275 912 1316; x_wconf 91' lang='lat' dir='ltr'>ad</span> <span class='ocrx_word' id='word_1_169' title='bbox 946 1274 1211 1315; x_wconf 84' lang='lat' dir='ltr'>honestatem</span> <span class='ocrx_word' id='word_1_170' title='bbox 1234 1275 1482 1329; x_wconf 84' lang='lat' dir='ltr'>applicetur.</span> <span class='ocrx_word' id='word_1_171' title='bbox 1514 1274 1566 1315; x_wconf 89' lang='lat' dir='ltr'>de</span> 
     </span>
     <span class='ocr_line' id='line_1_22' title="bbox 127 1330 1627 1386; baseline 0 -15"><span class='ocrx_word' id='word_1_172' title='bbox 127 1331 333 1371; x_wconf 86' lang='lat' dir='ltr'>vacuitate</span> <span class='ocrx_word' id='word_1_173' title='bbox 366 1330 525 1372; x_wconf 87' lang='lat' dir='ltr'>doloris</span> <span class='ocrx_word' id='word_1_174' title='bbox 559 1338 596 1366; x_wconf 79' lang='grc'>73</span> <span class='ocrx_word' id='word_1_175' title='bbox 613 1331 758 1371; x_wconf 85' lang='lat' dir='ltr'>eadem</span> <span class='ocrx_word' id='word_1_176' title='bbox 796 1332 1002 1372; x_wconf 87' lang='lat' dir='ltr'>sententia</span> <span class='ocrx_word' id='word_1_177' title='bbox 1036 1331 1128 1372; x_wconf 86' lang='lat' dir='ltr'>erit.</span> <span class='ocrx_word' id='word_1_178' title='bbox 1188 1331 1419 1386; x_wconf 84' lang='lat' dir='ltr'>Rejicietur</span> <span class='ocrx_word' id='word_1_179' title='bbox 1450 1331 1564 1372; x_wconf 89' lang='lat' dir='ltr'>enim</span> <span class='ocrx_word' id='word_1_180' title='bbox 1577 1339 1627 1371; x_wconf 86' lang='lat'>38</span> 
     </span>
     <span class='ocr_line' id='line_1_23' title="bbox 128 1386 1566 1442; baseline 0.001 -15"><span class='ocrx_word' id='word_1_181' title='bbox 128 1386 396 1428; x_wconf 89' lang='lat' dir='ltr'>Carneades:</span> <span class='ocrx_word' id='word_1_182' title='bbox 427 1401 504 1428; x_wconf 88' lang='lat' dir='ltr'>nec</span> <span class='ocrx_word' id='word_1_183' title='bbox 539 1387 624 1428; x_wconf 90' lang='lat' dir='ltr'>ulla</span> <span class='ocrx_word' id='word_1_184' title='bbox 653 1387 705 1428; x_wconf 89' lang='lat' dir='ltr'>de</span> <span class='ocrx_word' id='word_1_185' title='bbox 737 1403 904 1429; x_wconf 89' lang='lat' dir='ltr'>summo</span> <span class='ocrx_word' id='word_1_186' title='bbox 937 1388 1052 1429; x_wconf 91' lang='lat' dir='ltr'>bono</span> <span class='ocrx_word' id='word_1_187' title='bbox 1086 1387 1192 1428; x_wconf 84' lang='lat' dir='ltr'>ratio</span> <span class='ocrx_word' id='word_1_188' title='bbox 1221 1397 1296 1428; x_wconf 89' lang='lat' dir='ltr'>aut</span> <span class='ocrx_word' id='word_1_189' title='bbox 1323 1387 1566 1442; x_wconf 81' lang='lat' dir='ltr'>voluptatis,</span> 
     </span>
     <span class='ocr_line' id='line_1_24' title="bbox 127 1443 1566 1499; baseline 0.001 -16"><span class='ocrx_word' id='word_1_190' title='bbox 127 1457 213 1484; x_wconf 89' lang='lat' dir='ltr'>non</span> <span class='ocrx_word' id='word_1_191' title='bbox 244 1443 466 1484; x_wconf 88' lang='lat' dir='ltr'>dolendive</span> <span class='ocrx_word' id='word_1_192' title='bbox 497 1444 720 1498; x_wconf 81' lang='lat' dir='ltr'>particeps,</span> <span class='ocrx_word' id='word_1_193' title='bbox 744 1454 817 1484; x_wconf 89' lang='lat' dir='ltr'>aut</span> <span class='ocrx_word' id='word_1_194' title='bbox 846 1444 1077 1485; x_wconf 86' lang='lat' dir='ltr'>honestatis</span> <span class='ocrx_word' id='word_1_195' title='bbox 1109 1458 1270 1499; x_wconf 82' lang='lat' dir='ltr'>expers,</span> <span class='ocrx_word' id='word_1_196' title='bbox 1300 1445 1566 1499; x_wconf 86' lang='lat' dir='ltr'>probabitur.</span> 
     </span>
     <span class='ocr_line' id='line_1_25' title="bbox 126 1499 1566 1556; baseline 0.001 -16"><span class='ocrx_word' id='word_1_197' title='bbox 126 1499 186 1540; x_wconf 85' lang='lat' dir='ltr'>ita</span> <span class='ocrx_word' id='word_1_198' title='bbox 216 1499 426 1556; x_wconf 85' lang='lat' dir='ltr'>relinquet</span> <span class='ocrx_word' id='word_1_199' title='bbox 451 1500 570 1551; x_wconf 79' lang='lat' dir='ltr'>duas,</span> <span class='ocrx_word' id='word_1_200' title='bbox 591 1500 641 1540; x_wconf 88' lang='lat' dir='ltr'>de</span> <span class='ocrx_word' id='word_1_201' title='bbox 673 1501 826 1555; x_wconf 88' lang='lat' dir='ltr'>quibus</span> <span class='ocrx_word' id='word_1_202' title='bbox 847 1501 972 1541; x_wconf 91' lang='lat' dir='ltr'>etiam</span> <span class='ocrx_word' id='word_1_203' title='bbox 1005 1511 1131 1556; x_wconf 87' lang='lat' dir='ltr'>atque</span> <span class='ocrx_word' id='word_1_204' title='bbox 1162 1500 1290 1540; x_wconf 88' lang='lat' dir='ltr'>etiam</span> <span class='ocrx_word' id='word_1_205' title='bbox 1315 1501 1566 1542; x_wconf 86' lang='lat' dir='ltr'>consideret.</span> 
     </span>
     <span class='ocr_line' id='line_1_26' title="bbox 128 1556 1568 1608; baseline 0.001 -11"><span class='ocrx_word' id='word_1_206' title='bbox 128 1563 203 1597; x_wconf 85' lang='lat' dir='ltr'>aut</span> <span class='ocrx_word' id='word_1_207' title='bbox 234 1557 345 1597; x_wconf 88' lang='lat' dir='ltr'>enim</span> <span class='ocrx_word' id='word_1_208' title='bbox 382 1565 553 1606; x_wconf 80' lang='lat' dir='ltr'>statuet,</span> <span class='ocrx_word' id='word_1_209' title='bbox 589 1556 694 1597; x_wconf 89' lang='lat' dir='ltr'>nihil</span> <span class='ocrx_word' id='word_1_210' title='bbox 726 1572 818 1597; x_wconf 87' lang='lat' dir='ltr'>esse</span> <span class='ocrx_word' id='word_1_211' title='bbox 854 1557 1029 1608; x_wconf 88' lang='lat' dir='ltr'>bonum,</span> <span class='ocrx_word' id='word_1_212' title='bbox 1063 1557 1141 1599; x_wconf 89' lang='lat' dir='ltr'>nisi</span> <span class='ocrx_word' id='word_1_213' title='bbox 1175 1557 1401 1598; x_wconf 88' lang='lat' dir='ltr'>honestum</span> <span class='ocrx_word' id='word_1_214' title='bbox 1420 1574 1431 1607; x_wconf 85' lang='lat'>3</span> <span class='ocrx_word' id='word_1_215' title='bbox 1463 1557 1568 1600; x_wconf 88' lang='lat' dir='ltr'>nihil</span> 
     </span>
     <span class='ocr_line' id='line_1_27' title="bbox 127 1612 1567 1669; baseline 0.001 -16"><span class='ocrx_word' id='word_1_216' title='bbox 127 1613 302 1664; x_wconf 82' lang='lat' dir='ltr'>malum,</span> <span class='ocrx_word' id='word_1_217' title='bbox 323 1612 402 1654; x_wconf 89' lang='lat' dir='ltr'>nisi</span> <span class='ocrx_word' id='word_1_218' title='bbox 421 1622 543 1669; x_wconf 88' lang='lat' dir='ltr'>turpe</span> <span class='ocrx_word' id='word_1_219' title='bbox 563 1630 571 1653; x_wconf 95' lang='lat'>:</span> <span class='ocrx_word' id='word_1_220' title='bbox 603 1623 742 1654; x_wconf 86' lang='lat' dir='ltr'>cetera</span> <span class='ocrx_word' id='word_1_221' title='bbox 757 1624 832 1654; x_wconf 90' lang='lat' dir='ltr'>aut</span> <span class='ocrx_word' id='word_1_222' title='bbox 851 1614 1025 1655; x_wconf 89' lang='lat' dir='ltr'>omnino</span> <span class='ocrx_word' id='word_1_223' title='bbox 1047 1613 1150 1655; x_wconf 89' lang='lat' dir='ltr'>nihil</span> <span class='ocrx_word' id='word_1_224' title='bbox 1172 1614 1325 1654; x_wconf 88' lang='lat' dir='ltr'>habere</span> <span class='ocrx_word' id='word_1_225' title='bbox 1346 1614 1567 1666; x_wconf 86' lang='lat' dir='ltr'>momenti,</span> 
     </span>
     <span class='ocr_line' id='line_1_28' title="bbox 127 1669 1568 1727; baseline 0.001 -17"><span class='ocrx_word' id='word_1_226' title='bbox 127 1677 199 1710; x_wconf 86' lang='lat' dir='ltr'>aut</span> <span class='ocrx_word' id='word_1_227' title='bbox 230 1679 411 1721; x_wconf 86' lang='lat' dir='ltr'>tantum,</span> <span class='ocrx_word' id='word_1_228' title='bbox 444 1681 492 1711; x_wconf 92' lang='lat' dir='ltr'>ut</span> <span class='ocrx_word' id='word_1_229' title='bbox 525 1684 600 1710; x_wconf 92' lang='lat' dir='ltr'>nec</span> <span class='ocrx_word' id='word_1_230' title='bbox 632 1669 880 1725; x_wconf 82' lang='lat' dir='ltr'>expetenda,</span> <span class='ocrx_word' id='word_1_231' title='bbox 914 1685 990 1711; x_wconf 88' lang='lat' dir='ltr'>nec</span> <span class='ocrx_word' id='word_1_232' title='bbox 1024 1671 1239 1727; x_wconf 82' lang='lat' dir='ltr'>fugienda,</span> <span class='ocrx_word' id='word_1_233' title='bbox 1269 1671 1343 1711; x_wconf 91' lang='lat' dir='ltr'>sed</span> <span class='ocrx_word' id='word_1_234' title='bbox 1371 1671 1568 1726; x_wconf 82' lang='lat' dir='ltr'>eligenda</span> 
     </span>
     <span class='ocr_line' id='line_1_29' title="bbox 125 1725 1565 1783; baseline 0.002 -17"><span class='ocrx_word' id='word_1_235' title='bbox 125 1725 272 1777; x_wconf 87' lang='lat' dir='ltr'>modo,</span> <span class='ocrx_word' id='word_1_236' title='bbox 304 1735 377 1767; x_wconf 86' lang='lat' dir='ltr'>aut</span> <span class='ocrx_word' id='word_1_237' title='bbox 404 1726 630 1782; x_wconf 87' lang='lat' dir='ltr'>rejicienda</span> <span class='ocrx_word' id='word_1_238' title='bbox 662 1727 773 1768; x_wconf 85' lang='lat' dir='ltr'>sint:</span> <span class='ocrx_word' id='word_1_239' title='bbox 804 1736 877 1768; x_wconf 87' lang='lat' dir='ltr'>aut</span> <span class='ocrx_word' id='word_1_240' title='bbox 907 1736 1136 1783; x_wconf 89' lang='lat' dir='ltr'>anteponet</span> <span class='ocrx_word' id='word_1_241' title='bbox 1167 1742 1277 1778; x_wconf 87' lang='lat' dir='ltr'>eam,</span> <span class='ocrx_word' id='word_1_242' title='bbox 1308 1742 1435 1783; x_wconf 89' lang='lat' dir='ltr'>quam</span> <span class='ocrx_word' id='word_1_243' title='bbox 1467 1743 1565 1769; x_wconf 83' lang='lat' dir='ltr'>cum</span> 
     </span>
     <span class='ocr_line' id='line_1_30' title="bbox 125 1781 1566 1839; baseline 0.003 -17"><span class='ocrx_word' id='word_1_244' title='bbox 125 1781 348 1824; x_wconf 85' lang='lat' dir='ltr'>honestate</span> <span class='ocrx_word' id='word_1_245' title='bbox 370 1783 695 1833; x_wconf 84' lang='lat' dir='ltr'>ornatissimam,</span> <span class='ocrx_word' id='word_1_246' title='bbox 716 1793 808 1824; x_wconf 89' lang='lat' dir='ltr'>turn</span> <span class='ocrx_word' id='word_1_247' title='bbox 829 1785 955 1825; x_wconf 89' lang='lat' dir='ltr'>etiam</span> <span class='ocrx_word' id='word_1_248' title='bbox 977 1785 1076 1839; x_wconf 91' lang='lat' dir='ltr'>ipsis</span> <span class='ocrx_word' id='word_1_249' title='bbox 1096 1784 1225 1826; x_wconf 88' lang='lat' dir='ltr'>initiis</span> <span class='ocrx_word' id='word_1_250' title='bbox 1245 1793 1420 1835; x_wconf 74' lang='lat' dir='ltr'>naturae,</span> <span class='ocrx_word' id='word_1_251' title='bbox 1439 1793 1481 1826; x_wconf 88' lang='lat' dir='ltr'>et</span> <span class='ocrx_word' id='word_1_252' title='bbox 1497 1794 1566 1826; x_wconf 91' lang='lat' dir='ltr'>to-</span> 
     </span>
     <span class='ocr_line' id='line_1_31' title="bbox 123 1838 1565 1898; baseline 0.003 -20"><span class='ocrx_word' id='word_1_253' title='bbox 123 1838 207 1880; x_wconf 88' lang='lat' dir='ltr'>tius</span> <span class='ocrx_word' id='word_1_254' title='bbox 228 1840 486 1894; x_wconf 87' lang='lat' dir='ltr'>perfectione</span> <span class='ocrx_word' id='word_1_255' title='bbox 506 1841 598 1880; x_wconf 85' lang='lat' dir='ltr'>vitae</span> <span class='ocrx_word' id='word_1_256' title='bbox 619 1839 923 1896; x_wconf 88' lang='lat' dir='ltr'>locupletatam</span> <span class='ocrx_word' id='word_1_257' title='bbox 942 1841 1112 1882; x_wconf 89' lang='lat' dir='ltr'>videbit.</span> <span class='ocrx_word' id='word_1_258' title='bbox 1144 1840 1260 1898; x_wconf 90' lang='lat' dir='ltr'>quod</span> <span class='ocrx_word' id='word_1_259' title='bbox 1285 1855 1336 1882; x_wconf 91' lang='lat' dir='ltr'>eo</span> <span class='ocrx_word' id='word_1_260' title='bbox 1365 1841 1565 1898; x_wconf 88' lang='lat' dir='ltr'>liquidius</span> 
     </span>
    </p>
   </div>
   <div class='ocr_carea' id='block_1_2' title="bbox 122 1994 1568 2040">
    <p class='ocr_par' dir='ltr' id='par_1_2' title="bbox 122 1994 1568 2040">
     <span class='ocr_line' id='line_1_32' title="bbox 122 1994 1568 2040; baseline 0.005 -18"><span class='ocrx_word' id='word_1_261' title='bbox 122 1994 259 2030; x_wconf 85' lang='lat' dir='ltr'>volebat,</span> <span class='ocrx_word' id='word_1_262' title='bbox 285 2004 355 2024; x_wconf 85' lang='lat' dir='ltr'>eam</span> <span class='ocrx_word' id='word_1_263' title='bbox 378 2002 409 2025; x_wconf 86' lang='lat' dir='ltr'>et</span> <span class='ocrx_word' id='word_1_264' title='bbox 433 1997 465 2026; x_wconf 90' lang='lat' dir='ltr'>in</span> <span class='ocrx_word' id='word_1_265' title='bbox 489 1998 590 2035; x_wconf 85' lang='lat' dir='ltr'>prima</span> <span class='ocrx_word' id='word_1_266' title='bbox 613 1999 821 2028; x_wconf 87' lang='lat' dir='ltr'>commenda-</span> <span class='ocrx_word' id='word_1_267' title='bbox 865 1998 947 2028; x_wconf 76' lang='lat' dir='ltr'>Quid</span> <span class='ocrx_word' id='word_1_268' title='bbox 961 1998 1080 2039; x_wconf 82' lang='lat' dir='ltr'>judicat</span> <span class='ocrx_word' id='word_1_269' title='bbox 1103 2010 1197 2028; x_wconf 79' lang='lat' dir='ltr'>sensus</span> <span class='ocrx_word' id='word_1_270' title='bbox 1211 1999 1228 2029; x_wconf 77' lang='lat'><em>?</em></span> <span class='ocrx_word' id='word_1_271' title='bbox 1257 1998 1306 2028; x_wconf 83' lang='lat' dir='ltr'>vel</span> <span class='ocrx_word' id='word_1_272' title='bbox 1338 1998 1412 2040; x_wconf 82' lang='lat' dir='ltr'>quid</span> <span class='ocrx_word' id='word_1_273' title='bbox 1425 1998 1568 2038; x_wconf 81' lang='lat' dir='ltr'>judicant</span> 
     </span>
    </p>
   </div>
   <div class='ocr_carea' id='block_1_3' title="bbox 864 2042 1565 2073">
    <p class='ocr_par' dir='ltr' id='par_1_3' title="bbox 864 2042 1565 2073">
     <span class='ocr_line' id='line_1_33' title="bbox 864 2042 1565 2073; baseline 0.004 -3"><span class='ocrx_word' id='word_1_274' title='bbox 864 2053 957 2071; x_wconf 76' lang='lat' dir='ltr'>sensus</span> <span class='ocrx_word' id='word_1_275' title='bbox 971 2042 988 2071; x_wconf 66' lang='lat' dir='ltr'>‚P</span> <span class='ocrx_word' id='word_1_276' title='bbox 1011 2048 1048 2072; x_wconf 89' lang='lat' dir='ltr'>ut</span> <span class='ocrx_word' id='word_1_277' title='bbox 1069 2049 1099 2071; x_wconf 86' lang='lat' dir='ltr'>et</span> <span class='ocrx_word' id='word_1_278' title='bbox 1118 2043 1294 2072; x_wconf 82' lang='lat' dir='ltr'>Lambinus</span> <span class='ocrx_word' id='word_1_279' title='bbox 1310 2042 1422 2072; x_wconf 89' lang='lat' dir='ltr'>voluit.</span> <span class='ocrx_word' id='word_1_280' title='bbox 1467 2043 1565 2073; x_wconf 86' lang='lat' dir='ltr'>Davi-</span> 
     </span>
    </p>
   </div>
   <div class='ocr_carea' id='block_1_4' title="bbox 116 2038 825 2812">
    <p class='ocr_par' dir='ltr' id='par_1_4' title="bbox 120 2038 821 2110">
     <span class='ocr_line' id='line_1_34' title="bbox 121 2038 821 2078; baseline 0.007 -12"><span class='ocrx_word' id='word_1_281' title='bbox 121 2038 206 2067; x_wconf 84' lang='lat' dir='ltr'>tione</span> <span class='ocrx_word' id='word_1_282' title='bbox 230 2038 403 2077; x_wconf 85' lang='lat' dir='ltr'>intelligere</span> <span class='ocrx_word' id='word_1_283' title='bbox 425 2040 582 2078; x_wconf 83' lang='lat' dir='ltr'>debebat;</span> <span class='ocrx_word' id='word_1_284' title='bbox 606 2048 641 2070; x_wconf 91' lang='lat' dir='ltr'>ut</span> <span class='ocrx_word' id='word_1_285' title='bbox 664 2041 720 2071; x_wconf 89' lang='lat' dir='ltr'>sibi</span> <span class='ocrx_word' id='word_1_286' title='bbox 745 2050 821 2071; x_wconf 84' lang='lat' dir='ltr'>con-</span> 
     </span>
     <span class='ocr_line' id='line_1_35' title="bbox 120 2087 258 2110; baseline 0 0"><span class='ocrx_word' id='word_1_287' title='bbox 120 2087 258 2110; x_wconf 73' lang='lat' dir='ltr'>sentiret.</span> 
     </span>
    </p>

    <p class='ocr_par' dir='ltr' id='par_1_5' title="bbox 118 2123 823 2550">
     <span class='ocr_line' id='line_1_36' title="bbox 168 2123 818 2166; baseline 0.006 -14"><span class='ocrx_word' id='word_1_288' title='bbox 168 2128 206 2153; x_wconf 85' lang='lat'>68</span> <span class='ocrx_word' id='word_1_289' title='bbox 223 2131 256 2152; x_wconf 78' lang='lat' dir='ltr'>ut</span> <span class='ocrx_word' id='word_1_290' title='bbox 277 2123 457 2163; x_wconf 74' lang='lat' dir='ltr'>voluptatem</span> <span class='ocrx_word' id='word_1_291' title='bbox 480 2125 563 2154; x_wconf 84' lang='lat' dir='ltr'>illam</span> <span class='ocrx_word' id='word_1_292' title='bbox 580 2126 726 2166; x_wconf 76' lang='lat' dir='ltr'>Aristippi</span> <span class='ocrx_word' id='word_1_293' title='bbox 744 2125 818 2166; x_wconf 83' lang='lat' dir='ltr'>&amp;c.]</span> 
     </span>
     <span class='ocr_line' id='line_1_37' title="bbox 124 2164 820 2207; baseline 0.007 -12"><span class='ocrx_word' id='word_1_294' title='bbox 124 2164 258 2196; x_wconf 87' lang='lat' dir='ltr'>Ursinus</span> <span class='ocrx_word' id='word_1_295' title='bbox 282 2167 430 2207; x_wconf 82' lang='lat' dir='ltr'>Aristippi</span> <span class='ocrx_word' id='word_1_296' title='bbox 455 2178 574 2198; x_wconf 85' lang='lat' dir='ltr'>nomen</span> <span class='ocrx_word' id='word_1_297' title='bbox 603 2170 634 2198; x_wconf 92' lang='lat' dir='ltr'>in</span> <span class='ocrx_word' id='word_1_298' title='bbox 660 2169 738 2200; x_wconf 93' lang='lat' dir='ltr'>Cod.</span> <span class='ocrx_word' id='word_1_299' title='bbox 759 2177 820 2200; x_wconf 86' lang='lat' dir='ltr'>vet.</span> 
     </span>
     <span class='ocr_line' id='line_1_38' title="bbox 123 2212 823 2252; baseline 0.007 -14"><span class='ocrx_word' id='word_1_300' title='bbox 123 2219 189 2239; x_wconf 90' lang='lat' dir='ltr'>non</span> <span class='ocrx_word' id='word_1_301' title='bbox 216 2218 388 2249; x_wconf 82' lang='lat' dir='ltr'>repererat3</span> <span class='ocrx_word' id='word_1_302' title='bbox 417 2212 523 2252; x_wconf 85' lang='lat' dir='ltr'>itaque</span> <span class='ocrx_word' id='word_1_303' title='bbox 553 2212 730 2251; x_wconf 82' lang='lat' dir='ltr'>glossatoris</span> <span class='ocrx_word' id='word_1_304' title='bbox 757 2222 823 2243; x_wconf 84' lang='lat' dir='ltr'>esse</span> 
     </span>
     <span class='ocr_line' id='line_1_39' title="bbox 123 2253 823 2295; baseline 0.004 -13"><span class='ocrx_word' id='word_1_305' title='bbox 123 2253 264 2291; x_wconf 81' lang='lat' dir='ltr'>putabat.</span> <span class='ocrx_word' id='word_1_306' title='bbox 282 2253 396 2284; x_wconf 81' lang='lat' dir='ltr'>melius</span> <span class='ocrx_word' id='word_1_307' title='bbox 420 2255 483 2285; x_wconf 79' lang='lat' dir='ltr'>Ms.</span> <span class='ocrx_word' id='word_1_308' title='bbox 506 2255 638 2285; x_wconf 78' lang='lat' dir='ltr'>Eliensis</span> <span class='ocrx_word' id='word_1_309' title='bbox 661 2266 711 2295; x_wconf 89' lang='lat' dir='ltr'>ap.</span> <span class='ocrx_word' id='word_1_310' title='bbox 727 2256 823 2285; x_wconf 88' lang='lat' dir='ltr'>Davi-</span> 
     </span>
     <span class='ocr_line' id='line_1_40' title="bbox 121 2296 823 2338; baseline 0.006 -13"><span class='ocrx_word' id='word_1_311' title='bbox 121 2296 207 2325; x_wconf 80' lang='lat' dir='ltr'>sium</span> <span class='ocrx_word' id='word_1_312' title='bbox 223 2297 307 2326; x_wconf 85' lang='lat' dir='ltr'>addit</span> <span class='ocrx_word' id='word_1_313' title='bbox 322 2307 387 2334; x_wconf 82' lang='lat' dir='ltr'>non,</span> <span class='ocrx_word' id='word_1_314' title='bbox 404 2299 488 2337; x_wconf 89' lang='lat' dir='ltr'>quod</span> <span class='ocrx_word' id='word_1_315' title='bbox 512 2299 564 2328; x_wconf 88' lang='lat' dir='ltr'>ille</span> <span class='ocrx_word' id='word_1_316' title='bbox 581 2307 610 2328; x_wconf 82' lang='lat' dir='ltr'>et</span> <span class='ocrx_word' id='word_1_317' title='bbox 626 2300 753 2338; x_wconf 87' lang='lat' dir='ltr'>recepit,</span> <span class='ocrx_word' id='word_1_318' title='bbox 770 2310 823 2328; x_wconf 78' lang='lat' dir='ltr'>vo—</span> 
     </span>
     <span class='ocr_line' id='line_1_41' title="bbox 123 2337 820 2381; baseline 0.009 -15"><span class='ocrx_word' id='word_1_319' title='bbox 123 2337 263 2377; x_wconf 83' lang='lat' dir='ltr'>luptatem</span> <span class='ocrx_word' id='word_1_320' title='bbox 280 2338 376 2377; x_wconf 82' lang='lat' dir='ltr'>illam,</span> <span class='ocrx_word' id='word_1_321' title='bbox 394 2341 449 2380; x_wconf 74' lang='lat' dir='ltr'>(sc.</span> <span class='ocrx_word' id='word_1_322' title='bbox 465 2342 652 2381; x_wconf 79' lang='lat' dir='ltr'>Hieronymi</span> <span class='ocrx_word' id='word_1_323' title='bbox 670 2341 820 2380; x_wconf 83' lang='lat' dir='ltr'>stantem)</span> 
     </span>
     <span class='ocr_line' id='line_1_42' title="bbox 123 2382 822 2424; baseline 0.006 -14"><span class='ocrx_word' id='word_1_324' title='bbox 123 2391 188 2411; x_wconf 87' lang='lat' dir='ltr'>non</span> <span class='ocrx_word' id='word_1_325' title='bbox 216 2382 376 2421; x_wconf 80' lang='lat' dir='ltr'>Aristippi,</span> <span class='ocrx_word' id='word_1_326' title='bbox 404 2384 434 2412; x_wconf 89' lang='lat' dir='ltr'>in</span> <span class='ocrx_word' id='word_1_327' title='bbox 456 2385 556 2424; x_wconf 73' lang='lat' dir='ltr'>prima</span> <span class='ocrx_word' id='word_1_328' title='bbox 586 2385 822 2414; x_wconf 78' lang='lat' dir='ltr'>commendatione</span> 
     </span>
     <span class='ocr_line' id='line_1_43' title="bbox 118 2426 821 2467; baseline 0.009 -14"><span class='ocrx_word' id='word_1_329' title='bbox 118 2430 246 2463; x_wconf 80' lang='lat' dir='ltr'>poneret.</span> <span class='ocrx_word' id='word_1_330' title='bbox 263 2426 354 2456; x_wconf 87' lang='lat' dir='ltr'>bene.</span> <span class='ocrx_word' id='word_1_331' title='bbox 370 2436 486 2466; x_wconf 87' lang='lat' dir='ltr'>nempe</span> <span class='ocrx_word' id='word_1_332' title='bbox 503 2429 544 2457; x_wconf 85' lang='lat' dir='ltr'>ita</span> <span class='ocrx_word' id='word_1_333' title='bbox 560 2435 694 2467; x_wconf 86' lang='lat' dir='ltr'>utroque</span> <span class='ocrx_word' id='word_1_334' title='bbox 705 2429 737 2458; x_wconf 89' lang='lat' dir='ltr'>in</span> <span class='ocrx_word' id='word_1_335' title='bbox 750 2429 821 2459; x_wconf 77' lang='lat' dir='ltr'>loco</span> 
     </span>
     <span class='ocr_line' id='line_1_44' title="bbox 123 2467 821 2510; baseline 0.009 -14"><span class='ocrx_word' id='word_1_336' title='bbox 123 2467 208 2497; x_wconf 87' lang='lat' dir='ltr'>idem</span> <span class='ocrx_word' id='word_1_337' title='bbox 223 2478 324 2507; x_wconf 81' lang='lat' dir='ltr'>genus</span> <span class='ocrx_word' id='word_1_338' title='bbox 346 2469 514 2509; x_wconf 87' lang='lat' dir='ltr'>voluptatis</span> <span class='ocrx_word' id='word_1_339' title='bbox 537 2478 633 2501; x_wconf 66' lang='lat' dir='ltr'>essetf</span> <span class='ocrx_word' id='word_1_340' title='bbox 659 2473 744 2510; x_wconf 89' lang='lat' dir='ltr'>quod</span> <span class='ocrx_word' id='word_1_341' title='bbox 768 2482 821 2502; x_wconf 90' lang='lat' dir='ltr'>vo-</span> 
     </span>
     <span class='ocr_line' id='line_1_45' title="bbox 125 2509 405 2550; baseline 0.011 -11"><span class='ocrx_word' id='word_1_342' title='bbox 125 2509 208 2540; x_wconf 90' lang='lat' dir='ltr'>lebat</span> <span class='ocrx_word' id='word_1_343' title='bbox 223 2512 405 2550; x_wconf 82' lang='lat' dir='ltr'>disputator.</span> 
     </span>
    </p>

    <p class='ocr_par' dir='ltr' id='par_1_6' title="bbox 124 2554 824 2671">
     <span class='ocr_line' id='line_1_46' title="bbox 167 2554 822 2595; baseline 0.008 -13"><span class='ocrx_word' id='word_1_344' title='bbox 167 2558 207 2586; x_wconf 84' lang='lat'>69</span> <span class='ocrx_word' id='word_1_345' title='bbox 223 2554 248 2582; x_wconf 88' lang='lat' dir='ltr'>si</span> <span class='ocrx_word' id='word_1_346' title='bbox 262 2554 336 2594; x_wconf 86' lang='lat' dir='ltr'>quid</span> <span class='ocrx_word' id='word_1_347' title='bbox 353 2556 408 2584; x_wconf 82' lang='lat' dir='ltr'>mei</span> <span class='ocrx_word' id='word_1_348' title='bbox 421 2555 532 2594; x_wconf 81' lang='lat' dir='ltr'>judicii</span> <span class='ocrx_word' id='word_1_349' title='bbox 552 2556 604 2595; x_wconf 83' lang='lat' dir='ltr'>est]</span> <span class='ocrx_word' id='word_1_350' title='bbox 625 2558 697 2587; x_wconf 87' lang='lat' dir='ltr'>Fuit</span> <span class='ocrx_word' id='word_1_351' title='bbox 713 2558 744 2587; x_wconf 89' lang='lat' dir='ltr'>in</span> <span class='ocrx_word' id='word_1_352' title='bbox 761 2558 822 2587; x_wconf 90' lang='lat' dir='ltr'>for-</span> 
     </span>
     <span class='ocr_line' id='line_1_47' title="bbox 125 2596 824 2638; baseline 0.007 -12"><span class='ocrx_word' id='word_1_353' title='bbox 125 2596 215 2626; x_wconf 88' lang='lat' dir='ltr'>mula</span> <span class='ocrx_word' id='word_1_354' title='bbox 240 2597 389 2635; x_wconf 89' lang='lat' dir='ltr'>judicum</span> <span class='ocrx_word' id='word_1_355' title='bbox 424 2600 630 2638; x_wconf 86' lang='lat' dir='ltr'>privatorum,</span> <span class='ocrx_word' id='word_1_356' title='bbox 662 2601 824 2631; x_wconf 70' lang='lat' dir='ltr'>modestia·</span> 
     </span>
     <span class='ocr_line' id='line_1_48' title="bbox 124 2641 405 2671; baseline 0.014 -4"><span class='ocrx_word' id='word_1_357' title='bbox 124 2647 235 2669; x_wconf 80' lang='lat' dir='ltr'>caussa</span> <span class='ocrx_word' id='word_1_358' title='bbox 249 2641 405 2671; x_wconf 82' lang='lat' dir='ltr'>additum.</span> 
     </span>
    </p>

    <p class='ocr_par' dir='ltr' id='par_1_7' title="bbox 116 2682 825 2812">
     <span class='ocr_line' id='line_1_49' title="bbox 169 2682 823 2726; baseline 0.005 -14"><span class='ocrx_word' id='word_1_359' title='bbox 169 2686 210 2716; x_wconf 88' lang='grc'>70</span> <span class='ocrx_word' id='word_1_360' title='bbox 237 2682 314 2712; x_wconf 83' lang='lat' dir='ltr'>illud</span> <span class='ocrx_word' id='word_1_361' title='bbox 338 2690 379 2712; x_wconf 86' lang='lat' dir='ltr'>est</span> <span class='ocrx_word' id='word_1_362' title='bbox 399 2683 580 2723; x_wconf 80' lang='lat' dir='ltr'>judicatum,</span> <span class='ocrx_word' id='word_1_363' title='bbox 611 2685 686 2726; x_wconf 84' lang='lat' dir='ltr'>quod</span> <span class='ocrx_word' id='word_1_364' title='bbox 703 2686 823 2725; x_wconf 78' lang='lat' dir='ltr'>judicat</span> 
     </span>
     <span class='ocr_line' id='line_1_50' title="bbox 125 2723 825 2766; baseline 0.007 -14"><span class='ocrx_word' id='word_1_365' title='bbox 125 2723 237 2764; x_wconf 80' lang='lat' dir='ltr'>sensus]</span> <span class='ocrx_word' id='word_1_366' title='bbox 255 2726 417 2757; x_wconf 86' lang='lat' dir='ltr'>Sententia</span> <span class='ocrx_word' id='word_1_367' title='bbox 437 2729 578 2766; x_wconf 88' lang='lat' dir='ltr'>superior</span> <span class='ocrx_word' id='word_1_368' title='bbox 601 2729 711 2759; x_wconf 87' lang='lat' dir='ltr'>finitur</span> <span class='ocrx_word' id='word_1_369' title='bbox 734 2730 765 2758; x_wconf 90' lang='lat' dir='ltr'>in</span> <span class='ocrx_word' id='word_1_370' title='bbox 783 2735 825 2758; x_wconf 87' lang='lat' dir='ltr'>est</span> 
     </span>
     <span class='ocr_line' id='line_1_51' title="bbox 116 2765 822 2812; baseline 0.01 -18"><span class='ocrx_word' id='word_1_371' title='bbox 116 2765 282 2804; x_wconf 78' lang='lat' dir='ltr'>judicatum</span> <span class='ocrx_word' id='word_1_372' title='bbox 297 2780 307 2807; x_wconf 71' lang='grc' dir='ltr'><strong>ς</strong></span> <span class='ocrx_word' id='word_1_373' title='bbox 330 2771 436 2809; x_wconf 87' lang='lat' dir='ltr'>itaque</span> <span class='ocrx_word' id='word_1_374' title='bbox 451 2777 520 2811; x_wconf 88' lang='lat' dir='ltr'>post</span> <span class='ocrx_word' id='word_1_375' title='bbox 536 2771 707 2811; x_wconf 84' lang='lat' dir='ltr'>legendum</span> <span class='ocrx_word' id='word_1_376' title='bbox 724 2778 800 2812; x_wconf 86' lang='lat' dir='ltr'>puto</span> <span class='ocrx_word' id='word_1_377' title='bbox 815 2783 822 2801; x_wconf 71' lang='grc' dir='ltr'>ε</span> 
     </span>
    </p>
   </div>
   <div class='ocr_carea' id='block_1_5' title="bbox 863 2085 1586 2804">
    <p class='ocr_par' dir='ltr' id='par_1_8' title="bbox 863 2085 1566 2125">
     <span class='ocr_line' id='line_1_52' title="bbox 863 2085 1566 2125; baseline 0.004 -11"><span class='ocrx_word' id='word_1_378' title='bbox 863 2085 940 2121; x_wconf 85' lang='lat' dir='ltr'>sius,</span> <span class='ocrx_word' id='word_1_379' title='bbox 968 2087 1041 2125; x_wconf 88' lang='lat' dir='ltr'>quia</span> <span class='ocrx_word' id='word_1_380' title='bbox 1065 2086 1097 2115; x_wconf 91' lang='lat' dir='ltr'>in</span> <span class='ocrx_word' id='word_1_381' title='bbox 1122 2086 1184 2116; x_wconf 87' lang='lat' dir='ltr'>Ms.</span> <span class='ocrx_word' id='word_1_382' title='bbox 1208 2086 1321 2124; x_wconf 86' lang='lat' dir='ltr'>reperit</span> <span class='ocrx_word' id='word_1_383' title='bbox 1350 2085 1474 2115; x_wconf 74' lang='lat' dir='ltr'>sensibus</span> <span class='ocrx_word' id='word_1_384' title='bbox 1497 2096 1566 2116; x_wconf 82' lang='lat' dir='ltr'>cor-</span> 
     </span>
    </p>

    <p class='ocr_par' dir='ltr' id='par_1_9' title="bbox 864 2128 1565 2170">
     <span class='ocr_line' id='line_1_53' title="bbox 864 2128 1565 2170; baseline 0.004 -14"><span class='ocrx_word' id='word_1_385' title='bbox 864 2129 955 2164; x_wconf 77' lang='lat' dir='ltr'>rexit,</span> <span class='ocrx_word' id='word_1_386' title='bbox 972 2129 1044 2170; x_wconf 68' lang='lat' dir='ltr'>quid</span> <span class='ocrx_word' id='word_1_387' title='bbox 1059 2128 1217 2167; x_wconf 83' lang='lat' dir='ltr'>judicatur</span> <span class='ocrx_word' id='word_1_388' title='bbox 1238 2128 1372 2158; x_wconf 83' lang='lat' dir='ltr'>sensibus.</span> <span class='ocrx_word' id='word_1_389' title='bbox 1398 2129 1479 2159; x_wconf 87' lang='lat' dir='ltr'>mihi</span> <span class='ocrx_word' id='word_1_390' title='bbox 1503 2131 1565 2169; x_wconf 87' lang='lat' dir='ltr'>pri-</span> 
     </span>
    </p>

    <p class='ocr_par' dir='ltr' id='par_1_10' title="bbox 866 2171 1565 2213">
     <span class='ocr_line' id='line_1_54' title="bbox 866 2171 1565 2213; baseline 0.004 -14"><span class='ocrx_word' id='word_1_391' title='bbox 866 2180 960 2200; x_wconf 89' lang='lat' dir='ltr'>mum</span> <span class='ocrx_word' id='word_1_392' title='bbox 983 2172 1125 2201; x_wconf 81' lang='lat' dir='ltr'>maxime</span> <span class='ocrx_word' id='word_1_393' title='bbox 1146 2171 1259 2211; x_wconf 81' lang='lat' dir='ltr'>placet.</span> <span class='ocrx_word' id='word_1_394' title='bbox 1276 2171 1349 2212; x_wconf 84' lang='lat' dir='ltr'>quid</span> <span class='ocrx_word' id='word_1_395' title='bbox 1361 2178 1391 2201; x_wconf 88' lang='lat' dir='ltr'>et</span> <span class='ocrx_word' id='word_1_396' title='bbox 1407 2172 1483 2213; x_wconf 82' lang='lat' dir='ltr'>quod</span> <span class='ocrx_word' id='word_1_397' title='bbox 1496 2182 1565 2212; x_wconf 91' lang='lat' dir='ltr'>pro-</span> 
     </span>
    </p>

    <p class='ocr_par' dir='ltr' id='par_1_11' title="bbox 866 2214 1586 2287">
     <span class='ocr_line' id='line_1_55' title="bbox 866 2214 1586 2256; baseline 0.004 -14"><span class='ocrx_word' id='word_1_398' title='bbox 866 2220 932 2252; x_wconf 86' lang='lat' dir='ltr'>pter</span> <span class='ocrx_word' id='word_1_399' title='bbox 948 2215 1176 2253; x_wconf 89' lang='lat' dir='ltr'>compendium</span> <span class='ocrx_word' id='word_1_400' title='bbox 1200 2214 1249 2256; x_wconf 88' lang='lat' dir='ltr'>qd.</span> <span class='ocrx_word' id='word_1_401' title='bbox 1266 2214 1358 2244; x_wconf 84' lang='lat' dir='ltr'>facile</span> <span class='ocrx_word' id='word_1_402' title='bbox 1380 2222 1565 2254; x_wconf 78' lang='lat' dir='ltr'>permutari·</span> <span class='ocrx_word' id='word_1_403' title='bbox 1584 2222 1586 2224; x_wconf 83' lang='lat'>&#39;</span> 
     </span>
     <span class='ocr_line' id='line_1_56' title="bbox 867 2263 928 2287; baseline 0.016 -1"><span class='ocrx_word' id='word_1_404' title='bbox 867 2263 928 2287; x_wconf 78' lang='lat' dir='ltr'>tur·</span> 
     </span>
    </p>

    <p class='ocr_par' dir='ltr' id='par_1_12' title="bbox 867 2298 1563 2424">
     <span class='ocr_line' id='line_1_57' title="bbox 912 2298 1562 2339; baseline 0.005 -12"><span class='ocrx_word' id='word_1_405' title='bbox 912 2306 947 2334; x_wconf 87' lang='lat'>71</span> <span class='ocrx_word' id='word_1_406' title='bbox 975 2298 1046 2335; x_wconf 83' lang='lat' dir='ltr'>lene,</span> <span class='ocrx_word' id='word_1_407' title='bbox 1064 2298 1208 2338; x_wconf 81' lang='lat' dir='ltr'>asperum]</span> <span class='ocrx_word' id='word_1_408' title='bbox 1228 2299 1347 2329; x_wconf 87' lang='lat' dir='ltr'>Melius</span> <span class='ocrx_word' id='word_1_409' title='bbox 1370 2306 1448 2339; x_wconf 89' lang='lat' dir='ltr'>puto</span> <span class='ocrx_word' id='word_1_410' title='bbox 1471 2300 1562 2337; x_wconf 66' lang='grc' dir='ltr'><em>[ιε-ωε,</em></span> 
     </span>
     <span class='ocr_line' id='line_1_58' title="bbox 867 2342 1563 2381; baseline 0.004 -11"><span class='ocrx_word' id='word_1_411' title='bbox 867 2349 1008 2381; x_wconf 77' lang='lat' dir='ltr'>asperum.</span> <span class='ocrx_word' id='word_1_412' title='bbox 1027 2352 1104 2372; x_wconf 83' lang='lat' dir='ltr'>mox</span> <span class='ocrx_word' id='word_1_413' title='bbox 1127 2342 1250 2380; x_wconf 76' lang='lat' dir='ltr'>moveri,</span> <span class='ocrx_word' id='word_1_414' title='bbox 1267 2350 1321 2372; x_wconf 87' lang='lat' dir='ltr'>aut</span> <span class='ocrx_word' id='word_1_415' title='bbox 1338 2344 1370 2372; x_wconf 90' lang='lat' dir='ltr'>in</span> <span class='ocrx_word' id='word_1_416' title='bbox 1387 2354 1500 2372; x_wconf 79' lang='lat' dir='ltr'>movere</span> <span class='ocrx_word' id='word_1_417' title='bbox 1515 2345 1563 2373; x_wconf 90' lang='lat' dir='ltr'>in-</span> 
     </span>
     <span class='ocr_line' id='line_1_59' title="bbox 867 2385 1129 2424; baseline 0.004 -10"><span class='ocrx_word' id='word_1_418' title='bbox 867 2385 1076 2424; x_wconf 87' lang='lat' dir='ltr'>telligendum</span> <span class='ocrx_word' id='word_1_419' title='bbox 1091 2397 1129 2416; x_wconf 87' lang='lat' dir='ltr'>se.</span> 
     </span>
    </p>

    <p class='ocr_par' dir='ltr' id='par_1_13' title="bbox 865 2428 1566 2593">
     <span class='ocr_line' id='line_1_60' title="bbox 909 2428 1564 2469; baseline 0.006 -13"><span class='ocrx_word' id='word_1_420' title='bbox 909 2435 947 2463; x_wconf 75' lang='lat'>72</span> <span class='ocrx_word' id='word_1_421' title='bbox 965 2439 1088 2469; x_wconf 80' lang='lat' dir='ltr'>quarum</span> <span class='ocrx_word' id='word_1_422' title='bbox 1111 2428 1179 2457; x_wconf 80' lang='lat' dir='ltr'>adeo</span> <span class='ocrx_word' id='word_1_423' title='bbox 1193 2440 1217 2458; x_wconf 89' lang='lat' dir='ltr'>o.</span> <span class='ocrx_word' id='word_1_424' title='bbox 1233 2428 1272 2466; x_wconf 80' lang='lat'>5.]</span> <span class='ocrx_word' id='word_1_425' title='bbox 1299 2429 1473 2460; x_wconf 72' lang='lat' dir='ltr'>Lambinus</span> <span class='ocrx_word' id='word_1_426' title='bbox 1497 2439 1564 2460; x_wconf 80' lang='lat' dir='ltr'>cor-</span> 
     </span>
     <span class='ocr_line' id='line_1_61' title="bbox 866 2471 1565 2512; baseline 0.004 -12"><span class='ocrx_word' id='word_1_427' title='bbox 866 2472 935 2510; x_wconf 82' lang='lat' dir='ltr'>rigit</span> <span class='ocrx_word' id='word_1_428' title='bbox 958 2471 1070 2501; x_wconf 78' lang='lat' dir='ltr'>harum.</span> <span class='ocrx_word' id='word_1_429' title='bbox 1094 2472 1188 2508; x_wconf 86' lang='lat' dir='ltr'>bene,</span> <span class='ocrx_word' id='word_1_430' title='bbox 1209 2473 1330 2512; x_wconf 86' lang='lat' dir='ltr'>opinor.</span> <span class='ocrx_word' id='word_1_431' title='bbox 1376 2473 1524 2502; x_wconf 82' lang='lat' dir='ltr'>Davisius</span> <span class='ocrx_word' id='word_1_432' title='bbox 1548 2483 1565 2503; x_wconf 84' lang='lat' dir='ltr'>e</span> 
     </span>
     <span class='ocr_line' id='line_1_62' title="bbox 866 2514 1566 2556; baseline 0 -12"><span class='ocrx_word' id='word_1_433' title='bbox 866 2514 929 2544; x_wconf 87' lang='lat' dir='ltr'>Ms.</span> <span class='ocrx_word' id='word_1_434' title='bbox 961 2524 1055 2553; x_wconf 86' lang='lat' dir='ltr'>supra</span> <span class='ocrx_word' id='word_1_435' title='bbox 1084 2515 1212 2556; x_wconf 86' lang='lat' dir='ltr'>AEquam</span> <span class='ocrx_word' id='word_1_436' title='bbox 1239 2515 1331 2554; x_wconf 81' lang='lat' dir='ltr'>igitur</span> <span class='ocrx_word' id='word_1_437' title='bbox 1362 2516 1566 2555; x_wconf 73' lang='lat' dir='ltr'>pronunciabi!</span> 
     </span>
     <span class='ocr_line' id='line_1_63' title="bbox 865 2557 1374 2593; baseline 0.006 -7"><span class='ocrx_word' id='word_1_438' title='bbox 865 2557 1033 2587; x_wconf 74' lang='lat' dir='ltr'>sententiam</span> <span class='ocrx_word' id='word_1_439' title='bbox 1050 2558 1136 2593; x_wconf 78' lang='lat' dir='ltr'>ratio,</span> <span class='ocrx_word' id='word_1_440' title='bbox 1152 2558 1299 2588; x_wconf 83' lang='lat' dir='ltr'>adhibitis</span> <span class='ocrx_word' id='word_1_441' title='bbox 1316 2560 1374 2589; x_wconf 56' lang='lat' dir='ltr'>&amp;a</span> 
     </span>
    </p>

    <p class='ocr_par' dir='ltr' id='par_1_14' title="bbox 865 2600 1564 2804">
     <span class='ocr_line' id='line_1_64' title="bbox 911 2600 1564 2641; baseline 0.002 -11"><span class='ocrx_word' id='word_1_442' title='bbox 911 2606 949 2635; x_wconf 80' lang='lat'>73</span> <span class='ocrx_word' id='word_1_443' title='bbox 968 2600 1063 2630; x_wconf 79' lang='lat' dir='ltr'>eadem</span> <span class='ocrx_word' id='word_1_444' title='bbox 1078 2601 1218 2630; x_wconf 77' lang='lat' dir='ltr'>sententia</span> <span class='ocrx_word' id='word_1_445' title='bbox 1233 2600 1314 2641; x_wconf 55' lang='lat' dir='ltr'>erin]</span> <span class='ocrx_word' id='word_1_446' title='bbox 1336 2603 1386 2632; x_wconf 87' lang='lat' dir='ltr'>Sic</span> <span class='ocrx_word' id='word_1_447' title='bbox 1401 2601 1493 2631; x_wconf 84' lang='lat' dir='ltr'>scribi</span> <span class='ocrx_word' id='word_1_448' title='bbox 1509 2611 1564 2640; x_wconf 81' lang='lat' dir='ltr'>pro</span> 
     </span>
     <span class='ocr_line' id='line_1_65' title="bbox 865 2643 1563 2684; baseline 0.001 -12"><span class='ocrx_word' id='word_1_449' title='bbox 865 2643 995 2682; x_wconf 80' lang='lat' dir='ltr'>vulgato</span> <span class='ocrx_word' id='word_1_450' title='bbox 1007 2651 1058 2680; x_wconf 81' lang='lat' dir='ltr'>est,</span> <span class='ocrx_word' id='word_1_451' title='bbox 1076 2653 1122 2673; x_wconf 89' lang='lat' dir='ltr'>res</span> <span class='ocrx_word' id='word_1_452' title='bbox 1138 2644 1295 2683; x_wconf 85' lang='lat' dir='ltr'>postulat:</span> <span class='ocrx_word' id='word_1_453' title='bbox 1319 2645 1460 2684; x_wconf 87' lang='lat' dir='ltr'>sequitur</span> <span class='ocrx_word' id='word_1_454' title='bbox 1475 2645 1563 2674; x_wconf 83' lang='lat' dir='ltr'>enim</span> 
     </span>
     <span class='ocr_line' id='line_1_66' title="bbox 867 2686 1564 2725; baseline 0.003 -11"><span class='ocrx_word' id='word_1_455' title='bbox 867 2686 1013 2725; x_wconf 70' lang='lat' dir='ltr'>njicietur</span> <span class='ocrx_word' id='word_1_456' title='bbox 1025 2698 1034 2715; x_wconf 90' lang='lat'><em>:</em></span> <span class='ocrx_word' id='word_1_457' title='bbox 1057 2687 1110 2716; x_wconf 87' lang='lat' dir='ltr'>sic·</span> <span class='ocrx_word' id='word_1_458' title='bbox 1124 2693 1156 2716; x_wconf 88' lang='lat' dir='ltr'>et</span> <span class='ocrx_word' id='word_1_459' title='bbox 1175 2688 1237 2725; x_wconf 58' lang='lat' dir='ltr'>Th.</span> <span class='ocrx_word' id='word_1_460' title='bbox 1262 2689 1404 2719; x_wconf 86' lang='lat' dir='ltr'>Bentleio</span> <span class='ocrx_word' id='word_1_461' title='bbox 1424 2693 1454 2716; x_wconf 85' lang='lat' dir='ltr'>et</span> <span class='ocrx_word' id='word_1_462' title='bbox 1469 2688 1564 2717; x_wconf 77' lang='lat' dir='ltr'>Davi-</span> 
     </span>
     <span class='ocr_line' id='line_1_67' title="bbox 866 2729 1564 2770; baseline 0.001 -12"><span class='ocrx_word' id='word_1_463' title='bbox 866 2731 913 2759; x_wconf 88' lang='lat' dir='ltr'>sio</span> <span class='ocrx_word' id='word_1_464' title='bbox 929 2729 1057 2768; x_wconf 86' lang='lat' dir='ltr'>placuit.</span> <span class='ocrx_word' id='word_1_465' title='bbox 1072 2739 1149 2759; x_wconf 87' lang='lat' dir='ltr'>mox</span> <span class='ocrx_word' id='word_1_466' title='bbox 1164 2729 1226 2758; x_wconf 75' lang='lat' dir='ltr'>ulla</span> <span class='ocrx_word' id='word_1_467' title='bbox 1241 2740 1297 2770; x_wconf 89' lang='lat' dir='ltr'>pro</span> <span class='ocrx_word' id='word_1_468' title='bbox 1313 2731 1367 2761; x_wconf 81' lang='lat' dir='ltr'>illa</span> <span class='ocrx_word' id='word_1_469' title='bbox 1386 2731 1531 2762; x_wconf 88' lang='lat' dir='ltr'>dedimus</span> <span class='ocrx_word' id='word_1_470' title='bbox 1546 2739 1564 2759; x_wconf 85' lang='lat' dir='ltr'>e</span> 
     </span>
     <span class='ocr_line' id='line_1_68' title="bbox 868 2772 1263 2804; baseline 0.008 -3"><span class='ocrx_word' id='word_1_471' title='bbox 868 2772 949 2803; x_wconf 83' lang='lat' dir='ltr'>Mss.</span> <span class='ocrx_word' id='word_1_472' title='bbox 964 2779 1001 2802; x_wconf 91' lang='lat' dir='ltr'>ut</span> <span class='ocrx_word' id='word_1_473' title='bbox 1015 2773 1162 2804; x_wconf 79' lang='lat' dir='ltr'>Davisius</span> <span class='ocrx_word' id='word_1_474' title='bbox 1179 2773 1263 2804; x_wconf 69' lang='lat' dir='ltr'>fecit.</span> 
     </span>
    </p>
   </div>
   <div class='ocr_carea' id='block_1_6' title="bbox 864 2826 927 2868">
    <p class='ocr_par' dir='ltr' id='par_1_15' title="bbox 864 2826 927 2868">
     <span class='ocr_line' id='line_1_69' title="bbox 864 2826 927 2868; baseline 0 0"><span class='ocrx_word' id='word_1_475' title='bbox 864 2826 927 2868; x_wconf 85' lang='lat'>13</span> 
     </span>
    </p>
   </div>
  </div>
 </body>
</html>
