1778 3095
222 196 303 227 450
592 190 669 227 DE
698 190 964 229 NATURA
993 189 1271 228 DEORUM

223 312 335 361 rum,
352 312 444 353 quae
466 297 572 339 falso
592 307 792 340 vocantur
821 308 1016 340 errantes.
1047 299 1150 340 nihil
1179 299 1290 340 enim
1319 307 1443 348 errat,
1463 299 1613 353 quod
1603 310 1646 341 m

224 354 338 394 omni
360 355 589 395 aeternitate
611 365 825 396 conservat
848 370 1093 411 progressus
1121 365 1163 396 et
1190 368 1417 410 regressus,
1439 355 1646 410 reliquos-

224 425 306 464 que
327 419 466 452 motus
486 421 738 462 constantes,
761 421 803 453 et
822 421 946 453 ratos.
993 411 1122 469 Quod
1143 427 1194 453 eo
1217 422 1280 453 est
1298 411 1613 452 admirabilius
1604 427 1645 452 m

224 466 288 507 his
318 467 462 531 stellis,
484 482 586 522 quas
615 468 807 517 dicimus,
838 469 936 523 quia
965 477 1054 509 tum
1086 468 1363 518 occultantur,
1385 476 1476 508 tum
1504 482 1647 508 rursus

224 524 479 578 aperiuntur,
511 530 548 556 6⁵
566 534 656 565 tum
688 525 857 573 adeunt,
892 534 981 565 tum
1014 525 1227 575 recedunt,
1257 533 1347 565 turn
1378 523 1648 574 antecedunt,

225 589 314 620 tum
338 581 663 635 subsequuntur,
685 590 773 621 tum
796 581 968 621 celerius
998 591 1228 630 moventur,
1250 590 1341 622 tum
1361 580 1535 630 tardius,
1556 588 1646 620 tum

224 637 397 676 omnino
418 651 468 677 ne
489 646 708 677 moventur
728 636 913 691 quidem,
935 636 1008 677 sed
1029 643 1068 667 66
1085 637 1137 677 ad
1163 637 1375 692 quoddam
1397 646 1564 691 tempus
1585 636 1651 676 in-

224 692 389 733 sistunt.
450 694 639 734 Ouarum
661 707 711 732 ex
730 693 963 747 disparibus
989 693 1246 734 motionibus
1267 708 1470 748 magnum
1490 707 1647 733 annum

225 749 513 790 mathematici
543 749 874 798 nominaverunt,
903 748 974 804 qui
1004 757 1096 789 tum
1125 749 1314 800 efficitur,
1343 765 1440 790 cum
1472 748 1593 812 solis,
1607 757 1650 790 et

225 804 351 855 lunae,
373 815 415 845 et
431 805 615 859 quinque
635 804 859 845 errantium
891 805 944 845 ad
973 805 1148 845 eandem
1177 805 1282 845 inter
1303 820 1345 846 se
1366 805 1647 861 comparatio-

162 867 214 898 52
227 876 320 902 nem
341 861 543 902 confectis
573 860 762 901 omnium
791 861 934 916 spatiis
965 870 1028 901 est
1057 862 1168 902 facta
1196 862 1425 902 conversio.
1484 868 1520 897 67
1539 863 1648 918 Quae

226 932 351 972 quam
374 917 501 971 longa
523 917 589 966 sit,
607 931 760 971 magna
780 918 958 972 quaestio
980 926 1063 958 est:
1095 932 1184 958 esse
1206 932 1302 958 vero
1322 927 1493 963 certam,
1513 928 1556 958 et
1576 918 1650 958 de-

227 974 400 1021 finitam,
434 987 601 1013 necesse
631 982 707 1014 est.
764 975 877 1014 Nam
910 988 971 1025 ea,
1002 989 1097 1030 quae
1131 973 1304 1015 Saturni
1333 973 1453 1013 stella
1481 973 1649 1025 dicitur,

226 1029 439 1084 coelumque
467 1044 492 1069 a
517 1030 676 1070 Graecis
708 1030 960 1081 nominatur,
983 1045 1076 1085 quae
1097 1046 1122 1071 a
1138 1039 1248 1071 terra
1267 1030 1386 1070 abest
1406 1029 1650 1094 plurimum,

183 1097 216 1127 b.
227 1100 306 1127 xxx
328 1086 412 1126 fere
433 1085 549 1125 annis
571 1100 740 1126 cursum
762 1101 885 1128 suum
905 1088 1086 1128 conficit.
1108 1088 1150 1127 in
1173 1102 1259 1142 quo
1279 1101 1405 1127 cursu
1420 1086 1555 1127 multa
1570 1087 1651 1127 mi-

226 1142 410 1183 rabiliter
437 1142 637 1205 efficiens,
670 1151 762 1183 tum
794 1143 1095 1194 antecedendo,
1129 1152 1221 1184 tum
1256 1142 1522 1206 retardando,
1558 1152 1650 1184 tum

226 1198 468 1254 vespertinis
498 1199 759 1253 temporibus
792 1199 1090 1250 delitescendo,
1118 1210 1210 1241 tum
1239 1199 1453 1240 matutinis
1484 1214 1650 1240 rursum

227 1270 270 1296 se
286 1255 526 1310 aperiendo,
549 1255 650 1295 nihil
671 1255 869 1296 immutat
890 1257 1153 1312 sempiternis
1175 1256 1424 1297 saeculorum
1443 1255 1652 1306 aetatibus,

229 1312 344 1375 quin·
361 1311 509 1352 eadem
540 1311 687 1352 iisdem
717 1313 977 1366 temporibus
1009 1313 1174 1353 efficiat.
1234 1313 1347 1352 Infra
1375 1321 1514 1352 autem
1545 1312 1654 1352 hanc

228 1369 398 1424 propius
421 1382 445 1408 a
464 1377 573 1408 terra
594 1368 709 1408 Jovis
731 1368 851 1410 stella
870 1369 1014 1419 fertur,
1022 1385 1129 1433 ‚quae
1149 1368 1292 1421 φαέθων
1311 1368 1490 1409 dicitur:
1521 1382 1654 1423 eaque

228 1425 407 1465 eundem
430 1438 507 1465 ΧΠ
531 1424 749 1478 signorum
769 1425 914 1466 orbem
937 1426 1054 1466 annis
1080 1439 1156 1467 x11
1184 1425 1366 1476 conficit,
1386 1424 1653 1479 easdemque,

166 1495 213 1526 53
229 1496 332 1536 quas
363 1481 531 1522 Saturni
560 1480 694 1531 stella,
715 1481 876 1522 efficit
867 1497 908 1522 m
934 1497 1060 1523 cursu
1084 1483 1311 1523 varietates.
1371 1480 1486 1522 Huic
1513 1489 1654 1522 autem

230 1544 269 1569 68
286 1538 477 1593 proxime
508 1537 748 1578 inferiorem
767 1538 914 1579 orbem
937 1548 1051 1579 tenet
1077 1538 1182 1594 πυρόε
1186 1556 1228 1589 ις,
1248 1553 1342 1594 quae
1363 1537 1482 1579 stella
1502 1537 1656 1578 Martis

229 1594 491 1658 appellatur:
522 1608 654 1649 eaque
685 1608 772 1635 1111
806 1603 849 1635 et
879 1607 943 1636 xx
973 1595 1199 1645 mensibus,
1222 1608 1292 1645 vl,
1313 1602 1360 1635 ut
1380 1594 1544 1649 opinor,
1565 1593 1657 1634 die-

228 1652 309 1692 bus
330 1666 483 1701 minus,
504 1650 684 1692 eundem
706 1651 856 1692 lustrat
876 1652 1038 1702 orbem,
1059 1665 1184 1707 quem
1206 1651 1301 1691 duae
1324 1650 1570 1705 superiores.
1591 1649 1656 1690 in-

229 1708 292 1748 fra
321 1707 428 1748 hanc
458 1716 600 1748 autem
631 1707 753 1748 stella
782 1708 986 1748 Mercurii
1014 1717 1090 1748 est.
1122 1722 1171 1748 ea
1198 1706 1359 1748 στίλδων
1377 1705 1613 1761 appellatur
1631 1720 1655 1745 a

230 1764 415 1805 Graecis:
448 1779 541 1819 quae
576 1777 685 1804 anno
713 1764 798 1804 fere
827 1772 1013 1805 vertente
1042 1764 1289 1827 signiferum
1317 1763 1466 1804 lustrat
1494 1762 1654 1812 orbem,

231 1835 365 1876 neque
387 1835 411 1861 a
429 1819 518 1860 sole
539 1819 706 1874 longius
734 1835 934 1874 umquam
954 1819 1077 1861 unius
1100 1820 1209 1875 signi
1229 1820 1444 1860 intervallo
1464 1817 1659 1868 discedit,

229 1885 321 1918 tum
352 1884 623 1927 antevertens,
647 1884 737 1916 tum
769 1877 1042 1932 subsequens.
1102 1877 1252 1916 Infima
1281 1886 1346 1917 est
1375 1875 1560 1931 quinque
1589 1888 1658 1915 er-

229 1933 426 1984 rantium,
452 1941 655 1987 terraeque
686 1933 890 1987 proxima,
921 1932 1042 1974 stella
1060 1933 1251 1982 Veneris,
1281 1932 1462 1987 φωσφόρος
1492 1932 1658 1981 Graece,

228 1990 400 2031 Lucifer
420 1989 568 2030 Latine
588 1989 755 2040 dicitur,
776 2003 873 2030 cum
895 1988 1182 2044 antegreditur
1201 1988 1361 2030 solem:
1392 2002 1490 2029 cum
1511 1987 1657 2028 subse-

261 2046 374 2087 uitur
391 2056 549 2096 autem,
570 2046 799 2100 Hesperos.
851 2047 913 2087 Ea
931 2060 1100 2086 cursum
1120 2059 1230 2086 anno
1250 2045 1433 2095 conficit,
1452 2054 1494 2086 et
1513 2043 1657 2084 latitu-

259 2103 370 2144 inem
401 2103 581 2143 lustrans
607 2102 794 2157 signiferi
823 2102 951 2152 orbis,
972 2109 1014 2143 et
1038 2101 1379 2156 longitudinem:
1410 2099 1525 2156 quod
1545 2099 1657 2141 idem

232 2159 391 2200 faciunt
420 2159 551 2200 stellae
583 2158 843 2212 superiores:
876 2173 1011 2213 neque
1040 2172 1242 2213 umquam
1273 2159 1326 2198 ab
1355 2157 1444 2198 sole
1474 2157 1657 2198 duorum

232 2217 451 2271 signorum
483 2215 698 2256 intervallo
732 2215 902 2270 longius
938 2214 1130 2264 discedit,
1159 2223 1249 2255 tum
1278 2213 1543 2263 antecedens,
1564 2222 1657 2253 tum

150 2274 212 2321 Ol
232 2273 505 2337 subsequens.
548 2273 672 2312 Hanc
692 2271 821 2326 igitur
840 2271 884 2312 in
904 2271 1034 2312 stellis
1055 2271 1346 2320 constantiam,
1369 2270 1476 2311 hanc
1498 2277 1656 2312 tantam

168 2346 219 2380 54
232 2339 318 2370 tam
340 2330 457 2370 variis
478 2329 668 2369 cursibus
689 2328 731 2368 in
752 2328 868 2368 omni
886 2327 1119 2369 aeternitate
1139 2326 1469 2368 convenientiam
1489 2334 1658 2379 tempo-

231 2401 341 2436 rum,
373 2401 457 2426 non
488 2399 660 2440 possum
693 2384 925 2439 intelligere
961 2384 1049 2425 sine
1076 2392 1230 2434 mente,
1261 2384 1435 2432 ratione,
1466 2381 1662 2422 consilio?

230 2443 340 2498 Quae
376 2457 476 2483 cum
508 2441 551 2482 in
583 2441 786 2482 sideribus
818 2441 952 2483 inesse
983 2440 1211 2491 videamus,
1241 2454 1325 2480 non
1354 2452 1578 2494 possumus
1607 2451 1660 2482 ea

274 2575 313 2600 65
339 2577 399 2599 tum
425 2571 542 2607 adeunt,
571 2577 631 2599 tum
657 2569 801 2610 recedunt]
836 2570 922 2600 Male

231 2613 328 2651 vulgo
350 2620 396 2643 est
422 2614 535 2643 abeunt.
559 2613 638 2642 illud
663 2614 696 2643 in
723 2614 786 2643 Ms.
813 2614 924 2653 reperit

232 2656 377 2685 Ursinus.

275 2703 314 2728 66
338 2697 377 2726 ad
390 2697 529 2739 quoddam
554 2704 662 2736 tempus
684 2695 829 2735 insistunt]
848 2697 922 2727 Non

232 2751 263 2772 re
283 2751 366 2777 vera,
383 2741 436 2771 sed
458 2742 543 2779 quod
567 2741 713 2779 adspectu
730 2750 781 2770 eos
797 2741 923 2770 diversis

230 2785 425 2823 temporibus
448 2784 485 2813 ad
509 2784 646 2814 eundem
665 2783 735 2813 coeli
753 2783 862 2812 locum
879 2792 924 2812 re-

231 2828 374 2863 ferimus,
402 2827 433 2856 in
459 2836 496 2856 co
521 2827 695 2856 constitisse
720 2833 750 2855 et
777 2835 922 2865 perman—

230 2872 305 2901 sisse
320 2871 475 2899 videntur.

275 2918 312 2949 ⁶7
337 2913 413 2944 Quae
428 2922 515 2954 quam
531 2910 614 2952 longa
629 2909 681 2952 sit]
700 2911 844 2943 Debebat
857 2921 923 2942 esse

966 2570 1017 2611 qui
1032 2581 1117 2611 quam
1133 2569 1231 2609 longus
1246 2569 1284 2599 sit
1300 2571 1358 2600 &c-
1383 2570 1457 2610 quia
1472 2570 1605 2609 pertinet
1619 2570 1660 2607 ad

966 2623 1090 2642 annum
1112 2622 1290 2651 magnum:
1316 2620 1408 2652 atque
1433 2613 1474 2642 ita
1495 2613 1659 2646 videbatur

966 2656 1186 2693 corrigendum
1203 2656 1341 2686 Davisio.
1360 2657 1414 2686 sed
1430 2655 1540 2686 Cicero
1555 2655 1663 2691 retulit«

967 2699 1004 2727 ad
1020 2698 1237 2729 conversionem.

1010 2745 1049 2770 68
1063 2741 1193 2779 proxime
1208 2738 1384 2781 inferiorem]
1403 2740 1465 2770 Hic
1481 2749 1609 2779 quoque
1624 2741 1659 2771 in

968 2782 1101 2822 vulgatis
1114 2784 1244 2821 proxime
1262 2791 1423 2814 mutatum
1440 2783 1498 2812 fuit
1514 2784 1546 2812 in
1556 2783 1659 2821 proxi·

966 2837 1053 2862 mum,
1071 2833 1165 2864 atque
1181 2826 1260 2856 illud
1276 2827 1504 2856 restituendum
1528 2835 1567 2856 ex
1589 2825 1659 2864 laci*

966 2869 1062 2899 nitate
1079 2876 1160 2899 recte
1176 2869 1254 2900 vidit
1268 2869 1447 2900 Walkerus.
