1778 3095
537 181 714 219 LIBER
743 179 1077 218 SECUNDUS,
1438 184 1517 227 449

95 289 187 331 lum
206 289 416 344 pulverem
435 286 631 341 attigistis
651 303 659 327 :
684 293 724 318 60
738 299 790 326 ne
809 285 891 326 hoc
911 286 1080 341 quidem
1100 284 1264 341 physici
1284 284 1518 341 intelligere

97 346 308 401 potuistis,
329 345 435 385 hanc
456 343 735 398 aequalitatem
761 351 918 390 motuS,
939 342 1301 395 constantiamque
1321 342 1517 384 ordinum

96 398 140 442 in
158 401 240 442 alia
260 401 393 456 figura
413 414 495 440 non
520 399 706 453 potuisse
733 398 915 438 servari?
950 399 1096 453 Itaque
1127 397 1229 437 nihil
1258 406 1397 451 potest
1428 413 1518 439 esse

99 457 322 507 indoctius,
356 470 480 511 quam
517 455 632 510 quod
664 470 688 495 a
722 455 837 495 vobis
871 454 1065 494 affirmari
1099 454 1219 494 solet.
1278 454 1372 493 Nee
1406 455 1517 495 enim

96 514 210 554 hunc
241 514 377 568 ipsum
408 513 612 552 mundum
644 526 719 566 pro
747 520 861 551 certo
881 511 1108 551 rotundum
1129 524 1218 550 csse
1238 509 1389 550 dicitis.
1421 524 1518 551 nam

94 584 218 625 posse
239 569 338 619 fieri,
359 578 406 608 ut
427 569 479 608 sit
498 568 578 608 alia
597 568 748 623 figura:
771 567 1178 622 innumerabilesque
1198 565 1392 616 mundos,
1413 566 1517 606 alios

94 627 271 667 aliarum
293 638 381 665 esse
408 625 652 665 formarum.
711 625 833 680 Quae,
854 623 886 664 si
908 623 971 664 bis
992 623 1088 664 bina
1111 633 1215 678 quot
1236 632 1386 672 essent,
1407 622 1515 663 didi·
1527 627 1580 669 49

94 682 218 723 cisset
239 682 459 736 Epicurus,
478 691 592 722 certe
612 696 694 721 non
717 681 886 721 diceret.
947 679 1029 720 Sed
1049 680 1149 719 dum
1171 679 1325 733 palato,
1345 679 1445 734 quid
1464 680 1519 720 sit

94 739 316 793 optimum,
332 737 512 793 judicat,
529 737 620 778 caeli
636 737 838 792 palatum,
859 739 921 790 (ut
941 736 998 777 ait
1018 736 1191 788 Ennius)
1215 751 1297 776 non
1319 736 1515 790 suspexit.

93 796 221 844 Nam,
242 808 340 834 cum
361 793 445 834 duo
468 794 549 834 sint
570 808 724 849 genera
744 793 927 834 siderum
944 809 952 832 :
973 807 1151 848 quorum
1173 792 1351 832 alterum
1371 792 1515 847 spatiis
1534 792 1600 847 19

92 850 426 891 immutabilibus
448 851 501 891 ab
522 861 618 892 ortu
647 850 700 891 ad
731 865 926 890 occasum
958 863 1214 898 commeans,
1235 848 1396 889 nullum
1419 864 1515 890 um-

92 921 219 961 quam
240 921 384 947 cursus
406 907 469 947 sui
491 907 711 962 vestigium
736 907 920 946 inflectat
939 922 947 945 :
982 912 1017 937 61
1035 906 1213 946 alterum
1241 914 1382 945 autem
1413 920 1516 946 con-

91 964 228 1004 tinuas
250 964 537 1004 conversiones
555 963 657 1004 duas
675 963 822 1003 iisdem
845 962 987 1017 spatiis
1007 962 1282 1017 cursibusque
1301 962 1515 1004 conficiat:

91 1033 142 1059 ex
164 1029 340 1075 utraque
357 1034 400 1060 re
417 1028 459 1060 et
479 1020 627 1060 mundi
643 1018 895 1069 volubilitas,
910 1033 1003 1073 quae
1023 1018 1102 1058 nisi
1120 1018 1161 1058 in
1180 1018 1362 1073 globosa
1379 1019 1518 1059 forma

90 1090 180 1116 esse
202 1091 285 1116 non
304 1084 459 1131 posset,
480 1084 523 1116 et
541 1075 754 1117 stellarum
776 1075 947 1116 rotundi
965 1074 1147 1115 ambitus
1169 1083 1485 1130 cognoscuntur
1503 1092 1515 1117 t

90 1132 335 1188 primusque
357 1132 435 1182 sol,
457 1133 529 1188 qui
548 1141 756 1173 astrorum
787 1132 950 1172 obtinet
979 1131 1275 1186 principatum,
1296 1131 1354 1172 ita
1372 1146 1517 1173 move-

90 1198 174 1238 tur,
194 1198 242 1229 ut
260 1203 357 1229 cum
377 1198 505 1229 terras
525 1189 642 1244 larga
659 1189 755 1230 luce
775 1187 1060 1243 compleverit,
1080 1187 1248 1228 easdem
1275 1187 1405 1229 modo
1437 1188 1517 1238 his,

88 1245 218 1286 modo
248 1245 329 1286 illis
357 1259 409 1286 ex
437 1246 627 1301 partibus
657 1254 820 1301 opacet.
850 1246 939 1300 ipsa
967 1245 1080 1285 enim
1108 1245 1260 1285 umbra
1287 1253 1408 1285 terrae
1436 1245 1516 1285 soli

89 1301 289 1352 officiens,
310 1310 477 1347 noctem
499 1303 652 1343 efficit:
684 1313 984 1343 nocturnorum
1017 1309 1158 1342 autem
1189 1300 1418 1356 spatiorum
1445 1315 1516 1343 ea-

90 1357 187 1398 dem
207 1366 271 1398 est
292 1358 568 1413 aequabilitas,
590 1373 684 1414 quae
704 1359 949 1399 diurnorum
969 1374 978 1398 :
1008 1356 1283 1413 ejusdemque
1303 1357 1402 1399 solis
1422 1366 1517 1399 tum

89 1428 282 1455 accessus
303 1414 474 1464 modici,
494 1424 585 1456 tum
607 1429 808 1464 recessus,
829 1423 873 1454 et
901 1414 1083 1470 frigoris,
1104 1422 1146 1454 et
1170 1414 1320 1454 caloris
1340 1414 1516 1456 modum

88 1477 353 1525 temperant:
385 1471 583 1512 circuitus
614 1472 725 1512 enim
758 1478 796 1503 62
814 1470 913 1511 solis
943 1470 1109 1511 orbium
1138 1483 1168 1511 v
1194 1478 1236 1510 et
1264 1484 1326 1511 Lx
1348 1479 1390 1511 et
1411 1485 1516 1521 cce,

88 1536 237 1581 quarta
268 1527 354 1567 fere
380 1527 464 1568 diei
488 1536 605 1582 parte
625 1528 781 1579 addita,
803 1527 1116 1568 conversionem
1138 1527 1365 1568 conficiunt
1383 1541 1517 1568 annu-

88 1597 155 1622 am
174 1599 182 1624 :
213 1583 426 1623 inflectens
445 1592 583 1624 autem
606 1585 670 1624 sol
690 1599 860 1624 cursum
882 1594 973 1625 tum
993 1583 1046 1623 ad
1067 1583 1401 1638 septemtriones,
1423 1592 1516 1625 tum

86 1639 141 1679 ad
170 1639 404 1689 meridiem,
427 1648 591 1681 aestates
619 1648 662 1681 et
689 1641 849 1681 hiemes
879 1640 1017 1689 efficit,
1043 1648 1085 1679 et
1114 1654 1163 1679 ea
1191 1639 1276 1680 duo
1308 1649 1514 1695 tempora,

86 1710 266 1750 quorum
289 1702 327 1727 ⁶3
346 1696 522 1738 alterum
548 1697 677 1737 hiemi
706 1697 935 1737 senescenti
962 1695 1210 1751 adjunctum
1238 1704 1315 1746 est,
1336 1696 1512 1738 alterum
1525 1709 1555 1737 Ρ·
1570 1705 1621 1730 36-

86 1752 236 1793 aestati.
296 1753 361 1793 [ta
389 1767 439 1793 ex
464 1762 664 1808 quattuor
696 1763 936 1807 temporum
969 1751 1287 1803 mutationibus,
1308 1751 1556 1804 Oinniuin‚³·

87 1823 180 1863 quae
218 1817 329 1849 terra
363 1810 550 1865 marique
584 1810 834 1865 gignuntur,
868 1809 988 1849 initia
1024 1823 1244 1864 causaeque
1285 1809 1512 1852 ducuntur.

85 1865 181 1905 Jam
203 1865 302 1906 solis
321 1880 481 1906 annuos
501 1881 646 1906 cursus
668 1866 811 1921 spatiis
833 1865 1054 1906 menstruis
1082 1865 1182 1905 luna
1209 1867 1482 1922 consequitur
1502 1877 1578 1908 :50

85 1922 207 1976 cujus
228 1922 518 1962 tenuissimum
547 1922 690 1963 lumen
720 1922 820 1963 facit
846 1923 1058 1976 proximus
1081 1936 1271 1963 accessus
1292 1923 1345 1963 ad
1365 1924 1513 1974 solem,

86 1977 299 2031 digressus
329 1987 469 2018 autem
497 1978 768 2033 longissimus
790 1980 966 2033 quisque
996 1978 1298 2033 plenissimum.
1358 1981 1514 2035 Neque

85 2035 223 2074 solum
243 2033 333 2089 ejus
353 2035 511 2089 species
531 2049 578 2074 ac
600 2035 735 2075 forma
757 2042 943 2075 mutatur
963 2044 1054 2075 tum
1074 2035 1315 2086 crescendo,
1334 2043 1424 2077 tum
1441 2037 1515 2078 de-

86 2090 266 2130 fectibus
293 2090 336 2130 in
366 2090 483 2131 initia
518 2091 786 2140 recurrendo,
816 2091 890 2131 sed
921 2091 1048 2131 etiam
1080 2092 1210 2146 regio,
1241 2107 1334 2147 quae
1364 2099 1402 2124 64
1422 2103 1513 2134 tum

84 2154 148 2186 est
169 2146 439 2202 aquilonaris,
459 2156 548 2187 tun]
573 2147 778 2188 australis.
840 2148 888 2187 In
916 2147 1028 2188 lunae
1051 2163 1220 2203 quoque
1241 2163 1366 2190 cursu
1386 2158 1448 2191 est
1469 2159 1513 2190 et

85 2203 245 2243 brumae
267 2203 460 2257 quaedam
482 2214 522 2243 et
545 2203 711 2244 solstitii
731 2204 985 2244 similitudo:
1018 2205 1235 2259 multaque
1263 2206 1315 2245 ab
1345 2220 1394 2246 ea
1420 2221 1511 2247 ma-

84 2268 184 2299 nant
203 2268 245 2300 et
265 2261 415 2310 fluunt,
436 2260 586 2315 quibus
608 2270 650 2301 et
668 2260 898 2300 animantes
919 2260 1084 2300 alantur
1103 2270 1437 2316 augescantque3
1470 2271 1514 2303 et

82 2316 328 2369 pubescant,
346 2317 713 2372 maturitatemque
731 2326 1017 2371 assequantur,
1033 2332 1126 2372 quae
1143 2318 1332 2358 oriuntur
1348 2333 1371 2357 e
1387 2328 1509 2359 terra.

82 2372 271 2413 Maxime
292 2387 390 2414 vero
411 2381 508 2413 sunt
532 2372 796 2413 admirabiles
824 2382 967 2413 motus
994 2387 1138 2413 earum
1164 2374 1349 2429 quinque
1368 2366 1595 2416 stella-20

126 2489 166 2514 60
197 2495 231 2512 ne
259 2484 308 2513 hoc
337 2483 451 2526 quidem
475 2483 589 2524 physici
615 2483 668 2513 int.
692 2483 770 2522 pot]
817 2493 892 2513 sum
909 2483 1038 2514 nullum
1056 2484 1150 2513 habet
1165 2491 1195 2515 et
1214 2485 1301 2515 abest
1317 2486 1394 2515 Mss.
1412 2485 1509 2526 pluri-

77 2526 189 2566 pliysici
211 2536 265 2565 per
287 2527 420 2557 ironiam
442 2528 585 2557 additum
605 2534 673 2564 est3
698 2536 773 2556 nam
819 2528 891 2562 mis,
909 2527 1002 2566 idque
1023 2527 1193 2557 delendum
1214 2529 1331 2558 viderat
1346 2529 1508 2567 Cujacius,

85 2570 117 2598 in
135 2569 271 2608 physicis
288 2571 463 2600 admodum
484 2571 574 2599 rudes
591 2570 686 2599 fuisse
703 2570 774 2608 Epi-
817 2570 991 2609 delevitque
1008 2570 1153 2600 Davisius
1170 2577 1200 2600 et
1215 2571 1381 2602 Buherius.

83 2621 192 2641 eureos
211 2613 326 2650 passim
349 2614 424 2642 dicit
444 2613 565 2649 Cicero,
583 2620 617 2642 ut
631 2613 727 2642 Tusc.
745 2613 771 2650 I,
860 2617 897 2642 623
921 2612 1045 2641 alterum
1071 2613 1156 2642 hiemi
1181 2613 1370 2643 s.—alterum
1389 2613 1507 2655 aestati]

83 2662 134 2687 29.
152 2655 205 2683 ubi
222 2663 273 2684 eos
287 2654 428 2693 plumbeos
443 2655 472 2684 in
483 2655 607 2695 physicis
620 2656 705 2684 dicit.
817 2655 836 2685 i.
851 2665 877 2684 e.
894 2665 946 2685 ver
961 2663 991 2685 et
1006 2663 1194 2685 autumnus.

127 2702 163 2727 61
201 2696 323 2726 alterum
353 2709 380 2726 a.
411 2698 556 2727 continuas
584 2699 774 2727 con-versiones
861 2703 900 2728 64
923 2705 984 2727 tum
1007 2705 1048 2727 est
1069 2698 1259 2739 aquilonaris,
1276 2706 1336 2728 tum
1355 2698 1504 2737 australis]

85 2739 154 2768 duas
171 2739 192 2769 i.
207 2746 249 2778 sp.
266 2751 291 2768 c.
307 2737 345 2777 c.]
366 2739 515 2778 Intelligit
529 2741 680 2779 planetas,
696 2751 774 2780 quo·
817 2739 994 2781 aquilonaris
1022 2741 1069 2770 vel
1096 2741 1267 2782 aquilonalis
1295 2752 1408 2772 omnes
1437 2743 1507 2772 edd.

84 2792 156 2811 rum
172 2782 289 2822 duplex
303 2789 349 2811 est
368 2789 487 2818 motuS,
503 2783 580 2813 alter
593 2784 632 2812 ab
648 2790 718 2813 ortu
734 2785 772 2814 ad
815 2790 891 2813 vett.
915 2785 1054 2823 itemque
1077 2784 1156 2814 Mss.
1180 2786 1322 2823 quidam.
1346 2786 1440 2823 idque
1461 2794 1508 2814 re-

83 2833 246 2861 occasum‚
263 2824 340 2854 alter
354 2825 393 2854 ab
408 2833 522 2854 occasu
537 2827 570 2855 in
584 2833 701 2856 ortum.
814 2827 912 2856 stitui.
956 2827 984 2856 J.
1014 2827 1191 2857 Gronovius
1217 2838 1257 2857 ex
1279 2828 1358 2858 Mss.
1382 2826 1506 2857 Gruteri

127 2872 166 2896 62
189 2867 253 2896 solis
274 2867 382 2897 orbium
400 2877 421 2897 v
439 2873 466 2895 et
484 2877 529 2896 Lx
546 2874 572 2896 et
589 2868 671 2907 ccc]
694 2869 772 2899 Edd.
816 2870 931 2907 recepit
963 2869 1126 2909 aquileram
1156 2871 1240 2909 quod
1277 2869 1403 2900 australi
1441 2878 1506 2898 non

84 2916 153 2948 post
170 2919 204 2938 v.
220 2910 340 2940 addunt
360 2909 526 2950 defectibus,
543 2912 628 2951 quod
650 2918 680 2941 et
701 2921 773 2941 sen·
815 2912 985 2941 commode
996 2913 1176 2951 opponitur.

143 2964 256 2992 vor„
277 2965 407 2995 1v.1³.
430 2965 462 2991 1.
859 2965 885 2991 G
905 2966 937 3005 g
