1768 3095
244 65 297 105 σο
581 55 853 105 ACADEM.
884 65 1330 106 QUAESTioNUM

243 168 524 212 dialecticam.
557 185 655 212 nam
675 172 710 212 si
729 185 752 212 e
780 171 1000 213 contrariis
1030 171 1257 229 disjunctio
1283 172 1508 227 (contraria
1536 181 1680 216 autem

243 241 294 268 ea
313 226 424 278 dico,
444 241 542 269 cum
562 228 742 269 alterum
773 228 846 279 ait,
876 228 1053 270 alterum
1084 231 1229 285 negat)
1252 230 1284 271 si
1315 230 1410 271 talis
1437 229 1682 282 dis‘unetio‚

245 285 351 325 falsa
368 293 509 340 potest
535 298 639 336 esse,
669 284 783 326 nulla
811 299 907 326 vera
937 295 1015 326 est.
1074 286 1249 327 Mecum
1277 300 1375 328 vero
1402 286 1474 342 qui
1523 285 1683 329 habent

181 340 398 392 981itium,
425 341 498 396 qui
529 341 717 396 ipsorum
748 341 852 383 disci
884 341 1013 382 linam
1040 344 1224 398 sequor?
1260 342 1372 384 Cum
1405 342 1565 399 aliquid
1599 342 1682 385 hu-

237 397 432 454 jusmodi
461 397 676 450 inciderat,
698 398 756 439 sic
788 398 832 439 lu
865 412 933 439 ere
956 397 1194 440 Carneades
1222 400 1409 441 solebat:
1443 406 1482 434 96
1498 399 1543 441 Si
1568 408 1683 442 recte

243 453 457 497 conclusi:
489 462 628 496 teneo.
660 454 722 495 sin
750 455 898 496 vitiose
921 471 930 495 :
962 455 1119 496 minam
1138 456 1356 511 Diogenes
1378 455 1538 498 reddet.
1558 456 1614 498 ab
1630 470 1683 498 eo

241 511 353 551 enim
388 510 533 552 Stoico
561 510 825 552 dialecticam
857 510 1074 552 didicerat.
1106 511 1197 553 haec
1229 521 1370 553 autem
1404 527 1565 554 merces
1592 521 1684 554 erat

243 567 576 609 dialecticorum.
607 581 759 624 sequor
786 568 916 623 igitur
944 582 1014 608 eas
1045 568 1144 618 vias,
1165 582 1268 623 quas
1299 568 1427 610 didici
1452 569 1506 611 ab
1524 569 1683 611 Antio-

242 624 352 665 cho:
383 639 460 666 nec
493 624 671 680 reperio,
691 624 910 680 quomodo
934 624 1140 680 judicem,
1170 625 1214 666 Si
1241 624 1370 676 lucet,
1389 625 1682 677 lucet,‘verum

240 695 346 731 esse,
367 682 424 723 ob
455 695 548 722 eam
577 695 762 731 eausam,
783 680 897 737 quod
925 682 985 722 ita
1007 680 1149 732 didici,
1169 696 1310 733 omne,
1331 681 1445 737 quod
1471 682 1609 738 ipsum
1631 696 1683 723 ex

241 752 287 778 se
320 751 558 779 connexum
598 738 665 788 sit,
700 751 844 778 verum
876 752 994 779 esse:
1040 752 1123 779 non
1153 738 1360 794 judicem,
1397 738 1441 779 Si
1477 739 1683 790 mentiris,

241 794 431 835 mentiris
451 811 463 845 ;
493 794 647 836 eodem
669 794 798 835 modo
828 808 918 836 esse
948 808 1200 836 connexum.
1259 794 1352 836 Aut
1371 794 1502 850 igitur
1522 793 1620 845 hoc,
1639 804 1684 837 et

243 851 347 892 illud
368 868 376 891 ε
408 860 482 896 aut
502 851 579 892 nisi
599 851 696 902 hoc,
718 865 769 892 ne
789 850 893 892 illud
916 851 1087 907 quidem
1103 851 1323 908 judicabo.

159 913 221 962 3]
301 908 399 959 Sed,
433 919 482 948 ut
511 922 660 948 omnes
691 907 794 949 istos
825 908 1008 959 aculeos,
1036 916 1080 949 et
1112 917 1251 950 totum
1282 915 1522 951 tortuosum
1546 920 1684 964 genus

241 964 483 1020 disputandi
504 964 801 1020 relinquamus,
823 965 1193 1020 ostendamusque,
1214 964 1286 1020 qui
1305 964 1456 1006 simus:
1483 964 1591 1020 jam,
1610 974 1682 1006 ex·

240 1021 396 1077 plicata
427 1030 519 1062 tota
557 1021 787 1062 Carneadis
821 1022 1041 1071 sententia,
1064 1029 1100 1058 97
1117 1021 1351 1063 Antiochia
1380 1022 1463 1063 ista
1485 1028 1684 1063 corruent

239 1078 442 1119 universa.
501 1079 597 1119 Nec
629 1092 727 1119 vero
761 1077 992 1134 quidquam
1026 1078 1086 1119 ita
1117 1078 1272 1129 dicam,
1306 1086 1354 1119 ut
1387 1078 1612 1134 quisquam
1641 1076 1684 1119 id

240 1134 342 1191 fingi
373 1134 632 1190 suspicetur:
663 1148 688 1175 a
709 1133 981 1176 Clitomacho
1012 1149 1193 1185 sumam,
1216 1135 1289 1190 qui
1318 1148 1453 1190 usque
1480 1134 1534 1175 ad
1561 1148 1683 1176 sene-

239 1199 402 1233 ctutem
435 1206 532 1232 cum
564 1190 782 1232 Carneade
812 1191 906 1241 fuit,
937 1191 1070 1232 homo
1100 1199 1143 1232 et
1174 1200 1338 1241 acutus,
1372 1199 1420 1232 ut
1451 1192 1620 1241 Poenus,
1639 1198 1684 1232 et

133 1248 359 1290 pas-valde
388 1248 618 1298 studiosus,
649 1261 698 1287 ac
727 1246 922 1302 diligens.
953 1256 996 1289 et
1025 1256 1227 1302 quattuor
1255 1248 1347 1303 ejus
1378 1246 1475 1289 libri
1504 1254 1604 1288 sunt
1629 1246 1684 1288 de

200 1301 228 1322 ³·
241 1304 494 1346 sustinendis
514 1303 840 1345 assensionibus.
872 1303 964 1344 haec
994 1314 1152 1355 autem,
1173 1318 1270 1360 quae
1293 1304 1386 1360 jam
1411 1302 1564 1354 dicam,
1583 1312 1685 1345 sunt

175 1368 227 1407 99
240 1369 381 1402 sumta
412 1360 466 1401 de
499 1360 653 1416 primo.
709 1360 813 1400 Duo
849 1360 989 1415 placet
1021 1374 1112 1400 esse
1145 1359 1356 1401 Carneadi
1385 1373 1543 1416 genera
1572 1360 1684 1402 viso·

239 1432 366 1459 rum:
396 1417 439 1459 in
471 1431 559 1458 uno
592 1417 699 1458 hanc
728 1416 992 1466 divisionem,
1018 1416 1118 1457 Alia
1147 1416 1233 1458 visa
1261 1430 1367 1468 esse,
1397 1430 1492 1473 quae
1524 1416 1683 1472 percipi

236 1473 428 1530 possint:
459 1473 542 1515 alia
572 1488 668 1529 quae
705 1487 790 1514 non
824 1473 1017 1528 possint:
1049 1473 1091 1513 in
1123 1473 1257 1514 altero
1283 1481 1441 1524 autem,
1471 1473 1570 1514 Alia
1597 1473 1684 1514 visa.

235 1545 329 1574 esse
347 1530 599 1586 probabilia,
620 1530 701 1571 alia
721 1543 806 1570 non
827 1526 1078 1584 probabilia.
1109 1530 1265 1585 itaque,
1286 1544 1381 1585 quae
1411 1538 1560 1571 contra
1583 1543 1680 1570 sen-

236 1603 321 1639 suS,
342 1594 574 1642 contraque
598 1585 940 1642 perspicuitatem
972 1584 1179 1635 dicantur,
1199 1600 1251 1627 ea
1279 1586 1490 1641 pertinere
1521 1585 1577 1627 ad
1607 1600 1680 1628 su-

234 1644 442 1699 periorem
463 1643 709 1684 divisionem
731 1659 740 1684 :
771 1651 920 1683 contra
943 1643 1216 1698 posteriorem
1239 1642 1344 1684 nihil
1363 1642 1447 1684 dici
1466 1651 1681 1699 oportere.

235 1714 365 1756 quare
385 1700 444 1741 ita
462 1700 643 1756 placere,
664 1700 747 1740 tale
766 1699 899 1740 visum
923 1698 1087 1740 nullum
1108 1713 1213 1750 esse,
1229 1707 1276 1740 ut
1296 1699 1513 1755 perceptio
1529 1713 1680 1741 conse-

234 1764 434 1812 queretur
452 1773 462 1797 :
495 1766 543 1797 ut
562 1764 703 1797 autem
724 1755 936 1811 probatio,
958 1754 1105 1796 multa.
1136 1756 1291 1797 etenim
1319 1765 1468 1797 contra
1487 1765 1680 1797 naturam

235 1821 360 1864 esset,
394 1813 428 1854 si
457 1812 677 1868 probabile
707 1812 812 1853 nihil
832 1821 955 1853 esset.
978 1820 1016 1846 98
1034 1820 1077 1853 et
1106 1812 1298 1867 sequitur
1330 1812 1468 1853 omnis
1495 1812 1590 1854 vitae
1616 1825 1681 1864 ea,

234 1883 364 1926 quam
396 1877 458 1918 tu,
477 1869 670 1919 Luculle,
690 1869 1073 1919 commemorabas,
1093 1868 1266 1910 eversio.
1299 1868 1357 1910 ita
1389 1883 1442 1910 ue
1472 1877 1515 1911 et
1548 1868 1682 1910 sensi·

235 1928 315 1967 bus
347 1925 566 1981 probanda
595 1925 732 1966 multa
762 1933 887 1966 sunt:
919 1933 1109 1966 teneatur
1136 1925 1267 1966 modo
1292 1925 1368 1967 illu
1399 1956 1412 1976 ,
1434 1940 1518 1967 non
1546 1925 1683 1968 inesse

237 1984 278 2024 in
315 1982 379 2023 his
409 1981 638 2038 quidquam
675 1982 771 2031 tale,
804 1982 928 2038 quale
962 1997 1046 2022 non
1077 1982 1205 2023 etiam
1239 1981 1393 2023 falsum
1424 1981 1529 2023 nihil
1550 1983 1604 2023 ab
1624 1996 1678 2023 eo

235 2039 430 2080 differens
449 2053 539 2079 esse
559 2039 706 2094 possit.
732 2039 806 2089 sic,
828 2038 1033 2094 quidquid
1056 2038 1257 2084 acciderit
1275 2039 1413 2094 specie
1439 2038 1678 2093 probabile,

237 2096 271 2136 si
291 2095 395 2136 nihil
416 2109 460 2136 se
480 2095 641 2146 offeret,
671 2095 787 2150 quod
817 2096 870 2136 sit
895 2095 1185 2150 probabilitati
1204 2094 1265 2136 illi
1285 2095 1560 2146 contrarium,
1581 2104 1679 2137 ute-

237 2162 306 2193 tur
325 2167 377 2193 eo
398 2151 563 2207 sapiens
581 2169 590 2192 z
622 2166 669 2192 ac
691 2151 751 2192 sic
771 2151 909 2192 omnis
932 2151 1039 2193 ratio
1059 2152 1152 2192 vitae
1173 2151 1494 2207 gubernabitur.
1522 2151 1680 2194 etenim

237 2208 270 2249 is
291 2222 475 2264 quoque,
495 2208 568 2264 qui
588 2223 613 2248 a
632 2209 749 2249 vobis
778 2209 942 2263 sapiens
963 2208 1190 2258 inducitur,
1212 2207 1348 2249 multa
1369 2207 1559 2264 sequitur
1579 2223 1678 2264 pro-

237 2265 406 2316 babilia,
441 2279 526 2306 non
560 2264 880 2320 comprehensa,
916 2279 1053 2320 neque
1082 2273 1296 2320 percepta,
1331 2278 1468 2321 neque
1496 2279 1679 2316 assensa,

153 2321 311 2362 lOOsed
333 2321 486 2363 similia
505 2322 588 2363 veri
607 2338 617 2362 :
648 2336 743 2378 quae
765 2321 841 2362 nisi
863 2321 1028 2376 probet,
1049 2321 1186 2362 omnis
1207 2321 1292 2362 vita
1317 2321 1502 2363 tollatur.
1561 2321 1680 2380 Quid

281 2460 321 2489 96
338 2455 373 2485 Si
389 2462 462 2485 rccfe
477 2453 615 2496 conclusi]
633 2455 685 2485 Sic
702 2461 783 2486 recte
801 2455 936 2485 correxit
979 2455 1090 2494 recepi.

238 2499 413 2529 Lambinus
455 2498 623 2537 vulgatum
665 2498 810 2528 conclusit.
858 2507 934 2527 nam
1022 2504 1061 2530 98
1079 2503 1107 2526 et
1128 2498 1257 2540 sequitur
1273 2510 1296 2528 ο.
1312 2497 1365 2539 v.]
1392 2499 1601 2530 Praecedentia
1623 2509 1678 2541 po·

236 2543 411 2572 Carneades
442 2541 581 2580 loquitur
609 2541 648 2570 de
683 2551 728 2571 se.
765 2547 936 2580 praeceptor
977 2540 1098 2571 stulant
1127 2549 1299 2582 sequeretur.
1351 2542 1511 2579 Davisius,
1541 2544 1616 2582 quia
1644 2544 1678 2574 in

235 2586 304 2623 ejus
321 2585 381 2615 fuit
401 2585 571 2623 Diogenes.
592 2584 687 2623 igitur
708 2584 796 2620 dicit,
820 2585 844 2613 si
870 2593 934 2613 non
980 2584 1042 2613 Ms.
1072 2591 1224 2623 repererat
1248 2585 1435 2621 eversionem,
1465 2586 1676 2623 conjiciebat:

237 2634 319 2658 recte
341 2627 498 2664 conclusi,
515 2627 674 2666 Diogenes
697 2636 749 2656 me
766 2637 831 2656 non
856 2627 935 2656 bene
981 2627 1084 2656 etenim
1111 2634 1209 2656 contra
1232 2634 1367 2657 naturam
1391 2639 1460 2664 esse,
1488 2629 1512 2658 si
1529 2627 1680 2667 probabile

236 2671 356 2707 docuit,
372 2671 528 2709 debetque
544 2669 668 2700 reddere
683 2670 873 2700 didactrum.
979 2669 1056 2698 nibil
1067 2677 1149 2706 esser,
1163 2677 1191 2709 ιζ
1206 2670 1285 2711 sequi
1297 2670 1386 2699 onmis
1398 2671 1474 2700 vitae
1493 2671 1678 2702 eversionem.

281 2718 318 2748 97
337 2713 473 2742 Antiochi
489 2711 564 2753 ista]
581 2713 729 2742 Davisius
752 2713 786 2742 in
810 2711 873 2742 Ms.
889 2720 936 2742 re—
979 2720 1085 2744 nostra
1114 2713 1299 2752 conjectura
1329 2713 1442 2744 melior
1473 2714 1564 2745 nobis
1594 2715 1680 2745 vide·

238 2757 315 2796 perit
331 2756 501 2793 Antiochia,
519 2757 552 2786 in
568 2755 631 2786 alio
646 2755 827 2793 Antiochea5
850 2755 934 2793 quod
979 2761 1038 2786 tur.

236 2807 265 2829 et
292 2800 373 2830 infra
398 2806 446 2830 est
467 2808 496 2830 c.
513 2803 565 2831 36.
587 2799 632 2830 sic
655 2804 686 2829 et
709 2799 771 2829 Ms.
788 2807 851 2838 reg.
868 2798 933 2828 Pax.
