1768 3095
540 86 720 124 LIBER
760 86 1070 125 QUARTUS.
1468 97 1518 139 37

86 205 180 238 tur:
212 198 328 253 Ergo
358 196 463 237 istuc
493 194 662 250 quidem
695 194 904 250 percipis?
938 194 1023 235 Sed
1052 193 1124 250 qui
1154 193 1215 234 ita
1245 193 1521 250 interrogant,

83 253 136 294 ab
166 253 232 294 his
263 253 498 301 irridentur,
519 266 602 292 non
631 251 744 292 enim
765 260 942 306 urgent:
972 260 1020 292 ut
1040 259 1289 305 coarguant,
1311 251 1520 293 neminem

82 309 169 350 ulla
200 309 251 350 de
283 324 327 350 re
357 322 480 364 posse
511 307 782 359 contendere,
814 321 949 363 neque
981 321 1228 358 asseverare,
1258 307 1345 348 sine
1381 307 1523 362 aliqua

81 366 173 422 ejus
192 367 263 417 rei,
286 373 324 402 78
344 379 471 420 quam
499 364 578 405 sibi
597 364 774 420 quisque
798 364 964 420 placere
991 363 1108 414 dicit,
1140 372 1268 414 certa,
1289 371 1333 404 et
1351 363 1522 418 propria

81 431 195 464 nota.
254 421 383 464 Quod
418 430 482 462 est
514 420 644 475 igitur
678 420 787 462 istuc
822 429 1006 462 vestrum
1045 419 1296 476 probabile?
1331 434 1428 460 nam
1469 420 1519 470 si,

80 479 192 534 quod
209 479 360 534 cuique
379 477 579 528 occurrit,
595 485 638 517 et
659 477 795 531 primo
813 477 931 532 quasi
950 476 1154 532 adspectu
1169 476 1388 531 probabile
1405 475 1519 517 vide-

81 545 162 585 tur,
191 535 232 576 id
262 533 552 584 confirmatur,
572 533 675 590 quid
704 548 755 574 eo
786 533 944 574 levius?
978 533 1041 574 sin
1061 548 1111 574 ex
1139 532 1519 588 circumspectione

78 591 229 646 aliqua,
250 599 293 632 et
317 598 514 631 accurata
532 589 882 642 consideratione,
900 590 1015 646 quod
1044 589 1176 631 visum
1207 590 1275 641 sit,
1304 589 1347 630 id
1380 603 1424 629 se
1452 589 1517 630 di-

76 657 172 689 cent
190 648 307 704 sequi
327 663 336 687 :
366 655 508 687 tamen
539 646 700 687 exitum
728 661 812 687 non
833 647 1065 688 habebunt.
1125 645 1312 687 Primum
1333 646 1432 702 quia
1451 646 1515 687 his
1528 655 1582 692 36

75 702 184 756 visis,
214 704 322 745 inter
350 718 445 759 quae
476 702 579 743 nihil
610 703 795 754 interest,
817 703 1034 759 aequaliter
1062 702 1260 744 omnibus
1285 702 1516 758 abrogatur
1528 707 1559 738 b·

75 759 202 802 fides:
231 759 396 811 deinde,
426 774 525 800 cum
556 759 699 801 dicant
726 773 851 815 posse
881 760 1070 801 accidere
1100 759 1291 815 sapienti,
1321 768 1384 810 ut,
1414 774 1515 801 cum

74 816 215 858 omnia
245 816 405 868 fecerit,
425 816 831 872 diligentissimeque
858 816 1214 872 circumspexerit,
1234 816 1406 857 exsistat
1436 816 1515 857 ali-

73 873 189 928 quid,
211 874 327 929 quod
346 882 388 914 et
418 873 640 914 verisimile
661 872 864 924 videatur,
884 883 927 915 et
950 873 1060 914 absit
1080 872 1326 928 longissime
1345 888 1369 914 a
1388 888 1486 914 vero
1503 890 1513 914 ε

73 944 158 986 quo
192 930 336 982 modo,
357 930 391 970 si
423 944 581 985 magna
607 938 726 986 parte
754 929 926 985 quidem
951 932 1017 983 (ut
1036 930 1172 971 solent
1191 929 1345 982 dicere)
1370 929 1424 970 ad
1444 944 1515 970 ve-

71 1001 164 1027 rum
186 986 339 1043 ipsum,
359 995 434 1027 aut
465 1001 592 1042 quam
613 986 803 1041 proxime
821 986 1038 1037 accedant,
1060 986 1270 1027 confidere
1291 986 1371 1028 sibi
1389 994 1513 1042 pote-

70 1044 192 1084 runt?
227 1052 274 1084 ut
294 1043 406 1084 enim
429 1043 657 1094 confidant,
677 1052 826 1084 notum
848 1043 912 1084 his
932 1057 1022 1084 esse
1041 1042 1211 1085 debebit
1230 1043 1394 1098 insigne
1414 1044 1513 1084 veri.

69 1106 109 1135 79
129 1115 215 1156 quo
245 1100 428 1142 obscuro
457 1108 501 1140 et
530 1114 748 1155 oppresso,
779 1100 893 1156 quod
924 1100 1095 1141 tandem
1125 1114 1268 1141 verum
1299 1100 1379 1140 sibi
1398 1099 1512 1141 vide—

68 1155 227 1197 buntur
243 1156 479 1212 attingere?
502 1155 619 1213 Quid
635 1164 777 1197 autem
799 1166 885 1197 tam
906 1156 1086 1197 absurde
1107 1156 1191 1197 dici
1208 1165 1364 1212 potest,
1383 1171 1511 1213 quam

68 1226 166 1253 cum
197 1213 256 1253 ita
283 1212 548 1268 loquuntur?
581 1214 659 1253 Est
688 1212 772 1254 hoc
802 1213 975 1269 quidem
1005 1214 1065 1254 rei
1093 1213 1206 1254 illius
1231 1213 1416 1268 signum,
1437 1222 1512 1255 aut

68 1276 383 1324 argumentum,
403 1278 446 1310 et
465 1282 514 1309 ea
541 1283 584 1309 re
606 1269 647 1309 id
669 1283 846 1324 sequor:
877 1270 952 1310 sed
972 1269 1061 1310 fieri
1084 1277 1240 1324 potest,
1261 1279 1310 1310 ut
1330 1269 1373 1310 id
1394 1270 1510 1326 quod

66 1325 340 1380 significatur,
373 1335 448 1366 aut
481 1325 633 1366 falsum
669 1324 736 1375 sit,
771 1334 846 1366 aut
878 1325 981 1366 nihil
1015 1325 1069 1366 sit
1103 1325 1291 1366 omnino.
1352 1327 1435 1368 Sed
1455 1325 1591 1372 (1612

62 1381 333 1436 perceptione
362 1381 579 1422 hactenus.
602 1382 636 1421 si
667 1381 761 1437 quis
790 1381 902 1422 enim
924 1396 987 1432 ea,
1006 1397 1099 1438 quae
1123 1381 1236 1423 dicta
1257 1392 1368 1432 sunt,
1390 1382 1507 1424 labe-

64 1438 222 1478 factare
242 1437 368 1488 volet,
393 1438 529 1487 facile,
549 1437 678 1478 ctiam
701 1446 740 1470 80
761 1437 1004 1480 absentibus
1026 1438 1163 1489 nobis,
1184 1438 1332 1479 veritas
1355 1453 1398 1480 se
1417 1439 1508 1495 ipsa

63 1493 272 1535 defendet.

120 1558 156 1582 81
180 1551 262 1591 His
294 1549 394 1591 satis
421 1549 620 1605 cognitiS,
648 1565 743 1606 quae
758 1550 849 1606 jam
871 1551 1080 1608 explicata
1099 1561 1212 1602 sunt,
1235 1567 1344 1594 nunc
1366 1553 1416 1594 de
1436 1568 1502 1594 as·
1515 1569 1566 1609 37

61 1607 264 1657 sensione,
292 1616 420 1662 atque
449 1607 769 1661 approbatione,
790 1622 917 1663 quam
949 1608 1089 1653 Graeci
1117 1608 1398 1663 συγκατάθεσιν
1429 1626 1504 1651 νο-

62 1673 172 1713 cant,
209 1678 345 1719 pauca
379 1663 597 1704 dicemus:
636 1679 720 1705 non
759 1678 845 1720 quo
888 1680 971 1706 non
1010 1664 1121 1706 latus
1156 1665 1274 1707 locus
1311 1666 1364 1707 sit
1377 1683 1389 1718 3
1430 1667 1503 1707 sed

58 1720 202 1774 paullo
229 1730 326 1761 ante
350 1719 469 1776 jacta
488 1728 587 1761 sunt
606 1719 895 1762 fundamenta.
918 1736 1014 1762 nam
1035 1736 1134 1763 cum
1156 1722 1254 1773 vim,
1277 1737 1371 1778 quae
1393 1734 1503 1765 esset

57 1776 100 1816 in
130 1776 336 1827 sensibus,
367 1776 693 1831 explicabamus,
714 1777 839 1818 simul
868 1778 972 1819 illud
1004 1779 1284 1834 aperiebatur,
1305 1794 1501 1835 compre-

57 1831 184 1874 hendi
213 1834 363 1882 multa,
391 1841 433 1873 et
462 1833 618 1888 percipi
648 1833 865 1885 sensibus3
898 1834 1013 1890 quod
1038 1835 1125 1875 fieri
1154 1835 1241 1876 sine
1262 1837 1501 1877 assensione

57 1904 142 1930 non
160 1897 314 1945 potest.
334 1888 484 1929 deinde
504 1904 602 1929 cum
629 1891 736 1930 inter
763 1890 1012 1942 inanimum,
1033 1900 1076 1932 et
1108 1893 1264 1933 animal
1296 1892 1378 1933 hoc
1406 1908 1498 1933 ma-

55 1945 168 1986 xime
197 1945 374 1996 intersit,
393 1953 431 1976 82
452 1945 567 2000 quod
597 1946 829 1987 inanimum
860 1947 962 1988 nihil
993 1948 1099 2003 agit,
1129 1948 1283 1990 animal
1311 1949 1402 2004 agit
1420 1949 1497 1990 ali-

56 2001 171 2057 quid,
197 2002 316 2056 (nihil
347 2002 456 2042 enim
488 2015 619 2056 agens
648 2017 698 2043 ne
731 2004 910 2059 cogitari
930 2004 1102 2060 quidem
1123 2014 1265 2060 potest
1281 2006 1404 2060 quale
1424 2006 1493 2059 sit)

56 2067 129 2099 aut
157 2058 195 2099 ei
225 2073 368 2100 sensus
398 2057 646 2099 adimendus
676 2067 769 2100 est:
800 2068 874 2102 aut
903 2075 966 2111 ea,
987 2077 1082 2118 quae
1112 2071 1176 2102 est
1193 2062 1235 2102 in
1257 2071 1400 2104 nostra
1419 2063 1498 2104 sita

54 2122 276 2169 potestate,
296 2114 507 2156 reddenda
528 2115 725 2156 assensio.
773 2116 837 2157 At
856 2130 952 2158 vero
973 2118 1138 2159 animus
1159 2118 1344 2173 quodam
1364 2119 1495 2160 modo
1507 2133 1557 2165 38

53 2171 226 2226 eripitur
255 2171 334 2222 his,
365 2186 470 2227 quos
503 2185 638 2227 neque
669 2173 836 2222 sentire,
867 2187 1005 2229 neque
1033 2175 1225 2216 assentiri
1256 2176 1416 2216 volunt.
1447 2185 1497 2217 ut

52 2227 163 2268 enim
194 2242 361 2269 necesse
382 2235 459 2278 est,
479 2227 644 2269 lancem
675 2229 718 2269 in
749 2229 869 2279 libra,
892 2229 1150 2285 ponderibus
1172 2231 1397 2286 impositis,
1419 2232 1496 2272 de-

53 2283 177 2339 primi
193 2300 206 2335 3
239 2285 298 2326 sic
325 2284 514 2326 animum
535 2285 766 2341 perspicuis
786 2285 950 2327 cedere.
972 2301 1085 2338 nam,
1109 2294 1146 2318 83
1168 2287 1387 2343 quomodo
1409 2303 1495 2330 non

95 2392 134 2421 78
152 2398 239 2428 quam
255 2386 311 2416 sibi
326 2386 446 2428 quisque
454 2385 572 2426 placere
587 2385 671 2425 dicit]
698 2389 751 2418 An
795 2388 888 2419 kerus
904 2390 1040 2429 conjecit
1055 2391 1212 2421 tacentibus
1228 2392 1316 2422 nobis.

49 2430 254 2460 scribendum
277 2429 341 2470 quis
364 2439 420 2468 pro
442 2428 575 2470 quisque,
598 2436 655 2459 aut
671 2431 750 2471 quis·
840 2439 875 2462 81
903 2433 959 2462 His
972 2433 1044 2462 satis
1059 2434 1180 2473 cognitis
1196 2433 1271 2474 &c.]
1289 2434 1360 2464 satis
1379 2436 1494 2467 melius

51 2483 154 2513 quam.-
178 2482 322 2512 quocum
338 2472 457 2514 quisque
472 2472 504 2502 in
521 2472 606 2502 libris
622 2483 750 2512 permu-
793 2475 889 2505 verbo
905 2474 1052 2515 explicata
1069 2477 1101 2506 in
1117 2487 1202 2516 seqq.
1219 2479 1361 2508 addatur.

51 2521 134 2546 tatur
151 2516 323 2546 interdum.
837 2524 876 2548 82
900 2519 977 2560 quod
988 2519 1147 2548 inanimum
1164 2520 1240 2549 nihil
1252 2519 1331 2561 agit]
1348 2521 1429 2551 Haec
1441 2522 1495 2552 ab·

95 2563 135 2592 79
151 2569 205 2599 quo
219 2557 331 2587 obscuro
347 2563 374 2586 et
389 2555 526 2596 oppresso]
546 2558 750 2589 Lambinuse
793 2568 869 2591 sunt
884 2570 902 2590 a
918 2561 1004 2591 libris
1020 2572 1078 2592 scr.
1095 2562 1272 2594 nonnullis.

52 2599 129 2631 MSS.
149 2601 342 2641 quibusdam
363 2599 497 2630 correxit
521 2600 666 2631 obscurato
689 2604 749 2633 ὅτε.
837 2610 874 2634 83
900 2604 1033 2645 quomodo
1055 2616 1108 2634 non
1125 2613 1316 2644 potest—non
1342 2604 1492 2646 appetere]

50 2644 136 2681 quod
151 2650 182 2674 et
196 2644 291 2674 edidit
306 2644 467 2680 Davisius,
483 2644 539 2683 qui
556 2651 664 2675 tamen
680 2655 749 2675 ma·
792 2647 881 2677 Prius
897 2658 950 2676 non
972 2648 1060 2677 abest
1074 2658 1093 2677 a
1110 2649 1188 2679 Mss.
1204 2650 1410 2688 quibusdam,
1428 2649 1496 2688 pla-

52 2685 136 2716 lebat
158 2687 264 2717 obruto.
309 2687 370 2716 Sed
396 2696 461 2716 non
487 2696 614 2717 necesse
640 2695 686 2718 est
712 2698 750 2717 u-
792 2690 948 2729 cebatque
970 2691 1118 2720 Grutero.
1141 2701 1185 2723 sc.
1210 2694 1429 2732 interrogative
1445 2701 1495 2721 ca-

51 2734 200 2768 trumque
215 2729 418 2769 participium
439 2739 518 2766 esse,
535 2737 673 2770 suntque
687 2731 749 2761 alia
792 2733 896 2772 plebat
919 2733 1052 2775 quomodo
1066 2745 1075 2762 :
1099 2735 1153 2764 sed
1170 2736 1200 2765 id
1216 2742 1262 2765 est
1279 2745 1333 2774 pro
1348 2736 1435 2771 sicut,
1453 2736 1495 2764 ei⁶

52 2771 199 2810 exempla
211 2772 316 2810 juncti
332 2772 478 2810 adjectivi
495 2779 526 2802 et
541 2774 705 2814 participii.
792 2785 855 2814 que
872 2777 1038 2816 respondet
1053 2785 1122 2816 post
1137 2777 1187 2808 sic.
1204 2777 1296 2807 ullum
1315 2784 1424 2808 autem
1444 2779 1496 2808 de-

96 2819 135 2846 80
157 2814 318 2845 absentibus
349 2814 438 2854 nobis]
466 2815 634 2856 Eleganter
659 2817 749 2847 Wal-
792 2818 848 2849 leri
864 2821 974 2858 patiar,
990 2821 1075 2859 quod
1094 2821 1185 2851 tacite
1201 2821 1307 2852 omisit
1324 2822 1419 2852 idem.

732 2873 808 2914 1³3
