1768 3095
222 83 275 117 44
542 77 816 116 ACADEM.
849 76 1291 116 QUAESTIONUM

223 183 310 227 fieri
341 183 457 227 nullo
487 185 619 231 modo
648 194 803 242 potest.
861 186 976 228 Dein
1005 185 1202 240 confugis
1236 183 1289 226 ad
1329 182 1532 239 physicos
1571 197 1662 235 eOS,

221 241 294 298 qui
313 242 494 284 maxime
515 241 557 283 in
579 241 812 283 Academia
831 242 1080 284 irridentur:
1113 257 1137 283 a
1193 237 1316 283 uibus
1339 254 1390 281 ne
1418 248 1465 280 tu
1486 239 1659 295 quidem

213 299 305 355 jam
327 307 370 339 te
384 298 648 340 abstinebis:
680 307 723 340 et
741 299 800 340 ais
828 300 1127 340 Democritum
1186 298 1309 348 icere,
1334 295 1660 338 innumerabiles

220 368 312 396 esse
343 355 540 406 mundos,
573 366 617 396 et
649 355 820 412 quidem
854 356 913 396 sic
948 355 1153 412 quosdam
1189 355 1298 395 inter
1331 367 1374 394 se
1402 367 1486 393 non
1520 352 1660 394 solum

219 411 391 462 similes,
420 412 494 453 sed
518 412 703 469 undique
736 413 936 468 perfecte,
958 422 1000 453 et
1022 411 1216 453 absolute
1238 410 1296 451 ita
1316 424 1450 466 pares,
1473 417 1520 450 ut
1550 408 1660 451 inter

218 482 292 510 eos
331 468 435 510 nihil
471 483 641 525 prorsus
681 469 858 520 intersit,
898 479 939 509 et
978 483 1050 509 eos
1090 466 1260 523 quidem
1302 465 1656 507 innumerabiles:

217 525 406 581 itemque
431 525 639 567 homines.
670 525 820 567 deinde
848 525 1052 580 postulem,
1082 533 1143 574 ut,
1172 523 1206 564 si
1229 522 1410 564 mundus
1432 523 1489 564 ita
1508 522 1562 563 sit
1581 536 1659 578 par

215 581 335 623 alteri
369 582 545 632 mund0‚
583 591 630 622 ut
670 583 780 623 inter
813 596 886 623 eos
924 597 975 622 ne
1013 581 1237 622 minimum
1268 579 1440 635 quidem
1480 579 1657 630 intersit,

214 636 475 679 concedatur
506 639 598 689 tibi,
631 649 679 679 ut
718 638 759 679 in
795 638 876 679 hoc
912 652 1082 694 quoque
1117 645 1263 677 nostro
1300 635 1461 676 mundo
1497 635 1657 691 aliquid

214 695 337 736 alicui
369 709 444 750 par
474 695 541 744 sit,
574 704 621 736 ut
651 695 753 736 nihil
783 694 962 745 differat,
994 693 1098 735 nihil
1130 692 1306 733 intersit.
1337 706 1413 732 cur
1442 691 1570 742 enim,
1590 692 1656 733 in-

215 752 348 807 quies,
373 766 470 792 cum
499 766 551 793 ex
583 751 664 793 illis
686 752 922 801 individuis,
943 751 1055 792 unde
1075 750 1218 791 omnia
1236 748 1511 789 Democritus
1531 748 1655 804 gigni

214 808 407 859 affirmat,
428 809 470 850 in
496 808 665 863 reliquis
691 808 874 859 mundis,
896 816 936 848 et
969 809 1009 848 in
1037 807 1101 848 his
1135 805 1306 862 quidem
1336 804 1654 846 innumerabili-

107 882 137 911 ρ.
156 864 294 905 15.bus
325 865 648 906 innumerabiles
677 866 734 921 Q.
756 865 915 906 Lutatii
947 863 1090 905 Catuli
1112 877 1195 904 non
1219 861 1348 903 modo
1366 861 1529 917 possint
1548 876 1654 914 esse,

175 923 205 971 ἓ·
215 921 288 962 sed
313 922 441 962 etiam
477 921 574 972 sint,
596 920 637 962 in
658 921 741 962 hoc
765 930 886 963 tanto
909 920 1067 962 mundo
1090 919 1270 960 Catulus
1291 918 1395 960 alter
1415 932 1500 959 non
1519 919 1654 973 possit

138 970 346 1020 l8efficj?
383 978 568 1019 Primum
598 977 770 1034 quidem
802 992 871 1019 me
900 977 953 1018 ad
984 976 1282 1018 Democritum
1311 989 1448 1026 vocaS,
1470 975 1539 1016 cui
1568 989 1654 1017 non

149 1032 440 1076 56assentior:
487 1043 524 1066 12
537 1036 764 1091 potiusque
800 1035 963 1085 refello,
1004 1042 1178 1089 propter
1217 1032 1274 1083 id,
1314 1031 1430 1088 quod
1469 1031 1653 1073 dilucide

212 1090 390 1133 docetur
416 1106 443 1132 a
471 1091 738 1147 politioribus
768 1091 971 1148 physicis,
1002 1089 1264 1145 singularum
1295 1103 1432 1130 rerum
1463 1087 1653 1144 singulas

211 1149 489 1204 proprietates
519 1160 624 1189 esse.
647 1148 713 1189 fac
740 1148 852 1189 enim
883 1147 1081 1202 antiquos
1107 1147 1200 1188 illos
1232 1145 1442 1196 Servilios,
1472 1146 1544 1201 qui
1572 1159 1651 1200 ge-

210 1204 314 1246 mini
335 1205 519 1255 fuerunt,
541 1213 628 1245 tam
649 1205 821 1254 similes,
841 1218 968 1259 quam
990 1203 1207 1244 dicuntur:
1234 1217 1335 1243 num
1355 1215 1500 1243 censes
1519 1202 1650 1243 etiam

208 1260 381 1302 eosdem
401 1261 561 1303 fuisse?
595 1275 681 1302 non
702 1260 1074 1315 cognoscebantur
1102 1259 1202 1300 foris
1221 1275 1231 1299 ι
1263 1266 1306 1299 at
1336 1258 1468 1299 domi.
1489 1271 1572 1299 non
1595 1257 1651 1300 ab

207 1317 378 1358 alienis:
410 1326 453 1358 at
485 1331 510 1357 a
544 1316 643 1358 suis.
703 1317 773 1357 An
810 1330 896 1357 non
933 1315 1138 1366 videmus,
1174 1315 1256 1356 hoc
1296 1330 1376 1356 usu
1409 1314 1561 1366 venire,
1597 1323 1647 1357 ut

207 1387 314 1429 quos
347 1387 579 1430 numquam
612 1381 881 1429 putassemus
913 1387 938 1413 a
969 1372 1091 1413 nobis
1125 1372 1353 1413 internosci
1384 1385 1522 1427 posse,
1557 1385 1648 1423 eos,

206 1429 517 1472 consuetudine
554 1429 759 1481 adhibita,
793 1439 879 1471 tam
916 1429 1037 1470 facile
1071 1429 1465 1477 internosceremus,
1498 1427 1561 1468 uti
1595 1442 1649 1470 ne

143 1503 192 1545 57
207 1486 431 1528 minimum
451 1485 623 1542 quidem
643 1486 800 1528 similes
826 1486 1066 1527 viderentur
1086 1487 1098 1526 ?
1121 1485 1221 1535 Hie,
1243 1498 1408 1541 pugnes
1425 1483 1537 1534 licet,
1559 1499 1646 1527 non

207 1543 484 1599 repugnabo:
510 1543 613 1599 quin
643 1543 772 1584 etiam
802 1543 1048 1593 concedam,
1077 1542 1197 1583 illum
1221 1542 1362 1597 ipsum
1396 1541 1645 1596 sapientem,

204 1599 258 1640 de
287 1614 376 1656 quo
403 1599 542 1641 omnis
573 1599 643 1641 hic
663 1613 804 1640 sermo
834 1608 912 1651 est,
943 1613 1041 1640 cum
1072 1598 1109 1639 ei
1135 1612 1201 1639 res
1228 1597 1385 1639 similes
1406 1606 1646 1650 occurrant,

203 1670 309 1712 quas
329 1670 413 1697 non
439 1655 594 1697 habeat
624 1655 860 1707 denotatas,
886 1665 1149 1697 retenturum
1180 1668 1412 1705 assensum,
1443 1668 1521 1695 nec
1549 1669 1646 1696 urn-

232 1726 331 1753 uam
377 1712 453 1754 ulli
499 1713 588 1754 viso
625 1727 908 1761 assensurum,
947 1712 1026 1753 nisi
1064 1710 1180 1768 quod
1218 1712 1304 1753 tale
1342 1711 1483 1763 fuerit,
1521 1712 1646 1768 quale

220 1768 357 1811 alsum
393 1783 485 1810 esse
519 1783 603 1810 non
637 1769 786 1825 possit.
846 1769 929 1810 Sed
961 1768 1015 1810 ad
1051 1777 1212 1809 ceteras
1246 1782 1311 1809 res
1346 1767 1474 1808 habet
1509 1783 1642 1824 quan-

201 1825 301 1866 dam
331 1834 478 1877 artem,
509 1841 593 1881 qua
620 1840 718 1868 vera
746 1841 772 1867 a
800 1826 915 1867 falsis
945 1825 1078 1881 possit
1107 1824 1392 1880 distinguere:
1431 1831 1476 1866 et
1504 1824 1558 1866 ad
1587 1825 1644 1866 si-

200 1882 460 1924 militudines
493 1882 593 1923 istas
624 1898 726 1924 usus
753 1882 1019 1924 adhibendus
1039 1890 1116 1923 est.
1138 1890 1186 1922 ut
1205 1889 1341 1922 mater
1360 1880 1558 1937 geminos
1575 1881 1641 1923 in-

200 1939 403 1981 ternoscit
433 1938 740 1980 consuetudine
771 1938 1020 1981 oculorum':
1052 1939 1111 1980 sic
1140 1947 1188 1979 tu
1217 1938 1488 1990 internosces,
1519 1938 1554 1979 si
1573 1953 1644 1980 as-

201 1996 396 2037 sueveris.
454 1996 656 2046 Videsne,
678 2004 726 2037 ut
756 1996 798 2037 in
835 1995 1056 2051 proverbio
1087 1995 1141 2036 sit
1172 2009 1350 2036 ovorum
1379 1995 1489 2035 inter
1517 2009 1563 2036 se
1585 1994 1642 2036 si-

201 2052 429 2106 militudo?
463 2061 604 2093 tamen
626 2052 708 2094 hoc
729 2052 984 2107 accepimuS,
1005 2051 1105 2093 Deli
1126 2051 1256 2093 fuisse
1275 2051 1516 2106 complures
1541 2050 1642 2105 (sal-

200 2109 259 2150 vis
289 2109 413 2150 rebus
442 2108 540 2161 illis)
575 2109 648 2165 qui
685 2109 864 2164 gallinas
896 2109 1007 2150 alere
1036 2108 1267 2165 permultas
1298 2116 1483 2163 quaestus
1513 2121 1642 2150 causa

200 2165 397 2207 solerent.
427 2165 471 2206 hi
509 2179 609 2207 eum
639 2179 766 2206 ovum
796 2165 1078 2221 inspexerant,
1108 2179 1203 2220 quae
1233 2163 1275 2205 id
1314 2164 1473 2220 gallina
1508 2179 1639 2220 pepe-

135 2233 185 2266 58
200 2224 334 2274 risset,
361 2221 502 2263 dicere
530 2222 737 2263 solebant.
759 2236 895 2279 neque
914 2222 958 2263 id
978 2230 1043 2262 est
1060 2229 1209 2262 contra
1229 2235 1318 2261 nos.
1378 2222 1494 2263 Nam
1515 2221 1638 2263 nobis

198 2279 298 2320 satis
326 2288 406 2331 est,
437 2293 515 2320 ova
543 2279 616 2320 illa
643 2278 940 2320 internoscere.
976 2277 1128 2318 14nihil
1156 2277 1269 2318 enim
1292 2277 1428 2333 magis
1448 2278 1639 2320 assentiri

195 2344 351 2390 potest,
372 2335 454 2377 hoc
473 2335 581 2377 illud
600 2350 707 2386 esse,
724 2350 852 2391 quam
874 2335 907 2376 si
928 2335 1038 2376 inter
1055 2334 1128 2376 illa
1147 2334 1320 2375 omnino
1339 2334 1442 2376 nihil
1462 2335 1638 2377 interes·

195 2400 271 2433 set.
302 2393 443 2434 habeo
461 2392 574 2433 enim
594 2392 803 2449 regulam,
819 2399 868 2432 ut
885 2391 985 2433 talia
1002 2391 1088 2433 visa
1106 2404 1203 2432 vera
1215 2390 1423 2447 judicem,
1446 2400 1482 2423 1⁵
1496 2391 1637 2449 qualia

241 2563 278 2585 12
297 2555 448 2596 potiusque
465 2553 577 2595 refello]
593 2554 644 2584 Sic
661 2554 726 2584 Ms.
743 2563 806 2594 reg.
822 2554 889 2584 Par.
931 2562 990 2583 cus
1020 2558 1067 2582 est
1096 2552 1227 2582 vitiosus
1243 2563 1249 2580 τ
1276 2550 1440 2590 quomodo
1464 2549 1634 2588 corrigam,

193 2599 304 2634 etalii,
321 2608 386 2628 non
404 2597 537 2638 rgscllam
552 2604 588 2626 ut
602 2597 699 2637 vulgo
714 2604 771 2628 est.
933 2605 998 2626 non
1030 2595 1153 2625 habeo:
1178 2603 1237 2624 nec
1267 2594 1467 2623 satisfaciunt
1495 2592 1632 2623 aliorum

239 2648 274 2671 13
299 2641 405 2669 similes
432 2651 488 2669 esse
514 2639 704 2681 viderentur]
731 2650 786 2669 esse
809 2640 891 2669 bene
935 2639 1139 2677 conjecturae.
1162 2637 1294 2675 Conjeci
1305 2643 1419 2676 possum
1435 2644 1490 2675 pro
1498 2641 1604 2674 potest.

192 2684 280 2714 abest
304 2693 322 2714 a
346 2684 425 2714 Mss.
450 2683 644 2722 quibusdam
667 2690 698 2713 et
720 2683 790 2713 edd.
816 2690 892 2712 vett.
982 2689 1019 2712 15
1037 2680 1139 2722 qualia
1143 2680 1233 2720 falsa
1249 2691 1304 2709 esse
1319 2689 1372 2707 non
1379 2676 1504 2717 possim]
1525 2677 1636 2717 possint

192 2728 273 2757 Yen.
934 2734 990 2764 pro
1019 2723 1148 2762 vulgato
1169 2729 1287 2762 ponunt
1315 2721 1452 2751 latinitas
1481 2720 1633 2760 postulat,

238 2777 274 2800 14
298 2768 374 2798 nihil
398 2769 473 2798 enim
500 2768 593 2808 magis
622 2768 757 2797 assentiri
780 2765 887 2807 potest]
934 2769 1029 2807 idque
1052 2767 1085 2796 in
1108 2766 1179 2796 edd.
1194 2765 1387 2805 quibusdam
1412 2764 1578 2801 veteribus,
1598 2770 1634 2794 ut

193 2813 325 2843 assentiri
340 2813 460 2852 passive
476 2812 599 2843 dictum
616 2822 680 2842 non
699 2811 812 2851 placet.
831 2812 889 2842 Lo·
934 2811 1015 2841 Ven.
1033 2817 1126 2844 1494.
1141 2809 1215 2840 Aldi
1232 2810 1290 2841 ἃς.
1307 2807 1414 2848 reperi.
