1768 3095
560 123 735 161 LIBER
764 121 1069 161 QUARTUS.
1483 127 1533 159 23

99 243 203 286 que,
224 237 270 270 ut
291 228 437 270 litteris
464 227 776 284 consignamus,
796 241 892 284 quae
923 225 1209 271 monumentis
1239 226 1439 268 mandare
1458 244 1533 269 vo-

106 287 274 328 lumus:
305 286 363 327 sic
394 284 464 326 ille
497 285 539 325 in
574 285 716 326 animo
752 299 817 325 res
854 284 1083 340 insculptas
1117 283 1316 324 habebat.
1372 284 1565 329 Tantuss

106 357 208 398 ergo
229 344 454 398 imperator
479 341 520 382 in
549 342 667 383 omni
690 355 846 397 genere
877 341 981 383 belli
1000 341 1094 392 fuit,
1116 340 1289 395 proeliis,
1310 353 1533 395 oppugna-

105 400 303 449 tionibus,
335 397 547 439 navalibus
576 400 746 456 pugnis,
775 398 1022 454 4t0tiusque
1052 397 1154 438 belli
1183 397 1462 438 instrumento
1493 407 1535 439 et

105 463 319 511 apparatu,
350 463 397 495 ut
427 455 496 496 ille
529 470 601 496 rex
630 464 727 510 post
747 453 1035 496 Alexandrum
1061 454 1269 495 maximus
1291 453 1403 494 hunc
1433 468 1458 494 a
1490 468 1535 495 se

106 512 308 568 majorem
340 511 492 553 ducem
525 512 761 566 cognitum,
794 525 921 568 quam
951 524 1207 568 quemquam
1237 524 1400 561 eorum,
1428 525 1535 566 quos

104 568 286 623 legisset,
306 568 520 609 fateretur.
582 570 631 609 In
651 568 802 610 eodem
823 577 941 610 tanta
971 567 1193 624 prudentia
1211 566 1291 607 fuit
1311 566 1353 606 in
1374 568 1534 609 consti·

104 624 283 675 tuendis,
306 624 673 681 temperandisque
699 625 951 675 civitatibus,
971 633 1089 666 tanta
1120 623 1308 680 aequitas,
1330 632 1378 664 ut
1407 623 1535 665 hodie

103 689 185 722 stet
204 681 309 721 Asia
326 681 493 722 Luculli
506 682 716 735 *institutis
737 681 961 732 servandis,
983 690 1026 722 et
1047 681 1166 737 quasi
1186 680 1372 736 vestigiis
1391 694 1534 735 perse-

132 737 292 779 uendiS.
353 738 451 789 Sed,
473 738 551 780 etsi
582 746 868 794 magnacum
899 738 1082 779 utilitate
1111 737 1371 793 reipublicae,
1391 745 1534 779 tamen

132 794 273 846 iutius,
295 809 421 850 quam
442 795 607 846 vellem,
628 793 758 837 tanta
776 796 834 837 vis
861 795 1037 846 virtutis,
1060 803 1185 850 atque
1214 793 1387 850 ingenii,
1412 808 1534 849 pere-

100 850 267 906 grinata
286 851 422 893 abfuit
442 852 494 904 ab
517 851 651 893 oculis
669 861 713 894 et
732 853 826 903 fori,
851 861 894 893 et
923 852 1064 893 curiae.
1123 851 1239 908 Quin
1270 851 1413 902 etiam,
1435 866 1534 892 cum

101 907 231 949 victor
251 922 276 948 a
296 908 590 950 Mithridatico
607 908 721 950 bello
737 909 984 959 revertisset,
1009 918 1025 949 5
1039 908 1307 949 inimicorum
1323 908 1535 949 calumnia

100 963 280 1005 triennio
302 965 474 1017 tardius,
494 980 621 1022 quam
643 965 860 1017 debuerat,
882 965 1167 1021 triumphavit.
1196 979 1272 1006 nos
1294 964 1407 1005 enim
1429 979 1531 1006 con·
1544 982 1573 1012 p.
1588 979 1618 1005 ρ.

99 1019 209 1062 sules
241 1021 549 1063 introduximus
576 1037 697 1078 paene
727 1023 769 1064 in
800 1023 950 1064 urbem
979 1036 1150 1063 currum
1177 1021 1395 1063 clarissimi
1429 1021 1503 1063 viri
1522 1026 1574 1063 :³-

98 1077 219 1133 cujus
248 1078 353 1119 mihi
381 1079 619 1131 consilium,
640 1088 684 1121 et
702 1079 930 1121 auctoritas
949 1078 1051 1135 quid
1075 1086 1168 1119 tum
1190 1079 1233 1119 in
1252 1072 1446 1119 maximis
1467 1094 1534 1120 re-

96 1133 178 1175 bus
210 1136 451 1190 profuisset,
486 1135 686 1187 dicerem,
721 1135 798 1177 nisi
829 1135 883 1177 de
913 1150 983 1177 me
1015 1135 1108 1191 ipso
1140 1134 1367 1176 dicendum
1394 1145 1533 1178 esset:

99 1190 214 1246 quod
236 1192 318 1232 hoc
338 1200 530 1248 tempore
558 1207 642 1233 non
661 1201 725 1234 est
743 1207 929 1234 necesse.
951 1193 1090 1248 itaque
1116 1192 1289 1248 privabo
1315 1191 1435 1232 illum
1456 1206 1535 1247 po-

98 1247 182 1288 tius
204 1247 349 1289 debito
378 1249 638 1299 testimonio,
668 1264 795 1305 quam
826 1249 869 1291 id
898 1264 996 1290 cum
1026 1263 1122 1290 mea
1148 1249 1272 1290 laude
1293 1250 1532 1290 communi-

99 1317 208 1344 cem.
268 1305 366 1355 Sed,
388 1320 481 1360 quae
499 1305 694 1361 populari
723 1306 860 1360 gloria
879 1305 1069 1347 decorari
1097 1305 1140 1346 in
1172 1305 1353 1347 Lucullo
1372 1305 1532 1347 debue-
1546 1308 1576 1348 2

100 1370 211 1411 runt,
239 1375 288 1402 ea
317 1362 402 1402 fere
432 1371 530 1403 sunt
559 1370 601 1402 et
625 1362 817 1403 ⁶Graecis
849 1362 1013 1413 litteris,
1044 1362 1256 1403 celebrata
1286 1370 1330 1403 et
1359 1363 1569 1408 Latinis.4

98 1416 194 1457 Nos
227 1427 368 1458 autem
403 1417 475 1458 illa
505 1427 689 1468 externa,
725 1432 823 1459 cum
856 1418 1029 1459 multis:
1061 1417 1153 1459 haec
1187 1418 1400 1469 interiora,
1433 1433 1532 1460 cum

97 1473 240 1527 paucis
262 1487 312 1514 ex
333 1474 425 1529 ipso
447 1488 557 1529 saepe
578 1475 868 1531 cognovimus.
891 1473 1054 1530 majore
1075 1475 1189 1515 enim
1211 1474 1352 1515 studio
1373 1476 1532 1517 Lucul-

96 1529 161 1570 lus
197 1544 293 1571 cum
331 1530 448 1571 omni
480 1530 714 1572 litterarum
747 1531 908 1586 generi,
928 1540 1019 1572 tum
1052 1531 1335 1586 philosophiae
1364 1531 1533 1573 deditus

97 1586 189 1635 fuit,
222 1600 364 1642 quam,
398 1586 469 1643 qui
503 1586 624 1628 illum
662 1587 929 1643 ignorabant,
963 1588 1285 1628 arbitrabantur.
1322 1602 1399 1628 nec
1435 1603 1532 1630 vero

94 1642 265 1684 ineunte
288 1652 409 1684 aetate
426 1643 579 1695 solum,
600 1644 673 1685 sed
695 1652 737 1684 et
757 1658 834 1699 pro
857 1653 1066 1700 quaestore
1085 1644 1248 1700 aliquot
1267 1658 1414 1696 annos,
1430 1654 1472 1686 et
1489 1646 1531 1687 in

95 1699 187 1755 ipso
202 1699 338 1741 bello':
359 1700 402 1740 in
419 1715 504 1756 quo
521 1701 580 1741 ita
594 1715 751 1756 magna
769 1700 829 1742 rei
851 1701 1042 1742 militaris
1058 1715 1147 1742 esse
1164 1703 1388 1757 occupatio
1409 1702 1533 1754 solet,

96 1766 144 1797 ut
163 1771 248 1797 non
267 1757 447 1798 multum
471 1757 717 1812 imperatori
736 1758 815 1798 sub
836 1757 936 1813 ipsis
962 1757 1143 1813 pellibus
1165 1758 1241 1799 otii
1258 1758 1531 1814 relinquatur.

97 1812 209 1854 Cum
243 1822 385 1855 autem
421 1828 444 1854 e
474 1813 753 1869 philosophis,
786 1811 975 1870 ingenio,
1013 1814 1272 1870 scientiaque
1312 1825 1533 1871 putaretur

94 1870 349 1921 Antiochus,
372 1869 556 1911 Philonis
586 1870 767 1921 auditor,
798 1871 1016 1922 excellere,
1047 1885 1144 1912 eum
1178 1885 1323 1912 secum
1344 1881 1387 1913 et
1414 1887 1532 1928 quae—

96 1934 185 1967 stor
205 1925 368 1977 habuit,
386 1934 428 1967 et
457 1936 553 1982 post
584 1927 745 1983 aliquot
774 1942 921 1979 annos,
942 1927 1186 1983 imperator.
1219 1941 1402 1984 cumque
1421 1939 1532 1971 esset

93 1995 143 2022 ea
161 1984 380 2033 memoria,
402 1997 528 2039 quam
550 1992 646 2024 ante
665 1983 765 2035 dixi,
787 1999 836 2025 ea
853 1998 964 2040 saepe
982 1983 1197 2026 audiendo
1216 1985 1339 2026 facile
1366 2000 1529 2040 cogno-

94 2039 165 2091 vit,
186 2053 281 2095 quae
311 2040 375 2080 vel
407 2039 537 2080 semel
565 2039 709 2081 audita
728 2041 970 2082 meminisse
990 2042 1211 2096 potuisset.
1271 2042 1528 2083 Delectaba-

94 2104 162 2137 tur
181 2105 323 2137 autem
340 2096 515 2137 mirifice
536 2096 717 2137 lectione
743 2104 758 2134 7
772 2097 991 2147 librorum,
1013 2097 1066 2139 de
1084 2098 1238 2154 quibus
1258 2098 1469 2140 audiebat.

146 2153 215 2194 Ac
235 2167 380 2194 vereor
399 2151 626 2202 interdum,
649 2168 701 2194 ne
729 2154 877 2195 talium
906 2167 1196 2209 personarum,
1218 2169 1316 2196 cum
1344 2156 1525 2212 amplifi·
1539 2161 1561 2192 5

92 2223 187 2250 care
217 2209 356 2261 velim,
381 2209 570 2251 minuam
602 2210 728 2250 etiam
759 2210 955 2266 gloriam.
1015 2212 1121 2252 Sunt
1151 2211 1262 2252 enim
1295 2212 1433 2263 multi,
1455 2213 1527 2268 qui

91 2266 267 2307 omnino
301 2267 474 2308 Graecas
506 2281 591 2307 non
630 2277 773 2308 ament
808 2266 992 2309 litteras:
1034 2267 1188 2323 plures,
1224 2268 1295 2323 qui
1336 2268 1525 2323 philoso-

90 2321 261 2377 phiam:
293 2322 486 2380 ereliqui,
508 2324 671 2365 etiamsi
692 2323 783 2365 haec
814 2338 899 2364 non
930 2323 1186 2380 improbent,
1207 2333 1350 2365 tamen
1381 2339 1525 2366 earum

135 2473 153 2496 4
171 2472 194 2495 t.
216 2465 283 2495 belli
307 2466 506 2506 instrumento]
524 2468 576 2498 Sic
600 2478 655 2507 pro
678 2467 787 2498 instru-

91 2508 194 2538 mentis
217 2510 296 2540 edidi
321 2519 398 2540 cum
423 2511 551 2541 Davisio
581 2518 652 2551 post
679 2512 786 2542 Victo-

92 2552 176 2582 rium
200 2559 230 2581 et
251 2552 324 2583 Ald.
340 2554 422 2593 Nep.
443 2555 518 2593 quia
540 2555 571 2584 in
595 2554 649 2584 eali
674 2563 786 2593 genere

90 2595 200 2624 Cicero
223 2595 373 2635 singulari
396 2597 493 2635 hujus
515 2598 600 2627 verbi
625 2598 734 2634 utitur,
751 2604 787 2627 ut

92 2636 173 2676 regni
191 2637 410 2669 instrumentum
427 2641 485 2670 διο.
531 2641 577 2670 Ita
599 2647 645 2670 est
667 2641 700 2670 in
721 2641 784 2670 MS.

91 2681 175 2719 regio
190 2681 284 2711 Paris.
298 2691 349 2721 ap.
364 2683 596 2714 Alemannum.

136 2731 152 2754 5
179 2723 359 2754 inimicorum
384 2725 543 2765 calumnia]
577 2727 727 2756 Memmii
757 2732 788 2756 et

92 2765 228 2797 aliorum
255 2767 447 2805 invidorum,
474 2771 528 2808 qui
552 2779 629 2799 eum
655 2778 786 2800 avarum

93 2814 124 2856 et
142 2808 268 2882 {mpefiii
292 2812 445 2852 cupidum
470 2812 627 2844 dicebant.
649 2821 679 2843 v.
704 2812 785 2844 Plut.

93 2860 124 2880 m
167 2861 230 2883 ucu
256 2862 286 2884 o.

872 2472 891 2497 6
911 2466 1025 2498 Graecis
1048 2467 1154 2497 litteris
1177 2467 1320 2498 celebrata
1343 2475 1370 2497 et
1392 2468 1522 2509 Latinis]

830 2511 894 2540 Hic
916 2511 991 2541 ordo
1014 2518 1060 2541 est
1082 2513 1114 2541 in
1138 2512 1206 2542 edd.
1223 2519 1296 2542 vett.
1319 2522 1374 2551 pro
1397 2513 1526 2552 vulgato

832 2553 947 2584 Graecis
963 2553 984 2583 l.
1001 2560 1029 2582 et
1044 2554 1082 2584 L.
1097 2553 1254 2591 celebrata,
1271 2562 1379 2594 estque
1402 2556 1525 2586 Cicero-

831 2597 878 2626 nis
894 2598 1123 2627 consuetudine
1139 2604 1169 2627 et
1184 2598 1391 2629 collocatione
1411 2609 1526 2629 nume-

829 2640 927 2670 rosior
941 2646 971 2670 et
986 2641 1157 2671 venustior.

835 2709 838 2712 .
871 2688 888 2717 7
906 2682 1055 2719 librorum,
1071 2683 1106 2712 de
1120 2682 1223 2725 quibus
1237 2682 1385 2722 audiebat]
1407 2684 1525 2715 Melius

831 2726 942 2765 opinor
957 2732 1003 2755 est
1018 2726 1161 2756 audierat.

864 2775 892 2799 ‘8
909 2767 1026 2809 reliqui,
1042 2767 1367 2807 etiamsi—improbent,
1389 2775 1526 2798 tamen—

823 2809 947 2850 putant]
966 2812 1069 2842 Omisi
1091 2812 1142 2852 qui
1163 2812 1247 2851 quod
1270 2811 1366 2850 vulgo
1389 2818 1435 2841 est
1458 2819 1525 2851 post

830 2854 949 2895 reliqui,
977 2864 1053 2885 nam
1081 2855 1184 2887 abfuit
1214 2855 1245 2885 in
1276 2855 1356 2885 Mss.
1386 2855 1523 2891 duobus,

822 2909 897 2948 04
