1778 3095
578 87 754 124 LIBER
782 84 1120 130 SECUNDUS.
1489 89 1568 133 297

142 207 179 233 94
195 197 321 255 idque
339 211 458 239 raro:
489 195 669 251 ejulatus
690 207 742 234 ne
769 192 936 233 mulieri
964 191 1149 247 quidem.
1171 199 1214 233 et
1233 200 1271 226 95
1286 191 1355 232 hic
1373 193 1572 236 nimirum

139 265 204 296 est
222 255 368 304 lessus,
389 267 515 309 quem
537 250 761 292 duodecim
791 249 946 290 tabulae
975 249 1018 289 in
1047 248 1262 289 funeribus
1294 248 1484 290 adhiberi
1505 265 1574 291 ve-

144 320 327 353 tuerunt.
385 311 478 350 Nec
497 322 593 348 vero
612 321 816 362 umquam
837 320 888 346 ne
913 305 1152 360 ingemiscit
1182 304 1353 360 quidem
1374 305 1433 345 vir
1453 306 1572 347 fortis
1585 312 1639 350 56

141 382 189 408 ac
210 369 387 423 sapiens,
406 365 484 405 nisi
499 365 608 404 forte
624 372 673 404 ut
693 378 736 403 se
757 361 946 403 intendat
963 361 1015 402 ad
1032 361 1288 411 firmitatem,
1308 370 1356 401 ut
1375 361 1417 401 in
1438 363 1574 403 stadio

141 438 330 465 cursores
364 421 614 469 exclamant,
650 434 775 475 quam
810 419 992 459 maxime
1028 428 1219 473 possunt.
1250 417 1412 459 faciunt
1445 417 1575 470 idem,

141 495 239 521 cum
269 486 526 527 exercentur,
557 476 755 517 athletae:
786 475 953 530 pugiles
986 489 1103 525 vero,
1131 474 1257 515 etiam
1289 489 1388 515 cum
1420 475 1576 515 feriunt

141 534 432 583 adversarium,
459 534 501 574 in
525 533 736 589 jactandis
766 532 963 573 caestibus
991 531 1305 587 ingemiscunt3
1337 545 1436 581 non,
1458 531 1575 587 quod

142 592 322 642 doleant,
359 591 549 631 animove
586 590 879 640 succumbant,
912 588 983 629 sed
1018 588 1116 644 quia
1147 587 1441 643 profundenda
1471 603 1574 630 voce

139 662 266 690 omne
287 662 439 702 corpus
468 646 711 696 intenditur,
738 646 933 700 venitque
962 645 1088 700 plaga
1116 645 1417 698 vehementior.
1437 645 1538 699 quid
1557 647 1569 686 ?
1588 645 1660 694 24

139 704 211 760 qui
230 704 377 745 volunt
395 704 626 744 exclamare
648 703 798 758 majus,
820 717 918 742 num
942 702 1040 742 satis
1073 701 1231 742 habent
1249 701 1392 751 latera,
1415 702 1574 752 fauces,

138 761 326 816 linguam
344 759 574 810 intendere,
592 774 614 800 e
632 760 785 815 quibus
802 765 841 793 96
856 758 950 814 ejici
970 772 1132 808 vocem,
1153 767 1196 799 et
1217 757 1335 798 fundi
1355 758 1571 799 videmus?

139 826 232 858 toto
252 831 443 872 corpore,
469 825 595 872 atque
627 816 822 857 omnibus
851 815 1037 870 ungulis,
1059 823 1107 855 ut
1126 814 1294 865 dicitur,
1315 815 1575 856 contentioni

139 874 253 914 vocis
273 874 517 914 asserviunt.
575 873 701 913 Genu
730 871 970 912 mehercule
1001 872 1066 912 M.
1087 871 1326 912 Antonium
1357 871 1453 922 vidi,
1474 884 1637 925 cum57

139 939 335 971 contente
366 945 442 985 pro
472 943 516 970 se
551 929 640 984 ipse
661 938 697 966 97
714 929 810 984 lege
839 928 967 969 Varia
999 927 1172 978 diceret,
1200 938 1353 968 terram
1384 938 1573 983 tangere.

139 995 187 1028 ut
217 987 329 1027 enim
360 986 522 1027 balistae
555 985 759 1041 lapidum,
791 993 833 1025 et
864 984 1027 1040 reliqua
1055 993 1266 1025 tormenta
1294 984 1492 1035 telorum,
1522 1000 1574 1027 eo

139 1044 349 1098 graviores
370 1043 612 1083 emissiones
634 1043 805 1092 habent,
824 1056 908 1097 quo
923 1050 1021 1082 sunt
1036 1050 1235 1082 contenta
1248 1050 1375 1096 atque
1392 1041 1575 1084 adducta

141 1099 427 1141 vehementius
447 1117 456 1140 ε
489 1100 546 1140 sic
582 1114 675 1149 vox,
709 1099 767 1139 sio
806 1113 966 1149 cursus,
1007 1099 1063 1138 sic
1098 1098 1238 1153 plaga,
1275 1097 1357 1138 hoc
1392 1099 1574 1152 gravior,

141 1171 227 1211 quo
250 1165 314 1196 est
332 1157 461 1196 missa
493 1156 748 1196 contentius.
779 1155 900 1210 cujus
934 1155 1213 1195 contentionis
1244 1169 1342 1195 cum
1373 1164 1490 1195 tanta
1517 1156 1574 1197 vis
1586 1156 1621 1188 b.

142 1213 210 1263 sit,
232 1213 265 1253 si
285 1213 470 1267 gemitus
498 1212 540 1253 in
570 1212 717 1252 dolore
748 1212 800 1252 ad
830 1211 1161 1252 confirmandum
1195 1211 1383 1252 animum
1405 1211 1574 1263 valebit,

141 1277 322 1310 utemur.
346 1269 408 1310 sin
437 1269 517 1309 erit
545 1268 614 1309 ille
648 1269 832 1324 gemitus
851 1267 1194 1317 981amentabiliS,
1216 1268 1250 1308 si
1271 1267 1522 1318 imbecillus,
1542 1270 1577 1310 si

143 1326 348 1382 abjectus,
370 1326 404 1366 si
425 1325 573 1366 flebilis
590 1343 598 1367 :
631 1327 669 1366 ei
689 1325 762 1381 qui
781 1339 824 1366 se
844 1324 1021 1375 dederit,
1037 1325 1103 1365 vix
1116 1338 1214 1364 eum
1231 1323 1363 1364 virum
1386 1324 1576 1367 dixerim.

143 1382 216 1437 qui
255 1382 426 1437 quidem
467 1382 650 1437 gemitus
689 1383 723 1422 si
762 1381 979 1422 levationis
1019 1380 1178 1436 aliquid
1215 1380 1395 1431 afferret,
1434 1389 1577 1423 tamen

141 1438 391 1488 videremus,
412 1438 513 1494 quid
532 1444 652 1479 'esset
680 1439 815 1488 fortis,
846 1447 889 1478 et
918 1437 1096 1478 animosi
1125 1437 1212 1478 viri.
1235 1452 1334 1478 cum
1355 1451 1451 1478 vero
1472 1438 1578 1480 nihil

139 1495 364 1536 imminuat
381 1495 552 1544 doloris,
573 1509 649 1535 cur
674 1496 829 1535 frustra
853 1502 996 1549 turpes
1020 1508 1111 1534 esse
1134 1494 1355 1535 volumus?
1389 1494 1491 1549 quid
1512 1503 1578 1536 est

140 1551 252 1592 enim
288 1552 389 1592 fletu
424 1551 620 1592 muliebri
654 1552 740 1592 viro
778 1551 974 1605 turpius?
1006 1550 1151 1606 Atque
1183 1550 1265 1591 hoc
1300 1559 1638 1606 praeceptum,58

142 1607 254 1663 quod
276 1608 328 1648 de
348 1607 494 1649 dolore
518 1608 654 1658 datur,
675 1616 790 1663 patet
810 1607 951 1648 latius.
983 1607 1180 1648 omnibus
1199 1607 1311 1647 enim
1332 1607 1470 1658 rebus,
1492 1623 1578 1650 non

143 1664 280 1705 solum
311 1664 464 1713 dolori,
495 1664 620 1705 simili
650 1664 922 1706 contentione
951 1663 1079 1704 animi
1109 1663 1388 1704 resistendum
1419 1673 1496 1704 est.
1517 1665 1579 1706 ira

142 1721 403 1763 exardescit:
435 1721 569 1762 libido
595 1722 844 1762 concitatur.
880 1722 922 1761 in
954 1720 1131 1761 eandem
1162 1735 1301 1761 arcem
1329 1720 1580 1775 confugien-

143 1777 243 1817 dum
265 1787 330 1818 est
350 1795 359 1819 z
390 1778 536 1818 eadem
559 1789 655 1819 sunt
676 1793 792 1818 arma
812 1777 1027 1818 sumenda.
1051 1777 1123 1817 sed
1141 1777 1341 1832 quoniam
1363 1776 1414 1817 de
1432 1777 1581 1819 dolore

143 1833 370 1890 loquimur,
390 1834 460 1875 illa
473 1835 734 1875 omittamus.
752 1834 804 1875 ad
821 1834 1034 1875 ferendum
1056 1834 1185 1888 igitur
1200 1833 1392 1874 dolorem
1414 1834 1578 1889 placide

143 1898 186 1931 et
206 1890 362 1940 sedate,
386 1900 424 1925 99
438 1890 666 1945 plurimum
686 1891 865 1946 proficit,
887 1899 978 1931 toto
996 1900 1179 1946 pectore,
1201 1900 1247 1931 ut
1269 1890 1435 1941 dicitur,
1457 1892 1577 1946 cogi-

142 1955 244 1996 tare,
280 1962 407 2002 quam
440 1947 483 1988 id
517 1947 741 1989 honestum
777 1947 843 1988 sit.
881 1962 1025 1988 sumus
1057 1947 1168 1988 enim
1204 1956 1365 1997 natura,
1398 1957 1447 1989 ut
1478 1957 1577 1989 ante

143 2002 227 2044 dixi
248 2003 489 2056 (dicendum
503 2013 567 2044 est
582 2005 695 2045 enim
712 2005 880 2059 saepius)
898 2003 1208 2053 studiosissimi,
1222 2005 1577 2059 appetentissimi-

142 2074 225 2116 que
246 2060 491 2101 honestatis.
511 2060 633 2116 cujus
662 2061 694 2101 si
725 2061 843 2116 quasi
872 2060 1015 2101 lumen
1045 2060 1216 2115 aliquod
1246 2061 1577 2115 adspexerimus,

143 2116 247 2157 nihil
268 2126 346 2167 est,
368 2117 498 2173 quod,
519 2127 567 2158 ut
586 2132 637 2158 eo
658 2118 884 2172 potiamur,
914 2132 999 2157 non
1024 2118 1157 2172 parati
1184 2117 1313 2157 simus
1332 2127 1373 2158 et
1393 2118 1515 2167 ferre,
1536 2126 1579 2158 et

142 2174 316 2228 perpeti.
352 2188 402 2214 ex
437 2173 519 2214 hoo
553 2189 694 2225 cursu,
724 2182 851 2229 atque
884 2174 1047 2228 impetu
1081 2173 1318 2214 animorum
1350 2173 1403 2214 ad
1438 2188 1578 2214 veram

142 2229 325 2280 laudem,
345 2240 473 2286 atque
494 2230 775 2281 honestatem,
803 2230 874 2271 illa
901 2230 1089 2285 pericula
1114 2229 1321 2270 adeuntur
1341 2230 1382 2270 in
1402 2230 1578 2285 proeliis,

143 2301 228 2327 non
264 2287 450 2328 sentiunt
480 2287 554 2328 viri
581 2288 711 2329 fortes
742 2288 786 2327 in
820 2287 909 2328 acie
940 2287 1122 2337 vulnera,
1149 2294 1208 2318 100
1221 2286 1284 2327 vel
1314 2286 1348 2327 si
1378 2287 1577 2337 sentiunt,

186 2395 226 2420 94
250 2388 335 2430 idque
358 2388 436 2428 raro]
467 2389 550 2419 Mihi
575 2399 641 2420 non
667 2389 769 2428 placet
793 2388 840 2417 id-

164 2440 208 2460 ue.

144 2441 163 2472 q
188 2481 226 2506 95
252 2472 297 2503 hic
311 2485 340 2504 n.
363 2482 404 2504 est
427 2474 524 2513 lessus]
554 2475 653 2504 Lessus
675 2476 745 2505 dedi
762 2485 839 2505 cum

143 2516 273 2546 Davisio
288 2526 343 2556 pro
352 2518 457 2557 fletus,
482 2519 595 2557 partim
611 2528 627 2548 e
644 2519 707 2548 Ms.
723 2518 838 2558 partim

141 2568 183 2588 ex
208 2569 250 2589 re.
276 2560 352 2598 quia
375 2559 460 2590 lessus
486 2561 519 2590 in
542 2561 623 2600 legg.
647 2562 722 2592 XII.
753 2561 839 2591 tabb.

144 2602 240 2632 fuisse
255 2604 396 2634 traditur.

189 2649 228 2677 96
251 2645 316 2674 elici
327 2643 442 2685 vocem]
454 2647 538 2676 Bene
550 2647 663 2676 dicitur
679 2646 744 2676 elici
758 2658 819 2676 vox
830 2657 839 2675 τ

144 2687 199 2716 sed
223 2687 256 2715 h.
282 2688 303 2717 l.
332 2698 436 2718 sermo
464 2696 509 2719 est
535 2690 573 2719 de
602 2690 722 2719 edenda
748 2699 836 2719 voce.

146 2730 250 2767 itaque
266 2730 377 2761 melior
392 2738 437 2761 est
452 2731 548 2761 altera
568 2732 660 2762 lectio
675 2733 707 2762 in
724 2733 803 2763 Mss.
819 2742 837 2761 a

147 2772 258 2801 Lamb.
274 2780 392 2812 reperta
408 2773 483 2812 ejici.

190 2820 226 2849 97
252 2814 312 2855 lege
330 2816 438 2857 Varia]
458 2826 486 2847 v.
512 2816 610 2847 Index
633 2817 694 2847 LL·
720 2817 752 2848 ln
776 2818 837 2849 hac

882 2388 960 2428 lege.

926 2439 965 2464 98
989 2429 1200 2471 lamentabilis]
1234 2432 1312 2461 Edd.
1336 2432 1422 2471 vulg.
1454 2431 1578 2461 elumen-

883 2474 995 2510 mbilis,
1027 2484 1126 2513 quam
1156 2474 1327 2504 lectionem
1361 2476 1423 2505 fere
1459 2476 1579 2505 habent

883 2518 961 2547 Mss.
978 2518 1031 2547 sed
1047 2524 1077 2546 et
1093 2518 1162 2547 edd.
1179 2518 1328 2556 quaedam
1344 2525 1420 2548 vett.
1437 2517 1579 2547 lamenta-

883 2560 949 2589 bilis
976 2561 1106 2597 habent,
1130 2567 1166 2589 ut
1190 2561 1270 2590 ven.
1295 2561 1382 2591 Med.
1404 2563 1493 2593 Junt.
1517 2563 1578 2592 ἃς.

884 2604 913 2633 id
930 2604 1036 2642 itaque
1051 2604 1150 2633 secuti
1164 2613 1289 2633 sumus.

928 2654 967 2679 99
992 2646 1155 2685 plurimum
1179 2645 1486 2687 proficit—cogitare]
1519 2648 1577 2677 Of-

880 2690 965 2719 fendi
980 2689 1059 2719 olim
1077 2690 1109 2718 in
1126 2690 1200 2725 hoc,
1226 2690 1412 2727 conjecique
1428 2689 1554 2727 cogitans
1566 2699 1577 2717 .-

880 2733 933 2761 sed
950 2742 1013 2762 non
1031 2738 1077 2761 est
1092 2742 1182 2771 opus,
1198 2741 1275 2761 narn
1289 2731 1408 2771 preficit
1423 2732 1530 2762 Cicero
1547 2738 1578 2761 et

881 2784 936 2814 pro
948 2775 1062 2813 prodest
1077 2776 1167 2804 dixit.
1183 2785 1214 2805 v.
1230 2775 1320 2804 Clav.

927 2824 986 2848 100
1008 2817 1062 2846 ‘vel
1085 2818 1108 2846 si
1138 2817 1275 2853 sentiunt,
1297 2828 1325 2846 se
1347 2816 1419 2846 mori
1441 2814 1498 2857 m.]
1525 2815 1576 2846 Sic
