1778 3095
559 96 741 134 LIBER
776 87 1115 134 SECUNDUS.
1489 102 1566 135 285

242 209 317 259 Ipse
333 207 486 257 illigatus
499 213 589 254 peste
605 204 771 240 interimor
790 203 911 241 textili.

245 261 316 299 Hos
334 274 397 297 non
415 258 540 296 hostilis
559 256 695 301 dextra,
713 270 776 293 non
793 266 885 294 terra
903 255 994 294 edita

242 315 349 351 Moles
361 313 556 362 gigantum,
573 323 635 346 non
656 310 830 359 biformato
849 311 972 361 impetu

247 367 436 405 Centaurus
455 364 539 400 ictus
557 364 680 414 corpori
701 368 740 393 26
753 363 868 410 infixit
887 376 966 405 meo,

245 422 322 458 Non
344 417 453 465 Graja
471 417 539 460 «vis,
557 430 620 453 non
638 416 789 454 barbara
804 417 878 454 ulla
896 417 1105 461 immanitas,

244 474 321 510 Non
338 484 437 508 saeva
457 471 555 507 terris
569 482 654 520 gens
672 471 822 521 relegata
840 470 979 514 ultimis,

247 526 343 574 Quas
354 535 557 575 peragrans,
575 523 720 574 undique
736 537 860 560 omnem
881 523 957 560 hinc
965 523 1144 572 feritatem
1163 525 1276 576 expuli
1291 541 1302 561 .-

243 577 313 615 Sed
311 578 481 627 faeminea
497 577 549 620 vi,
557 577 728 624 faeminea
745 578 915 614 interimor
933 590 1049 614 manu.

243 632 278 669 O
294 640 384 675 nate,
402 642 482 667 vere
500 629 558 666 hoc
575 643 688 667 nomen
707 641 835 680 usurpa
849 631 958 680 patri,

243 686 314 722 Nec
333 697 382 721 me
399 682 591 721 occidentem
610 684 729 721 matris
747 693 875 734 superet
897 684 1037 721 caritas.
1582 693 1614 725 h,

243 739 321 776 Heu
339 738 450 788 arripe
466 736 516 773 ad
531 751 581 774 me
598 737 752 774 manibus
772 737 980 774 abstractam
995 738 1074 788 piis.

243 793 324 829 Jam
341 804 486 835 cernam,
500 804 600 833 mene,
619 805 664 827 an
680 791 775 827 illam
788 791 945 840 potiorem
958 800 1068 841 putes.

246 846 365 895 Perge,
381 844 480 888 aude,
499 854 589 889 nate,
609 844 784 892 illacryma
799 845 908 894 patris
922 843 1073 893 pestibus
1087 861 1099 880 .·
1583 851 1629 882 01

240 899 417 942 Miserere,
430 908 546 948 gentes
565 907 696 934 nostras
702 897 840 944 fiebunt
861 897 1021 934 miserias.

243 953 320 989 Heu
340 952 544 1001 virginalem
564 965 613 988 me
630 965 684 988 ore
695 950 866 1001 ploratum
885 950 989 993 edere,

249 1006 355 1055 Quem
373 1005 465 1042 vidit
483 1018 573 1042 nemo
592 1004 655 1042 ulli
669 1005 929 1054 ingemiscentem
951 1004 1036 1041 malo
1053 1006 1075 1040 ?

243 1059 302 1097 Sic
325 1059 560 1107 27faeminata
579 1059 693 1095 virtus
712 1057 844 1104 afflicta
862 1057 989 1094 occidit.

242 1112 370 1150 Accede
390 1121 478 1156 nate,
499 1112 628 1155 assiste,
648 1111 871 1154 miserandum
891 1111 1022 1162 adspice
1586 1111 1620 1167 9

243 1167 480 1204 Evisceratum
498 1177 614 1216 corpus
633 1166 774 1202 lacerati
787 1165 912 1216 patris.

249 1219 367 1257 Videte
384 1220 505 1264 cuncti,
525 1229 623 1270 tuque
641 1219 809 1255 caelestum
831 1227 934 1261 sator,

246 1274 342 1317 Jace,
361 1272 552 1317 obsecro,‘in
572 1285 622 1309 me
639 1273 712 1309 vim
730 1286 898 1308 coruscam
904 1272 1081 1321 fulminis.

249 1328 364 1371 Nunc,
384 1339 470 1363 nunc
489 1325 635 1363 dolorum
654 1326 802 1375 auxiferi
821 1335 971 1376 torquent
989 1326 1131 1363 vertices
1146 1341 1159 1362 .·

247 1380 350 1417 Nunc
366 1380 466 1429 serpit
484 1379 595 1416 ardor.
615 1380 634 1414 ὅ
651 1388 729 1416 ante
744 1379 899 1416 victrices
919 1393 1053 1423 manus,

252 1433 285 1470 Ο
296 1443 442 1484 pectora,
462 1433 482 1467 ὅ
497 1442 608 1483 terga,
629 1433 648 1467 ὅ
662 1433 856 1469 lacertorum
875 1433 964 1469 tori!
1587 1444 1639 1477 22

251 1487 402 1524 Vestrone
415 1497 531 1536 pressu
549 1485 714 1537 quondam
735 1487 913 1523 Nemeaeus
931 1485 978 1522 leo

244 1539 411 1576 Frendens
428 1538 565 1584 efflavit
573 1539 734 1588 graviter
750 1549 931 1576 extremum
948 1538 1093 1575 halitum
1110 1540 1133 1573 ?

247 1593 336 1630 Haec
353 1592 474 1630 dextra
494 1599 533 1623 ‘28
552 1594 696 1630 Lernam
719 1602 869 1637 taetram,
890 1601 1041 1629 mactata
1059 1599 1206 1636 excetra,

248 1647 414 1684 Placavit
430 1662 442 1682 .·
472 1646 544 1683 haec
564 1646 757 1697 bicorporem
776 1645 905 1692 afflixit
924 1658 1059 1682 manum
1076 1661 1088 1681 .·

245 1698 508 1749 Erymanthiam
527 1699 599 1737 baec
616 1699 808 1746 vastificam
829 1699 950 1747 abjecit
971 1699 1102 1736 beluam
1114 1714 1127 1735 .·

246 1754 335 1791 Haec
353 1768 375 1790 a
398 1755 568 1792 Tartarea
587 1753 751 1791 tenebrica
770 1752 978 1790 abstractum
994 1753 1106 1804 plaga

251 1807 440 1857 Tricipitem
459 1807 575 1844 eduxit
596 1806 719 1856 Hydra
735 1815 937 1857 generatum
956 1819 1068 1844 canem
1084 1821 1095 1851 3

247 1860 336 1898 Haec
353 1861 516 1898 interemit
536 1867 625 1897 tortu
645 1860 892 1911 multiplicabili

248 1914 452 1958 Draconem,
473 1915 661 1962 auriferam
681 1914 798 1950 obtutu
817 1913 1047 1951 obser-vantem
1063 1911 1224 1950 arborem.

248 1967 372 2004 Multa
392 1968 466 2004 alia
484 1968 613 2004 victrix
631 1975 745 2004 nostra
764 1967 929 2005 lustravit
949 1980 1080 2009 manus,

249 2021 322 2058 Nec
340 2022 518 2072 quisquam
539 2028 578 2054 29
592 2034 608 2057 e
626 2021 745 2057 nostris
759 2021 864 2071 spolia
882 2022 965 2070 cepit
984 2019 1155 2058 laudibus.

145 2108 427 2150 Possumusne
448 2123 524 2150 nos
543 2117 815 2150 contemnere
837 2108 1044 2158 dolorem,
1067 2122 1166 2148 cum
1187 2107 1324 2163 ipsum
1347 2106 1578 2148 Herculem

140 2173 228 2206 tam
265 2165 535 2207 intoleranter
567 2165 711 2206 dolere
748 2165 990 2206 videamus?
1035 2164 1191 2206 Veniat
1224 2162 1458 2220 AEschylus
1494 2178 1579 2204 non
1599 2167 1665 2215 10

142 2226 272 2277 poeta
306 2222 461 2274 solum,
493 2222 568 2264 sed
588 2221 715 2263 etiam
747 2222 1055 2278 Pythagoreus.
1093 2221 1152 2261 sic
1186 2220 1296 2261 enim
1325 2220 1642 2275 accepimus.23

144 2293 230 2333 quo
249 2279 381 2320 modo
401 2280 482 2320 fert
502 2278 614 2335 apud
635 2293 734 2320 eum
758 2277 1032 2319 Prometheus
1053 2276 1259 2328 dolorem,
1279 2290 1406 2332 quem
1426 2276 1582 2331 excipit

143 2335 200 2376 ob
230 2335 392 2378 furtum
418 2335 658 2387 Lemnium,
679 2335 792 2376 unde
820 2335 929 2391 ignis
955 2334 1070 2375 lucet
1098 2333 1363 2384 mortalibus,
1385 2332 1495 2374 clam
1516 2333 1581 2374 di-

145 2391 281 2434 visus?
330 2407 428 2435 eum
465 2392 616 2434 doctus
656 2392 933 2433 Prometheus
972 2391 1167 2446 clepsisse
1205 2389 1321 2441 dolo,
1354 2403 1586 2446 poenasque

187 2543 228 2568 26
251 2537 361 2579 infixit]
389 2538 549 2570 Bentleius
572 2539 698 2578 corrigit
721 2538 843 2579 iaefiixit.
875 2537 1038 2578 feminatae
1054 2537 1176 2567 virtuti.

146 2580 238 2611 bene.
831 2584 836 2592 ¹
931 2588 970 2612 28
1002 2581 1129 2610 Lernam
1159 2586 1264 2610 tetram
1294 2586 1423 2609 mactata
1452 2577 1582 2618 excetra]

189 2630 226 2658 27
243 2623 395 2664 seminata
418 2624 518 2654 virtus
540 2623 652 2664 afflicta
673 2622 743 2663 occu]
764 2624 841 2654 Edd.
887 2623 967 2654 Puto
982 2634 1048 2654 esse
1072 2624 1183 2654 debere
1200 2630 1287 2660 tetra,
1305 2629 1341 2652 ut
1363 2624 1400 2653 ad
1424 2629 1585 2653 excetram

146 2675 192 2704 pr.
218 2667 338 2697 habent
363 2667 484 2707 afflictu.
513 2668 532 2697 i.
556 2678 584 2698 e.
610 2667 728 2708 πληγῇ.
751 2667 843 2697 bene.
888 2668 1050 2707 pertineat.
1096 2667 1147 2698 Sic
1164 2673 1195 2696 et
1210 2666 1353 2696 Bentleio
1367 2666 1486 2696 visum.
1510 2678 1512 2681 ·

148 2708 278 2739 mallem
301 2710 371 2748 jam
397 2710 493 2740 etiam
511 2709 654 2750 femineo,
680 2711 706 2740 si
736 2719 843 2740 versus
931 2718 971 2743 29
987 2710 1119 2740 enostris
1140 2709 1231 2750 spolia
1253 2709 1328 2749 capit
1348 2707 1493 2747 laudibus]
1519 2707 1586 2737 Nos

149 2757 312 2797 pateretur.
335 2753 388 2782 sed
406 2753 435 2782 id
452 2762 516 2782 non
536 2754 700 2793 respondet
717 2753 843 2789 Graeco,
888 2754 963 2785 vicit
979 2760 1009 2785 et
1025 2754 1193 2793 superavit.

149 2802 181 2821 m
204 2802 267 2833 quo
287 2804 319 2826 te
344 2795 437 2827 Sim
453 2803 564 2826 vocat:
589 2797 674 2835 quod
696 2796 844 2827 convenit
