1778 3095
215 130 296 163 220
509 124 581 162 DE
608 125 766 164 FINIB.
794 125 996 164 BONOR.
1025 126 1094 164 ET
1121 124 1330 164 MALOR.

323 234 460 273 Graecia
477 248 580 286 quam
601 236 715 283 Trqjae
731 235 848 273 divino
866 236 1000 274 numine
1015 236 1111 274 vexit
1124 254 1136 283 5

324 287 514 340 Omniaque
529 303 546 326 e
565 289 646 327 latis
666 303 777 328 rerum
796 291 945 340 vestigia
966 291 1077 328 terris.

88 407 119 440 p.
137 390 209 433 137.
218 368 340 412 Vidit
360 372 591 423 Homerus,
612 374 780 428 probari
811 373 997 414 fabulam
1030 388 1114 414 non
1142 385 1280 428 posse,
1310 369 1344 411 si
1374 368 1652 411 cantiunculis

178 451 207 472 a.
219 435 360 469 tantus
390 429 451 469 vir
480 429 665 471 irretitus
701 439 929 473 teneretur.
965 430 1180 471 scientiam
1212 428 1492 484 pollicentur:
1524 439 1652 481 quam

217 499 301 526 non
333 494 423 526 erat
454 486 610 528 mirum
645 493 683 518 86
697 486 911 542 sapientiae
946 485 1102 542 cupido
1137 486 1272 542 patria
1305 498 1394 525 esse
1431 482 1650 524 cariorem.

214 544 343 597 atque
373 543 516 584 omnia
543 543 715 598 quidem
747 543 866 593 scire,
897 542 1201 598 cujuscumque
1229 541 1347 582 modi
1376 540 1472 590 sint,
1498 552 1653 594 cupere

213 598 506 641 curiosorum:
537 599 635 641 duci
665 614 761 640 vero
792 599 1003 654 majorum
1038 613 1177 639 rerum
1209 597 1566 653 contemplatione
1599 594 1654 636 ad

214 653 490 710 cupiditatem
529 656 730 707 scienffiae,
775 669 1040 696 summorum
1077 655 1260 695 virorum
1301 664 1365 696 est
1401 652 1652 709 putandum.

136 712 356 768 19Quem
376 712 489 753 enim
509 712 703 753 ardorem
724 712 852 753 studii
871 712 1050 752 censetis
1078 710 1207 752 fuisse
1226 711 1268 751 in
1288 709 1560 759 Archimede,
1581 707 1654 764 qui

153 787 207 820 50
218 768 317 809 dum
340 768 382 809 in
401 769 570 824 pulvere
590 769 783 823 quaedam
807 767 1007 809 describit
1035 768 1249 817 attentius,
1279 781 1331 807 ne
1358 767 1538 822 patriam
1559 764 1652 821 qui-

216 822 313 866 dem
349 833 514 879 captam
551 839 642 865 esse
678 825 878 866 senserit?
913 833 1118 880 quantum
1154 823 1398 864 Aristoxeni
1432 823 1652 878 ingenium

216 891 493 922 consumtum
524 881 712 923 videmus
742 882 785 923 in
815 881 1018 922 musicis?
1051 896 1137 937 quo
1169 879 1310 921 studio
1343 886 1379 915 87
1400 878 1653 934 Aristopha-

216 952 313 978 nem
333 946 532 993 putamus
553 947 722 980 aetatem
743 939 786 980 in
805 939 953 980 litteris
966 937 1132 979 duxisse
1150 939 1162 978 ?
1197 936 1298 993 quid
1313 935 1365 976 de
1381 935 1653 992 Pythagora?

216 993 318 1049 quid
352 994 405 1035 de
440 995 626 1047 Platone,
661 1005 736 1038 aut
768 995 1021 1037 Democrito
1051 994 1213 1050 loquar,
1244 1008 1269 1034 a
1298 993 1452 1048 quibus
1485 999 1658 1047 propter

216 1050 404 1092 discendi
425 1051 699 1108 cupiditatem
719 1052 907 1094 videmus
928 1051 1098 1092 ultimas
1118 1061 1248 1092 terras
1265 1064 1355 1090 esse
1376 1057 1618 1104 peragratas
1638 1048 1653 1088 ?

219 1115 258 1139 88
273 1123 368 1163 quae
406 1109 479 1164 qui
515 1123 600 1150 non
638 1109 792 1160 vident,
829 1109 932 1150 nihil
965 1122 1169 1163 umquam
1216 1121 1374 1162 magna
1409 1105 1657 1161 cognitione

217 1164 395 1219 dignum
435 1176 691 1207 amaverunt.
750 1167 897 1221 Atque
937 1165 1019 1205 hoc
1056 1165 1168 1215 loco,
1206 1163 1278 1218 qui
1314 1171 1486 1218 propter
1526 1160 1655 1203 animi

216 1222 454 1276 voluptates
474 1222 556 1262 coli
587 1222 733 1264 dicunt
756 1237 806 1263 ea
837 1221 991 1272 studia,
1027 1235 1121 1275 quae
1156 1220 1257 1269 dixi,
1287 1234 1372 1260 non
1401 1218 1658 1273 intelligunt,

216 1277 375 1318 idcirco
406 1292 495 1318 esse
516 1293 565 1318 ea
594 1288 769 1334 propter
798 1292 842 1318 se
872 1276 1121 1333 expetenda,
1159 1275 1288 1331 quod,
1325 1274 1441 1315 nulla
1476 1274 1657 1315 utilitate

218 1333 401 1389 objecta,
441 1334 703 1376 delectentur
742 1334 885 1385 animi,
929 1342 1056 1389 atque
1100 1333 1191 1389 ipsa
1237 1331 1425 1382 scientia,
1455 1331 1583 1372 etiam
1622 1331 1659 1372 si

155 1390 540 1435 5189incom1noda
577 1390 728 1433 datura
767 1391 835 1442 sit,
875 1390 1104 1447 gaudeant.
1164 1388 1248 1430 Sed
1287 1387 1388 1444 quid
1417 1387 1566 1429 attinet
1604 1387 1659 1429 de

217 1447 344 1489 rebus
375 1456 462 1488 tam
499 1449 652 1503 apertis
684 1447 806 1504 plura
839 1447 1081 1504 requirere?
1114 1446 1194 1502 ipsi
1223 1445 1336 1486 enim
1367 1459 1605 1501 quaeramus
1633 1459 1660 1485 a

215 1503 353 1555 nobis,
374 1504 587 1545 stellarum
609 1514 752 1546 motus
767 1503 1234 1559 contemplationesque
1251 1516 1391 1543 rerum
1408 1501 1656 1552 caelestium,

214 1575 446 1616 eorumque
486 1561 693 1611 omnium,
728 1572 824 1617 quae
863 1571 1022 1602 naturae
1071 1559 1328 1600 obscuritate
1373 1557 1656 1609 occultantur,

215 1617 496 1673 cognitiones,
526 1617 888 1673 quemadmodum
919 1632 994 1658 nos
1024 1625 1245 1657 moveant:
1277 1624 1322 1656 et
1351 1614 1453 1671 quid
1482 1613 1659 1656 historia

216 1675 412 1725 delectet,
433 1689 560 1730 quam
582 1674 767 1716 solemus
790 1673 983 1730 persequi
1009 1687 1143 1728 usque
1172 1671 1226 1712 ad
1253 1680 1488 1713 extremum
1508 1688 1517 1712 :
1548 1685 1658 1726 prae-

214 1730 410 1772 termissa
440 1731 683 1786 repetimus,
716 1731 917 1772 inchoata
947 1729 1252 1786 persequimur.
1310 1729 1405 1770 Nec
1436 1743 1533 1769 vero
1561 1743 1657 1769 sum

215 1787 390 1838 inscius,
420 1802 509 1828 esse
539 1787 764 1829 utilitatem
804 1788 847 1828 in
879 1786 1069 1836 historia,
1100 1801 1184 1826 non
1218 1784 1348 1826 modo
1379 1784 1656 1839 voluptatem.

217 1843 337 1887 Quid
356 1845 368 1885 ?
402 1859 500 1886 cum
521 1844 638 1885 fictas
659 1844 837 1895 fabulas,
859 1859 882 1885 e
900 1844 1053 1899 quibus
1074 1843 1231 1884 utilitas
1249 1841 1364 1882 nulla
1381 1840 1481 1882 duci
1500 1849 1656 1896 potest,

155 1922 206 1953 52
218 1915 317 1943 cum
332 1901 547 1956 voluptate
560 1900 775 1956 legimus?
808 1901 953 1958 Quid?
987 1914 1086 1941 cum
1102 1899 1295 1940 volumus
1309 1897 1481 1939 nomina
1493 1912 1657 1949 eorum,

218 1957 291 2015 qui
312 1957 414 2013 quid
434 1957 656 2014 gesserint,
678 1966 778 1999 nota
797 1958 918 1999 nobis
937 1971 1044 2007 esse,
1073 1964 1278 2010 parentes,
1305 1954 1501 2010 patriam,
1522 1955 1658 1996 multa

175 2024 422 2070 b.praeterea
453 2014 627 2056 minime
657 2015 920 2056 necessaria?
953 2013 1088 2070 quid?
1136 2011 1251 2068 quod
1285 2011 1478 2052 homines
1513 2011 1658 2053 infima

218 2072 402 2122 fortuna,
424 2071 540 2112 nulla
558 2085 633 2125 spe
653 2086 792 2112 rerum
807 2071 1106 2127 gerendarum,
1123 2069 1294 2124 opifices
1314 2067 1509 2123 denique,
1528 2077 1568 2102 90
1579 2068 1654 2109 de-

216 2128 427 2169 lectantur
463 2127 671 2168 historia?
722 2129 988 2184 maximeque
1025 2141 1099 2167 eos
1138 2126 1276 2167 videre
1321 2139 1549 2180 possumus
1590 2139 1656 2166 res

217 2194 360 2240 gestas
380 2184 536 2235 audire,
558 2194 602 2226 et
618 2184 759 2240 legere
786 2185 905 2236 velle,
939 2184 1011 2240 qui
1033 2199 1057 2224 a
1077 2197 1149 2238 spe
1176 2181 1351 2238 gerendi
1366 2181 1535 2233 absunt,
1555 2195 1658 2223 con-

217 2241 319 2282 fecti
351 2250 582 2282 senectute.
640 2241 854 2297 Quocirca
898 2239 1080 2295 intelligi
1128 2253 1296 2280 necesse
1346 2246 1425 2289 est,
1468 2237 1511 2278 in
1557 2238 1658 2293 ipsis

218 2298 358 2347 rebus,
381 2313 475 2353 quae
502 2297 735 2349 discuntur,
764 2308 808 2339 et
842 2304 1171 2354 cognoscuntur,
1204 2295 1476 2337 invitamenta
1505 2294 1654 2345 inesse,

157 2373 205 2405 53
220 2354 371 2410 quibus
411 2354 465 2394 ad
502 2353 765 2405 discendum,
803 2353 1234 2411 cognoscendumque
1269 2365 1528 2393 moveamur.
1586 2351 1656 2392 Ac

218 2419 375 2452 veteres
404 2410 577 2466 quidem
606 2410 863 2467 philosophi,
894 2412 934 2452 in
969 2411 1194 2451 beatorum
1227 2407 1387 2459 insulis,
1419 2416 1456 2442 91
1473 2407 1657 2464 fingunt,

219 2522 295 2550 item
313 2532 390 2552 mox
406 2533 499 2551 rerum
523 2532 578 2561 pro
603 2533 711 2561 regum.
736 2532 813 2552 nam
838 2522 915 2552 illud
959 2532 976 2551 e
1002 2521 1208 2560 sequentibus
1232 2521 1298 2551 huc
1322 2530 1388 2550 esse
1413 2521 1658 2552 traducendum.

218 2564 308 2594 locus
328 2565 460 2595 Homeri
477 2565 627 2604 postulat.
652 2576 749 2604 regum
769 2565 859 2594 nulla
875 2566 916 2594 ibi
961 2574 1036 2595 nam
1053 2575 1160 2603 magna
1175 2563 1297 2602 cognitio
1310 2563 1402 2593 nihili
1419 2571 1477 2594 est.

218 2608 352 2639 mentio.
378 2615 472 2647 atque
495 2608 525 2638 id
547 2615 594 2638 est
617 2608 713 2638 etiam
737 2608 769 2637 in
786 2609 916 2647 quibusÎ‡
1005 2614 1044 2639 89
1068 2606 1241 2635 incommoda
1269 2605 1376 2635 datura
1400 2606 1449 2645 sit]
1479 2606 1559 2636 Mss-
1586 2605 1660 2644 qui-

218 2650 292 2679 dam
309 2652 379 2681 edd.
396 2658 470 2681 vett.
960 2651 1035 2680 dam
1059 2659 1126 2679 uno
1151 2649 1246 2679 verbo
1271 2650 1390 2679 habent
1417 2648 1660 2678 incommodatura

263 2698 302 2723 86
325 2701 388 2732 sap.
416 2693 516 2733 cupido
541 2693 647 2732 patria
676 2704 732 2722 esse
762 2691 914 2734 cariorem]
960 2693 1019 2722 sit:
1043 2702 1107 2722 non
1134 2691 1227 2722 male.
1252 2692 1330 2722 forte
1354 2692 1470 2722 melius
1492 2692 1533 2722 sit
1556 2691 1656 2721 incom-

219 2746 274 2765 esse
288 2746 305 2765 e
323 2737 401 2766 Mss.
418 2746 468 2776 ap.
487 2737 666 2766 Davisium.
961 2735 1072 2765 modum
1088 2735 1195 2764 datura
1211 2734 1260 2764 sit.

263 2785 300 2814 87
326 2778 561 2819 Aristophanem]
589 2779 848 2810 Grammatâ€˜mum
880 2779 916 2808 il-
1005 2786 1044 2811 90
1067 2775 1256 2816 delectentur]
1276 2778 1349 2817 Leg.
1363 2777 1550 2808 delectantur.

222 2821 305 2852 lum.
1004 2829 1040 2853 91
1056 2821 1191 2861 fingunt,
1217 2820 1408 2861 qualisâ€”sit,
1427 2818 1657 2862 quosâ€”putant]

262 2871 301 2896 88
325 2875 391 2906 quae
414 2864 466 2907 qui
488 2876 541 2895 non
563 2862 684 2906 vident]
708 2864 789 2896 Puto
812 2876 917 2906 magna
960 2865 1078 2896 Durior
1115 2871 1162 2895 est
1198 2864 1297 2895 oratio
1331 2865 1433 2904 â´hujus
1472 2864 1545 2894 loci.
1573 2863 1659 2893 â´forte
