1768 3095
559 121 1010 184 LIBERPRIMth.
1194 116 1198 147 ἰ
1467 129 1517 171 89

83 238 457 296 est,'voluptatem.
502 235 715 276 Homines
736 232 889 289 optimi
910 247 994 274 non
1016 230 1275 287 intelligunt,
1296 238 1432 273 totam
1451 246 1517 274 ra-

84 298 244 339 tionem
274 294 412 345 everti,
433 292 467 333 si
496 291 555 333 ita
580 306 623 333 se
652 307 717 333 res
749 291 916 332 habeat.
949 304 1046 330 nam
1073 289 1107 329 si
1133 287 1451 339 concederetur,
1472 304 1518 329 e-

85 354 189 395 tiam
220 354 253 394 si
277 352 334 393 ad
364 363 516 405 corpus
547 348 651 390 nihil
680 347 899 396 referatur,
929 346 1011 387 ista
1036 360 1111 387 sua
1133 353 1299 400 sponte,
1320 353 1363 385 et
1382 359 1457 399 per
1475 359 1519 386 se

87 425 178 452 esse
192 407 393 466 jucunda,
416 420 489 461 per
520 420 565 446 se
590 413 701 446 esset
722 414 765 445 et
785 404 928 454 virtus,
951 411 992 443 et
1013 402 1206 457 cognitio
1227 416 1380 448 rerum,
1404 402 1520 456 quod

89 468 260 508 minime
278 464 346 505 ille
366 463 471 513 vult,
492 462 738 517 expetenda.
790 462 898 501 Haec
919 460 1049 515 igitur
1068 458 1240 513 Epicuri
1263 473 1347 498 non
1369 458 1519 512 probo,
1533 471 1583 507 26

87 524 273 579 inquam.
296 520 347 561 de
375 528 532 570 cetero,
552 517 702 559 vellem
725 517 921 573 equidem
944 524 1017 557 aut
1037 516 1128 570 ipse
1148 515 1350 555 doctrinis
1372 514 1521 556 fuisset

89 578 330 620 instructior
364 579 445 631 (est
474 575 600 625 enim,
633 573 749 631 quod
780 574 837 615 ita
866 573 940 614 tibi
973 572 1101 613 videri
1132 585 1302 612 necesse
1332 580 1412 622 est,
1438 586 1522 613 non

88 635 185 677 satis
207 634 363 689 politus
384 633 433 673 iis
455 632 630 682 artibus,
653 646 756 687 quas
779 631 851 686 qui
881 638 1040 679 tenent,
1061 628 1213 670 eruditi
1235 628 1518 683 appellantur)

87 699 161 738 aut
182 705 233 731 ne
264 689 534 731 deterruisset
564 688 668 729 alios
690 703 714 728 a
736 687 900 728 studiis.
922 699 1180 742 quamquam
1203 693 1245 725 te
1267 685 1442 740 quidem
1466 686 1523 726 vi-

88 748 169 789 deo
190 747 361 788 minime
383 760 473 787 esse
496 745 758 786 deterritum.

144 805 254 846 Quae
289 818 386 844 cum
421 802 635 852 dixissem,
669 801 805 856 magis
838 809 887 842 ut
917 800 1037 841 illum
1067 814 1357 856 provocarem,
1394 801 1581 855 quamss'

90 870 145 903 ut*
166 861 255 916 ipse
277 859 472 915 loquerer
490 875 499 898 t
529 867 621 900 tum
652 859 838 899 Triarius
863 858 1010 898 leniter
1031 857 1231 907 arridens,
1250 858 1317 898 Tu
1336 857 1525 912 quidem,

89 917 240 973 inquit,
262 926 402 958 totum
424 916 655 971 Epicurum
677 929 796 970 paene
813 929 836 955 e
852 914 1208 970 philosophorum
1228 914 1360 954 choro
1382 923 1525 955 sustu-

90 974 188 1015 listi.
210 974 310 1030 quid
340 974 378 1014 ei
410 972 630 1028 reliquisti,
655 972 733 1012 nisi
754 980 809 1021 te,
833 986 1008 1027 quoquo
1030 970 1160 1011 modo
1182 970 1440 1025 loqueretur,
1461 971 1527 1011 in-

89 1031 296 1086 telligere,
333 1029 437 1085 quid
470 1029 657 1070 diceret?
692 1036 730 1060 43
748 1029 884 1069 aliena
919 1028 1024 1068 dixit
1058 1027 1100 1067 in
1133 1027 1335 1082 physicis,
1370 1042 1445 1069 nec
1478 1042 1527 1068 ea

90 1088 196 1143 ipsa,
218 1102 312 1143 quae
335 1087 412 1127 tibi
434 1086 724 1142 probarentur.
748 1085 781 1126 si
804 1098 888 1140 qua
908 1084 949 1124 in
974 1084 1037 1124 his
1060 1084 1272 1138 corrigere
1289 1084 1435 1134 voluit,
1453 1084 1529 1125 de·-

91 1144 247 1185 teriora
285 1143 399 1184 fecit.
441 1142 671 1184 disserendi
703 1151 835 1182 artem
872 1141 1032 1182 nullam
1070 1141 1231 1181 habuit.
1266 1141 1525 1195 voluptatem

92 1215 191 1242 cum
214 1215 430 1241 summum
462 1200 624 1240 bonum
647 1199 820 1249 diceret,
839 1198 1024 1253 primum
1046 1197 1087 1237 in
1109 1211 1162 1238 eo
1184 1197 1277 1252 ipso
1298 1212 1448 1252 parum
1469 1198 1528 1238 vi-

93 1257 181 1298 dit:
214 1257 364 1298 deinde
398 1256 480 1297 hoc
512 1270 684 1311 quoque
714 1255 913 1295 alienum.
943 1269 1039 1294 nam
1066 1263 1163 1295 ante
1195 1254 1453 1309 Aristippus,
1487 1263 1530 1296 et

94 1313 166 1354 ille
196 1313 361 1354 melius.
392 1312 591 1354 addidisti
621 1311 674 1352 ad
703 1320 954 1359 extremum,
985 1310 1112 1350 etiam
1142 1310 1363 1351 indoctum
1385 1311 1529 1352 fuisse.

95 1370 218 1419 Fieri,
250 1369 436 1425 inquam,
470 1383 496 1409 o
523 1367 672 1417 Triari,
708 1367 825 1408 nullo
858 1376 983 1422 pacto
1016 1375 1170 1422 potest,
1201 1374 1250 1407 ut
1281 1381 1365 1407 non
1399 1367 1529 1419 dicas,
1541 1380 1590 1421 27

95 1426 199 1481 quid
221 1440 304 1466 non
326 1426 477 1480 probes
499 1424 606 1481 ejus,
627 1439 651 1465 a
673 1439 759 1480 quo
781 1424 1015 1465 dissentias.
1039 1423 1139 1478 quid
1162 1423 1273 1463 enim
1295 1437 1365 1464 me
1387 1424 1532 1478 prohi-

95 1482 214 1524 beret
248 1481 505 1537 Epicureum
532 1495 639 1531 esse,
667 1481 701 1521 si
729 1480 968 1536 probarem,
991 1494 1085 1535 quae
1114 1479 1184 1520 ille
1207 1479 1397 1520 diceret?
1431 1494 1530 1522 cum

95 1537 328 1594 praesertim
350 1537 422 1578 illa
442 1537 692 1594 perdiscere,
714 1536 839 1577 ludus
861 1544 986 1577 esset.

150 1594 444 1652 Quamobrem
477 1593 814 1635 dissentientium
848 1593 957 1633 inter
992 1606 1037 1633 se
1069 1591 1413 1647 reprehensiones
1444 1608 1529 1635 non

95 1660 193 1693 sunt
229 1650 528 1705 vituperandae.
564 1649 802 1700 maledicta,
840 1647 1126 1699 contumeliae,
1159 1658 1250 1689 tum
1287 1649 1574 1701 iracundiae,b-

95 1708 404 1758 contentiones,
425 1706 846 1762 concertationesque
863 1705 904 1746 in
925 1705 1182 1761 disputando
1201 1705 1449 1761 pertinaces,
1467 1706 1530 1747 in-

96 1764 236 1820 dignae
276 1764 381 1805 mihi
422 1763 694 1819 philosophia
732 1763 863 1804 videri
903 1763 1053 1803 solent.
1112 1762 1233 1803 Tunc
1274 1763 1531 1818 Torquatus,
1544 1775 1593 1808 23

99 1821 288 1872 Prorsus,
318 1821 468 1876 inquit,
496 1820 716 1861 assentior.
748 1833 885 1875 neque
915 1819 1027 1859 enim
1055 1818 1259 1874 disputari
1281 1820 1369 1860 sine
1389 1833 1531 1875 repre-

96 1877 315 1928 hensione,
345 1891 422 1918 nec
453 1890 552 1918 cum
582 1875 811 1926 iracundia,
842 1884 915 1917 aut
945 1875 1175 1930 pertinacia
1194 1885 1306 1916 recte
1328 1876 1536 1932 disputari

97 1942 252 1989 potest.
312 1933 396 1974 Sed
417 1933 471 1974 ad
498 1933 606 1983 haec,
628 1932 706 1973 nisi
733 1933 960 1973 molestum
993 1941 1071 1983 est,
1104 1931 1242 1973 habeo
1272 1948 1368 1988 quae
1396 1933 1532 1975 velim.

97 1989 160 2031 At
181 2004 263 2040 me,
295 1989 482 2045 inquam,
502 1989 581 2029 nisi
612 1997 654 2029 te
684 1988 829 2029 audire
856 1988 1022 2038 vellem,
1043 2002 1187 2029 censes
1210 1989 1301 2029 haec
1322 1989 1534 2031 dicturum

98 2045 261 2087 fuisse?
295 2047 452 2087 Utrum
483 2045 615 2101 igitur
645 2046 829 2100 percurri
859 2060 1031 2086 omnem
1062 2045 1233 2100 Epicuri
1270 2045 1535 2101 disciplinam

99 2103 265 2158 placet:
294 2117 346 2143 an
378 2103 430 2144 de
461 2117 545 2143 una
576 2101 790 2157 voluptate
820 2102 966 2157 quaeri,
988 2101 1041 2142 de
1073 2116 1155 2156 qua
1176 2117 1302 2143 omne
1322 2112 1540 2145 certamen>

99 2160 192 2201 est?
225 2160 321 2200 Tuo
353 2173 451 2200 vero
482 2158 524 2199 id
558 2158 746 2214 quidem,
783 2158 970 2221 inquam,
1005 2158 1222 2199 arbitratu.
1283 2160 1351 2200 Sic
1383 2160 1536 2202 faciam

99 2215 244 2271 igitur,
275 2216 439 2271 inquitt
468 2230 596 2257 unam
627 2229 716 2255 rem
747 2214 984 2270 expllcabo,
1014 2229 1194 2270 eamque
1224 2215 1466 2257 maximam.
1484 2217 1537 2258 de

99 2272 288 2329 physicis
309 2272 424 2323 alias,
447 2281 490 2313 et
512 2271 682 2327 quidem
715 2271 792 2312 tibi
813 2280 856 2312 et
878 2270 1202 2311 declinationem
1224 2272 1348 2312 istam
1370 2282 1540 2314 atomo-

100 2343 210 2379 rum,
241 2339 284 2370 et
313 2329 651 2384 magnitudinem
683 2327 782 2368 solis
813 2327 1020 2383 probabO,
1051 2336 1094 2367 et
1123 2328 1363 2369 Democriti
1386 2338 1537 2381 errata,
1585 2346 1588 2347 ⁷

99 2385 154 2427 ab
175 2386 361 2440 Epicuro
382 2385 650 2440 reprehensa,
671 2392 715 2425 et
735 2392 924 2425 correcta
943 2382 1167 2439 permulta.
1191 2399 1301 2425 nunc
1324 2386 1462 2427 dicam
1484 2386 1541 2427 de

100 2441 346 2498 voluptate3
378 2442 481 2483 nihil
511 2441 671 2482 scilicet
698 2441 808 2491 novi,
837 2455 886 2481 ea
912 2450 1070 2490 tamen,
1091 2455 1185 2496 quae
1218 2450 1261 2481 te
1280 2442 1418 2497 ipsum
1441 2457 1540 2498 pro-

100 2498 300 2539 baturum
330 2513 419 2540 esse
447 2498 672 2539 confidam.
734 2497 876 2548 Certe,
910 2496 1098 2552 inquam,
1119 2497 1310 2552 pertinax
1330 2514 1415 2540 non
1436 2513 1508 2541 ero
1529 2516 1538 2539 ε

102 2554 278 2610 tibique,
310 2556 343 2597 si
375 2555 479 2596 mihi
509 2554 707 2610 probabis
738 2568 800 2604 ea,
833 2569 928 2609 quae
958 2553 1088 2604 dices,
1119 2554 1299 2595 libenter
1323 2557 1539 2597 assentiar.

106 2611 315 2664 Probabo,
352 2611 515 2668 inquit:
547 2611 679 2652 modo
718 2610 797 2651 ista
832 2611 888 2652 sis
922 2610 1135 2666 aequitate,
1172 2626 1300 2667 quam
1337 2613 1605 2669 ostendis.29

148 2785 187 2809 43
211 2779 307 2810 aliena
322 2778 416 2820 dixit]
435 2778 541 2818 Vulgo
556 2778 638 2808 dicit.
655 2779 750 2811 male.
766 2786 946 2820 sequuntur
959 2779 1144 2819 imperfecta
1165 2786 1197 2810 et
1213 2780 1361 2820 perfecta,
1377 2779 1458 2810 inter
1472 2788 1555 2819 quat*

107 2819 180 2851 dicit
194 2821 304 2853 locum
320 2832 385 2852 non
402 2822 516 2853 habere
532 2828 642 2868 potest.
