1778 3095
523 204 710 244 LIBER
739 205 1070 244 SECUNDUS.
1429 211 1502 245 451

86 312 178 371 ipsa
197 331 279 358 non
299 316 341 357 in
360 315 531 356 deorum
555 327 728 354 numero
750 326 963 367 reponere.
1022 314 1116 353 Nec
1145 324 1241 351 vero
1270 311 1401 352 stellae
1430 327 1506 365 eae,

85 387 180 428 quae
200 374 427 414 inerrantes
447 380 661 420 vocantur,
682 384 764 410 non
786 368 1022 424 significant
1041 367 1215 410 eandem
1236 376 1421 408 mentem
1441 378 1506 410 at-

85 443 168 484 que
196 429 486 484 prudentiam3
524 441 702 483 quarum
732 434 795 465 est
825 424 1083 480 quotidiana,
1113 423 1374 473 conveniens,
1403 438 1504 465 con—

85 493 280 540 stansque
298 484 510 525 conversio
529 500 538 524 :
570 497 644 523 nec
667 482 824 522 habent
844 481 1048 521 aethereos
1069 495 1226 528 cursus,
1248 493 1381 535 neque
1401 481 1504 521 caelo

82 540 346 591 inhaerentes,
365 549 412 580 ut
440 540 626 595 plerique
654 538 799 578 dicunt
831 537 1018 593 physicae
1049 536 1218 577 rationis
1239 536 1388 590 ignari.
1419 551 1504 576 non

82 606 146 637 est
164 597 274 637 enim
297 596 460 637 aetheris
488 610 537 636 ea
567 604 728 644 natura,
750 603 797 635 ut
826 594 863 633 vi
896 609 970 634 sua
995 593 1134 633 stellas
1161 593 1380 646 complexa
1400 607 1503 633 con-
1514 606 1608 638 p·37-

81 660 290 708 torqueat.
320 667 413 692 nam
438 652 572 692 tenuis
605 666 652 692 ac
684 650 918 706 perlucens,
938 659 979 690 et
1000 650 1194 705 aequabili
1213 649 1350 689 calore
1372 649 1502 689 suffu-
1512 652 1541 672 a.

81 724 152 750 sus
173 709 315 758 aether,
330 723 414 749 non
434 708 533 749 satis
550 717 673 763 aptus
691 707 742 748 ad
759 706 898 747 stellas
915 706 1186 747 continendas
1204 705 1378 746 videtur.
1409 707 1501 745 Ha·
1514 716 1563 747 55

80 765 182 806 bent
202 765 330 819 igitur
352 779 469 805 suam
491 765 697 820 sphaeram
721 763 851 804 stellae
874 763 1113 813 inerrantes,
1130 763 1182 803 ab
1199 762 1381 802 aetherea
1400 776 1502 802 con-

72 820 293 877 junctione
332 830 549 871 secretam,
587 829 630 861 et
667 820 858 860 liberam.
919 821 1075 860 Earum
1106 829 1247 859 autem
1284 833 1502 874 peremnes

76 892 238 928 cursus,
269 885 395 932 atque
424 878 632 933 perpetui,
663 892 760 917 cum
792 875 1026 916 admirabili
1055 875 1370 930 incredibilique
1399 889 1502 916 con-

78 933 241 983 stantia,
263 934 476 974 declarant
505 934 547 974 in
578 933 641 974 his
672 933 753 973 vim
784 941 826 973 et
856 940 1039 972 mentem
1070 947 1158 972 esse
1188 932 1400 972 divinam:
1440 940 1502 982 ut,

75 988 167 1030 haec
188 989 278 1044 ipsa
297 990 368 1045 qui
391 1005 474 1030 non
495 990 646 1030 sentiat
663 989 839 1029 deorum
859 989 941 1028 vim
965 988 1132 1038 habere,
1151 988 1183 1028 is
1207 988 1309 1028 nihil
1329 988 1501 1029 omnino

75 1060 271 1086 sensurus
293 1060 383 1086 esse
403 1045 601 1086 videatur.
641 1045 773 1085 Nulla
793 1044 925 1100 igitur
944 1045 986 1084 in
1006 1044 1112 1085 caelo
1135 1059 1210 1085 nec
1230 1045 1410 1095 fortuna,
1425 1059 1501 1086 nec
1513 1051 1565 1088 56

75 1103 305 1152 temeritas,
326 1109 366 1136 69
384 1116 459 1142 nec
480 1101 647 1151 erratio,
670 1116 746 1142 nec
768 1101 940 1141 varietas
961 1101 1093 1141 inest:
1115 1110 1343 1156 contraque
1365 1101 1502 1142 omnis

75 1158 194 1208 ordo,
217 1159 377 1208 veritas,
400 1159 522 1209 ratio,
542 1158 791 1199 constantia.
822 1172 1001 1213 quaeque
1030 1158 1095 1198 his
1122 1166 1281 1208 vacant,
1303 1158 1504 1199 ementita

74 1221 118 1254 et
145 1214 262 1265 falsa,
283 1215 490 1270 plenaque
521 1215 671 1255 erroris
703 1223 803 1255 eunt
834 1214 991 1254 circum
1022 1222 1166 1265 terras,
1193 1214 1299 1254 infra
1330 1214 1502 1264 lunam;

73 1285 167 1325 quae
190 1272 378 1311 omnium
401 1271 551 1311 ultima
572 1279 649 1321 est,
671 1271 712 1311 in
739 1270 942 1326 terrisque
966 1278 1005 1307 70
1023 1279 1248 1311 versantur.
1310 1270 1504 1311 Caelesti-

72 1341 145 1366 um
163 1341 266 1382 ergo
283 1327 572 1368 admirabilem
593 1327 799 1376 ordinem,
816 1326 1187 1382 incredibilemque
1207 1327 1503 1378 constantiam,

72 1397 124 1423 ex
145 1398 228 1438 qua
247 1385 522 1434 conservatio,
537 1393 579 1424 et
601 1383 710 1424 salus
730 1383 918 1423 omnium
942 1382 1078 1422 omnis
1099 1383 1246 1434 oritur,
1267 1384 1339 1439 qui
1359 1398 1504 1424 vacare

71 1449 214 1480 mente
232 1449 367 1494 putat,
384 1440 418 1480 is
438 1441 526 1495 ipse
544 1441 696 1480 mentis
717 1454 863 1493 expers
884 1439 1103 1480 habendus
1124 1447 1200 1480 est.
1232 1440 1362 1480 Haud
1381 1454 1500 1495 ergo,
1512 1456 1563 1497 57

71 1504 121 1535 ut
141 1496 305 1550 opinor,
327 1511 528 1546 erravero,
552 1497 585 1541 si
612 1511 637 1536 a
668 1496 854 1550 principe
884 1495 1181 1551 investiganda:
1202 1497 1398 1546 veritatis,
1421 1497 1500 1537 hu·-

63 1550 136 1607 jus
160 1552 454 1606 disputationis
476 1552 728 1607 principium
749 1551 921 1592 duxero.
982 1553 1100 1592 Zeno
1131 1553 1262 1607 igitur
1290 1553 1349 1593 ita
1378 1553 1581 1599 natu-22

69 1622 159 1648 ram
180 1608 337 1658 definit,
358 1618 405 1649 ut
425 1623 518 1648 eam
544 1608 657 1649 dicat
685 1608 826 1662 ignem
849 1622 939 1648 esse
960 1608 1232 1649 artificiosum
1251 1609 1303 1649 ad
1323 1609 1504 1664 gignen-

69 1663 174 1704 dum
193 1664 533 1720 progredientem
559 1665 633 1704 via.
665 1674 807 1704 censet
828 1664 937 1704 enim
961 1665 1060 1704 artis
1081 1666 1263 1705 maxime
1284 1666 1502 1720 proprium

68 1733 172 1771 esse,
194 1735 347 1772 creare,
369 1730 410 1761 et
434 1722 636 1776 gignere,
668 1721 868 1775 quodque
890 1721 931 1760 in
955 1720 1152 1775 operibus
1175 1731 1413 1763 nostrarum
1435 1737 1502 1764 ar·-

67 1776 175 1816 tium
206 1792 354 1818 manus
384 1778 549 1828 efficiat,
570 1777 614 1818 id
644 1777 780 1818 multo
810 1777 1074 1817 artificiosius
1106 1787 1297 1818 naturam
1322 1778 1502 1830 efficere,

66 1832 110 1872 id
141 1841 219 1883 est,
247 1842 295 1874 ut
320 1834 419 1885 dixi,
451 1835 593 1889 ignem
624 1833 912 1882 artificiosum,
938 1834 1190 1888 magistrum
1221 1835 1371 1875 artium
1404 1835 1502 1876 reli-

67 1903 260 1943 quarum.
320 1891 464 1945 Atque
484 1891 563 1930 hac
583 1889 754 1944 quidem
775 1889 934 1929 ratione
954 1891 1091 1930 omnis
1113 1900 1261 1931 natura
1279 1891 1503 1933 artificiosa

65 1954 144 1994 est,
160 1946 274 2000 quod
295 1945 421 1987 habet
443 1946 560 2001 quasi
580 1946 687 1986 viam
710 1945 918 2000 quandam
941 1956 983 1986 et
1004 1956 1177 1998 sectam,
1198 1962 1326 2002 quam
1349 1963 1501 2004 sequa-

66 2009 150 2041 tur.
212 2002 348 2056 Ipsius
370 2017 464 2043 vero
484 2002 648 2051 mundi,
669 2004 739 2056 qui
760 2002 902 2042 omnia
921 2003 1147 2057 complexu
1169 2018 1246 2044 suo
1266 2009 1437 2046 coercet
1457 2013 1499 2046 et
1510 2017 1561 2050 58

65 2057 269 2108 continet,
288 2068 435 2099 natura
455 2073 538 2098 non
553 2058 776 2098 artificiosa
790 2058 941 2108 solum,
961 2059 1033 2099 sed
1047 2059 1170 2115 plane
1190 2061 1338 2101 artifex
1353 2061 1407 2103 ab
1425 2076 1499 2104 eo-

65 2112 162 2153 dem
182 2114 354 2155 Zenone
367 2114 535 2164 dicitur,
548 2115 794 2164 consultrix,
809 2125 850 2155 et
864 2115 1036 2169 provida
1050 2116 1280 2158 utilitatum
1295 2128 1500 2173 opportu—
1509 2132 1542 2164 b.

64 2169 332 2225 nitatumque
354 2171 559 2211 omnium.
589 2170 733 2226 Atque
750 2174 797 2211 ut
814 2180 964 2212 ceterae
982 2180 1141 2213 naturae
1161 2174 1246 2214 suis
1268 2175 1499 2216 seminibus

65 2240 246 2281 quaeque
262 2228 512 2282 gignuntur,
527 2236 775 2281 augescunt,
792 2227 1081 2268 continentur:
1103 2230 1161 2269 sic
1181 2239 1330 2271 natura
1349 2232 1499 2272 mundi

64 2296 212 2323 omnes
233 2293 375 2324 motus
405 2284 532 2324 habet
552 2283 821 2334 voluntarios,
842 2292 1117 2339 conatusque,
1140 2295 1183 2326 et
1204 2287 1499 2342 appetitiones,

64 2352 168 2393 quas
188 2342 299 2395 ὁςμοὶς
322 2340 462 2380 Graeci
481 2348 645 2389 vocant,
665 2348 707 2379 et
727 2339 791 2380 his
813 2349 1112 2381 consentaneas
1133 2342 1319 2383 actiones
1341 2343 1400 2383 sic
1422 2344 1497 2385 ad-

61 2393 195 2445 hibet,
214 2404 262 2437 ut
280 2396 540 2450 nosmetipsi,
562 2396 634 2451 qui
653 2396 802 2436 animis
824 2410 1056 2446 movemur,
1077 2408 1120 2438 et
1140 2399 1345 2440 sensibus.
1383 2400 1498 2441 Talis

63 2450 194 2505 igitur
213 2466 330 2493 mens
351 2452 500 2493 mundi
519 2467 614 2493 cum
638 2452 705 2501 sit,
725 2453 781 2492 ob
802 2466 981 2507 eamque
997 2467 1168 2494 causam
1185 2455 1247 2495 vel
1263 2455 1498 2510 prudentia,

63 2507 129 2547 vel
148 2508 406 2561 providentia
425 2508 625 2564 appellari
646 2517 758 2549 recte
778 2509 924 2563 possit,
950 2510 1118 2563 (Graece
1138 2512 1250 2552 enim
1270 2512 1414 2567 πρόνοια
1434 2513 1498 2554 di-

63 2563 191 2610 citur)
213 2563 304 2605 haec
325 2565 592 2620 potissimum
618 2565 823 2619 providet,
844 2575 887 2606 et
917 2566 958 2606 in
989 2566 1053 2606 his
1083 2568 1264 2608 maxime
1286 2578 1349 2609 est
1368 2583 1498 2611 occu-

63 2628 178 2675 pata,
197 2619 379 2674 primum
410 2630 459 2662 ut
487 2621 670 2662 mundus
693 2636 818 2677 quam
839 2622 1079 2677 aptissimus
1102 2624 1155 2665 sit
1174 2624 1227 2665 ad
1247 2640 1496 2680 permanen-

107 2754 148 2782 69
170 2759 219 2778 nec
235 2750 352 2784 erratio,
369 2761 418 2779 nec
432 2751 563 2790 vasietas
579 2752 663 2791 inest]
683 2753 755 2783 Edi·
799 2764 921 2795 quaeque
938 2753 982 2783 his
997 2762 1108 2784 vacant
1125 2757 1184 2785 Ele.
1202 2763 1232 2785 et
1246 2756 1291 2786 sic
1307 2756 1367 2786 fuit
1383 2757 1415 2785 in
1433 2756 1496 2786 Ms.

63 2791 95 2820 di
110 2792 241 2822 varietas
264 2802 319 2832 pro
340 2793 428 2831 vulg.
444 2794 575 2830 vanitas,
591 2802 627 2825 ut
647 2796 716 2834 jam
739 2805 756 2825 e
800 2806 900 2836 marg.
918 2797 1031 2827 Lamb.
1047 2808 1074 2828 a.
1098 2808 1143 2828 m.
1165 2808 1212 2837 pr.
1235 2807 1313 2828 mox
1335 2808 1391 2838 pro
1414 2797 1496 2827 coele-

64 2834 129 2864 Ms.
146 2834 261 2865 Ellensi
277 2836 412 2865 correxit
427 2835 586 2868 Davisius.
800 2846 868 2867 stem
885 2839 985 2869 malui
1001 2839 1170 2877 coelcstium‚
1187 2847 1223 2870 ut
1245 2848 1275 2870 et
1298 2840 1416 2880 placuit
1432 2841 1496 2870 Da-

107 2881 147 2910 70
162 2877 328 2916 versantur]
348 2878 399 2908 Sic
414 2884 460 2908 est
474 2878 659 2917 legendum,
677 2890 755 2916 non,
797 2882 887 2911 visio.
911 2881 1068 2912 coelestium
1090 2883 1155 2913 ordo
1177 2885 1313 2914 occurrit
1332 2891 1362 2913 et
1383 2884 1421 2913 de
1442 2883 1495 2912 S&

64 2925 100 2949 ut
114 2919 210 2960 vulgo
225 2928 283 2959 est,
299 2927 447 2951 mersatur.
469 2921 599 2953 :effertus
615 2924 702 2954 enim
718 2924 757 2953 ad
801 2931 884 2954 nect.
898 2933 927 2955 c.
943 2932 995 2955 21.

795 2977 916 3020 032
