<?xml version="1.0" encoding="UTF-8"?>
<!DOCTYPE html PUBLIC "-//W3C//DTD XHTML 1.0 Transitional//EN"
    "http://www.w3.org/TR/xhtml1/DTD/xhtml1-transitional.dtd">
<html xmlns="http://www.w3.org/1999/xhtml" xml:lang="en" lang="en">
 <head>
  <title>
</title>
<meta http-equiv="Content-Type" content="text/html;charset=utf-8" />
  <meta name='ocr-system' content='tesseract 3.04.00' />
  <meta name='ocr-capabilities' content='ocr_page ocr_carea ocr_par ocr_line ocrx_word'/>
</head>
<body>
  <div class='ocr_page' id='page_1' title='image "./p1operaomnia04ciceuoft_0586.png"; bbox 0 0 1778 3095; ppageno 0'>
   <div class='ocr_carea' id='block_1_1' title="bbox 264 147 1257 196">
    <p class='ocr_par' dir='ltr' id='par_1_1' title="bbox 264 147 1257 196">
     <span class='ocr_line' id='line_1_1' title="bbox 264 147 1257 196; baseline -0.001 -8"><span class='ocrx_word' id='word_1_1' title='bbox 264 156 340 196; x_wconf 82' lang='grc'>578</span> <span class='ocrx_word' id='word_1_2' title='bbox 705 149 785 187; x_wconf 78' lang='lat' dir='ltr'>DE</span> <span class='ocrx_word' id='word_1_3' title='bbox 824 147 1257 188; x_wconf 81' lang='lat' dir='ltr'>DIVINATIONE</span> 
     </span>
    </p>
   </div>
   <div class='ocr_carea' id='block_1_2' title="bbox 187 257 1711 1680">
    <p class='ocr_par' dir='ltr' id='par_1_2' title="bbox 187 257 1709 1163">
     <span class='ocr_line' id='line_1_2' title="bbox 263 257 1695 315; baseline 0.001 -16"><span class='ocrx_word' id='word_1_4' title='bbox 263 257 497 314; x_wconf 76' lang='lat' dir='ltr'><strong>sapientem</strong></span> <span class='ocrx_word' id='word_1_5' title='bbox 516 270 620 307; x_wconf 90' lang='lat' dir='ltr'>esse,</span> <span class='ocrx_word' id='word_1_6' title='bbox 642 265 887 313; x_wconf 83' lang='lat' dir='ltr'>portentum</span> <span class='ocrx_word' id='word_1_7' title='bbox 907 267 983 301; x_wconf 82' lang='lat' dir='ltr'>est.</span> <span class='ocrx_word' id='word_1_8' title='bbox 1004 259 1156 315; x_wconf 90' lang='lat' dir='ltr'>saepius</span> <span class='ocrx_word' id='word_1_9' title='bbox 1176 258 1285 300; x_wconf 88' lang='lat' dir='ltr'>enim</span> <span class='ocrx_word' id='word_1_10' title='bbox 1307 257 1466 300; x_wconf 86' lang='lat' dir='ltr'>mulam</span> <span class='ocrx_word' id='word_1_11' title='bbox 1488 258 1695 315; x_wconf 80' lang='lat' dir='ltr'>peperisse</span> 
     </span>
     <span class='ocr_line' id='line_1_3' title="bbox 264 312 1698 370; baseline 0 -14"><span class='ocrx_word' id='word_1_12' title='bbox 264 315 458 366; x_wconf 82' lang='lat' dir='ltr'>arbitror,</span> <span class='ocrx_word' id='word_1_13' title='bbox 486 329 612 369; x_wconf 87' lang='lat' dir='ltr'>quam</span> <span class='ocrx_word' id='word_1_14' title='bbox 641 312 869 370; x_wconf 82' lang='lat' dir='ltr'>sapientem</span> <span class='ocrx_word' id='word_1_15' title='bbox 896 316 1037 357; x_wconf 87' lang='lat' dir='ltr'>fuisse.</span> <span class='ocrx_word' id='word_1_16' title='bbox 1097 315 1176 357; x_wconf 87' lang='lat' dir='ltr'>Illa</span> <span class='ocrx_word' id='word_1_17' title='bbox 1204 315 1333 370; x_wconf 89' lang='lat' dir='ltr'>igitur</span> <span class='ocrx_word' id='word_1_18' title='bbox 1352 315 1460 356; x_wconf 73' lang='lat' dir='ltr'>‘ratio</span> <span class='ocrx_word' id='word_1_19' title='bbox 1480 314 1698 356; x_wconf 88' lang='lat' dir='ltr'>concludi-</span> 
     </span>
     <span class='ocr_line' id='line_1_4' title="bbox 266 370 1700 428; baseline 0.001 -15"><span class='ocrx_word' id='word_1_20' title='bbox 266 380 349 422; x_wconf 87' lang='lat' dir='ltr'>tur,</span> <span class='ocrx_word' id='word_1_21' title='bbox 379 387 456 413; x_wconf 89' lang='lat' dir='ltr'>nec</span> <span class='ocrx_word' id='word_1_22' title='bbox 487 370 543 421; x_wconf 87' lang='lat' dir='ltr'>id,</span> <span class='ocrx_word' id='word_1_23' title='bbox 575 370 690 426; x_wconf 89' lang='lat' dir='ltr'>quod</span> <span class='ocrx_word' id='word_1_24' title='bbox 720 386 804 412; x_wconf 89' lang='lat' dir='ltr'>non</span> <span class='ocrx_word' id='word_1_25' title='bbox 832 373 1016 428; x_wconf 83' lang='lat' dir='ltr'>potuerit</span> <span class='ocrx_word' id='word_1_26' title='bbox 1046 372 1147 423; x_wconf 81' lang='lat' dir='ltr'>fieri,</span> <span class='ocrx_word' id='word_1_27' title='bbox 1173 372 1333 413; x_wconf 86' lang='lat' dir='ltr'>factum</span> <span class='ocrx_word' id='word_1_28' title='bbox 1354 386 1558 427; x_wconf 87' lang='lat' dir='ltr'>umquam</span> <span class='ocrx_word' id='word_1_29' title='bbox 1578 386 1700 414; x_wconf 78' lang='lat' dir='ltr'>esse:</span> 
     </span>
     <span class='ocr_line' id='line_1_5' title="bbox 267 427 1700 484; baseline 0 -15"><span class='ocrx_word' id='word_1_30' title='bbox 267 439 359 480; x_wconf 86' lang='lat' dir='ltr'>nec,</span> <span class='ocrx_word' id='word_1_31' title='bbox 381 427 496 484; x_wconf 89' lang='lat' dir='ltr'>quod</span> <span class='ocrx_word' id='word_1_32' title='bbox 523 427 721 483; x_wconf 89' lang='lat' dir='ltr'>potuerit,</span> <span class='ocrx_word' id='word_1_33' title='bbox 750 428 791 469; x_wconf 92' lang='lat' dir='ltr'>id</span> <span class='ocrx_word' id='word_1_34' title='bbox 819 436 1062 484; x_wconf 85' lang='lat' dir='ltr'>portentum</span> <span class='ocrx_word' id='word_1_35' title='bbox 1090 443 1181 470; x_wconf 89' lang='lat' dir='ltr'>esse</span> <span class='ocrx_word' id='word_1_36' title='bbox 1204 446 1212 469; x_wconf 92' lang='lat'><strong>:</strong></span> <span class='ocrx_word' id='word_1_37' title='bbox 1245 430 1303 470; x_wconf 87' lang='lat' dir='ltr'>ita</span> <span class='ocrx_word' id='word_1_38' title='bbox 1329 428 1503 470; x_wconf 89' lang='lat' dir='ltr'>omnino</span> <span class='ocrx_word' id='word_1_39' title='bbox 1534 428 1700 470; x_wconf 88' lang='lat' dir='ltr'>nullum</span> 
     </span>
     <span class='ocr_line' id='line_1_6' title="bbox 203 484 1703 542; baseline -0.001 -16"><span class='ocrx_word' id='word_1_40' title='bbox 203 489 254 526; x_wconf 82' lang='lat'>62</span> <span class='ocrx_word' id='word_1_41' title='bbox 267 499 357 526; x_wconf 88' lang='lat' dir='ltr'>esse</span> <span class='ocrx_word' id='word_1_42' title='bbox 379 493 637 540; x_wconf 84' lang='lat' dir='ltr'>portentum.</span> <span class='ocrx_word' id='word_1_43' title='bbox 697 484 827 526; x_wconf 80' lang='lat' dir='ltr'>&#39;Quod</span> <span class='ocrx_word' id='word_1_44' title='bbox 856 485 983 526; x_wconf 88' lang='lat' dir='ltr'>etiam</span> <span class='ocrx_word' id='word_1_45' title='bbox 1004 485 1220 540; x_wconf 88' lang='lat' dir='ltr'>conjector</span> <span class='ocrx_word' id='word_1_46' title='bbox 1241 485 1412 542; x_wconf 89' lang='lat' dir='ltr'>quidam</span> <span class='ocrx_word' id='word_1_47' title='bbox 1432 493 1475 527; x_wconf 90' lang='lat' dir='ltr'>et</span> <span class='ocrx_word' id='word_1_48' title='bbox 1496 484 1703 540; x_wconf 80' lang='lat' dir='ltr'>interpres</span> 
     </span>
     <span class='ocr_line' id='line_1_7' title="bbox 265 540 1700 598; baseline 0 -16"><span class='ocrx_word' id='word_1_49' title='bbox 265 549 560 598; x_wconf 88' lang='lat' dir='ltr'>portentorum</span> <span class='ocrx_word' id='word_1_50' title='bbox 599 556 683 582; x_wconf 89' lang='lat' dir='ltr'>non</span> <span class='ocrx_word' id='word_1_51' title='bbox 721 541 869 582; x_wconf 88' lang='lat' dir='ltr'>inscite</span> <span class='ocrx_word' id='word_1_52' title='bbox 906 541 1172 596; x_wconf 86' lang='lat' dir='ltr'>respondisse</span> <span class='ocrx_word' id='word_1_53' title='bbox 1210 542 1365 584; x_wconf 88' lang='lat' dir='ltr'>dicitur</span> <span class='ocrx_word' id='word_1_54' title='bbox 1402 541 1455 593; x_wconf 90' lang='lat' dir='ltr'>ei,</span> <span class='ocrx_word' id='word_1_55' title='bbox 1487 541 1612 598; x_wconf 80' lang='lat' dir='ltr'>⁵0qui</span> <span class='ocrx_word' id='word_1_56' title='bbox 1647 540 1700 582; x_wconf 88' lang='lat' dir='ltr'>ad</span> 
     </span>
     <span class='ocr_line' id='line_1_8' title="bbox 265 597 1702 654; baseline -0.001 -15"><span class='ocrx_word' id='word_1_57' title='bbox 265 612 363 639; x_wconf 88' lang='lat' dir='ltr'>eum</span> <span class='ocrx_word' id='word_1_58' title='bbox 394 597 619 647; x_wconf 82' lang='lat' dir='ltr'>retulisset,</span> <span class='ocrx_word' id='word_1_59' title='bbox 651 597 769 654; x_wconf 82' lang='lat' dir='ltr'>quasi</span> <span class='ocrx_word' id='word_1_60' title='bbox 799 606 1027 648; x_wconf 87' lang='lat' dir='ltr'>ostentum,</span> <span class='ocrx_word' id='word_1_61' title='bbox 1059 598 1175 653; x_wconf 90' lang='lat' dir='ltr'>quod</span> <span class='ocrx_word' id='word_1_62' title='bbox 1203 599 1353 654; x_wconf 79' lang='lat' dir='ltr'>anguis</span> <span class='ocrx_word' id='word_1_63' title='bbox 1384 598 1501 640; x_wconf 91' lang='lat' dir='ltr'>dorni</span> <span class='ocrx_word' id='word_1_64' title='bbox 1537 601 1702 639; x_wconf 82' lang='lat' dir='ltr'>vectem</span> 
     </span>
     <span class='ocr_line' id='line_1_9' title="bbox 266 653 1703 711; baseline 0 -17"><span class='ocrx_word' id='word_1_65' title='bbox 266 654 564 711; x_wconf 86' lang='lat' dir='ltr'>circumjectus</span> <span class='ocrx_word' id='word_1_66' title='bbox 592 655 754 704; x_wconf 85' lang='lat' dir='ltr'>fuisset,</span> <span class='ocrx_word' id='word_1_67' title='bbox 775 662 867 695; x_wconf 88' lang='lat' dir='ltr'>tum</span> <span class='ocrx_word' id='word_1_68' title='bbox 895 659 1020 703; x_wconf 88' lang='lat' dir='ltr'>esset,</span> <span class='ocrx_word' id='word_1_69' title='bbox 1043 653 1191 710; x_wconf 84' lang='lat' dir='ltr'>inquit,</span> <span class='ocrx_word' id='word_1_70' title='bbox 1213 664 1440 706; x_wconf 88' lang='lat' dir='ltr'>ostentum,</span> <span class='ocrx_word' id='word_1_71' title='bbox 1462 655 1496 696; x_wconf 91' lang='lat' dir='ltr'>si</span> <span class='ocrx_word' id='word_1_72' title='bbox 1516 656 1703 710; x_wconf 81' lang='lat' dir='ltr'>anguem</span> 
     </span>
     <span class='ocr_line' id='line_1_10' title="bbox 266 709 1702 767; baseline 0 -16"><span class='ocrx_word' id='word_1_73' title='bbox 266 711 394 753; x_wconf 82' lang='lat' dir='ltr'>vectis</span> <span class='ocrx_word' id='word_1_74' title='bbox 419 710 827 766; x_wconf 88' lang='lat' dir='ltr'>circumplicavisset.</span> <span class='ocrx_word' id='word_1_75' title='bbox 889 711 988 752; x_wconf 89' lang='lat' dir='ltr'>Hoc</span> <span class='ocrx_word' id='word_1_76' title='bbox 1017 709 1086 750; x_wconf 88' lang='lat' dir='ltr'>ille</span> <span class='ocrx_word' id='word_1_77' title='bbox 1115 713 1316 766; x_wconf 88' lang='lat' dir='ltr'>responso</span> <span class='ocrx_word' id='word_1_78' title='bbox 1344 713 1443 753; x_wconf 88' lang='lat' dir='ltr'>satis</span> <span class='ocrx_word' id='word_1_79' title='bbox 1464 720 1607 767; x_wconf 89' lang='lat' dir='ltr'>aperte</span> <span class='ocrx_word' id='word_1_80' title='bbox 1627 709 1702 751; x_wconf 89' lang='lat' dir='ltr'>de-</span> 
     </span>
     <span class='ocr_line' id='line_1_11' title="bbox 268 766 1703 823; baseline -0.001 -14"><span class='ocrx_word' id='word_1_81' title='bbox 268 767 451 818; x_wconf 78' lang='lat' dir='ltr'>claravit,</span> <span class='ocrx_word' id='word_1_82' title='bbox 482 766 585 808; x_wconf 89' lang='lat' dir='ltr'>nihil</span> <span class='ocrx_word' id='word_1_83' title='bbox 614 766 857 807; x_wconf 80' lang='lat' dir='ltr'>habendum</span> <span class='ocrx_word' id='word_1_84' title='bbox 887 781 977 808; x_wconf 89' lang='lat' dir='ltr'>esse</span> <span class='ocrx_word' id='word_1_85' title='bbox 1007 766 1264 822; x_wconf 74' lang='lat' dir='ltr'>portentum,</span> <span class='ocrx_word' id='word_1_86' title='bbox 1282 767 1398 823; x_wconf 91' lang='lat' dir='ltr'>quod</span> <span class='ocrx_word' id='word_1_87' title='bbox 1428 768 1516 809; x_wconf 88' lang='lat' dir='ltr'>fieri</span> <span class='ocrx_word' id='word_1_88' title='bbox 1545 775 1703 823; x_wconf 85' lang='lat' dir='ltr'>posset.</span> 
     </span>
     <span class='ocr_line' id='line_1_12' title="bbox 187 822 1705 880; baseline -0.001 -14"><span class='ocrx_word' id='word_1_89' title='bbox 187 823 257 878; x_wconf 67' lang='lat'>29</span> <span class='ocrx_word' id='word_1_90' title='bbox 271 824 322 866; x_wconf 90' lang='lat' dir='ltr'>C.</span> <span class='ocrx_word' id='word_1_91' title='bbox 356 824 574 865; x_wconf 82' lang='lat' dir='ltr'>Gracchus</span> <span class='ocrx_word' id='word_1_92' title='bbox 604 823 657 863; x_wconf 92' lang='lat' dir='ltr'>ad</span> <span class='ocrx_word' id='word_1_93' title='bbox 689 824 754 864; x_wconf 91' lang='lat' dir='ltr'>M.</span> <span class='ocrx_word' id='word_1_94' title='bbox 778 824 1060 879; x_wconf 87' lang='lat' dir='ltr'>Pomponium</span> <span class='ocrx_word' id='word_1_95' title='bbox 1090 823 1269 879; x_wconf 81' lang='lat' dir='ltr'>scripsit,</span> <span class='ocrx_word' id='word_1_96' title='bbox 1300 822 1465 865; x_wconf 91' lang='lat' dir='ltr'>duobus</span> <span class='ocrx_word' id='word_1_97' title='bbox 1495 823 1705 880; x_wconf 84' lang='lat' dir='ltr'>anguibus</span> 
     </span>
     <span class='ocr_line' id='line_1_13' title="bbox 270 879 1704 936; baseline -0.001 -14"><span class='ocrx_word' id='word_1_98' title='bbox 270 881 384 922; x_wconf 85' lang='lat' dir='ltr'>domi</span> <span class='ocrx_word' id='word_1_99' title='bbox 407 879 737 935; x_wconf 88' lang='lat' dir='ltr'>comprehensis,</span> <span class='ocrx_word' id='word_1_100' title='bbox 757 879 999 935; x_wconf 88' lang='lat' dir='ltr'>haruspices</span> <span class='ocrx_word' id='word_1_101' title='bbox 1016 895 1040 921; x_wconf 91' lang='lat' dir='ltr'>a</span> <span class='ocrx_word' id='word_1_102' title='bbox 1059 888 1177 935; x_wconf 90' lang='lat' dir='ltr'>patre</span> <span class='ocrx_word' id='word_1_103' title='bbox 1198 888 1466 922; x_wconf 89' lang='lat' dir='ltr'>convocatos.</span> <span class='ocrx_word' id='word_1_104' title='bbox 1503 882 1591 936; x_wconf 66' lang='lat' dir='ltr'>Qui</span> <span class='ocrx_word' id='word_1_105' title='bbox 1612 893 1704 921; x_wconf 90' lang='lat' dir='ltr'>ma-</span> 
     </span>
     <span class='ocr_line' id='line_1_14' title="bbox 268 935 1706 993; baseline -0.001 -15"><span class='ocrx_word' id='word_1_106' title='bbox 268 937 335 993; x_wconf 86' lang='lat' dir='ltr'>gis</span> <span class='ocrx_word' id='word_1_107' title='bbox 363 937 589 992; x_wconf 82' lang='lat' dir='ltr'>anguibus,</span> <span class='ocrx_word' id='word_1_108' title='bbox 611 951 735 993; x_wconf 88' lang='lat' dir='ltr'>quam</span> <span class='ocrx_word' id='word_1_109' title='bbox 768 936 950 988; x_wconf 89' lang='lat' dir='ltr'>lacertis,</span> <span class='ocrx_word' id='word_1_110' title='bbox 971 936 1098 993; x_wconf 87' lang='lat' dir='ltr'>quam</span> <span class='ocrx_word' id='word_1_111' title='bbox 1123 936 1344 978; x_wconf 86' lang='lat' dir='ltr'>muribus?</span> <span class='ocrx_word' id='word_1_112' title='bbox 1378 936 1477 992; x_wconf 88' lang='lat' dir='ltr'>quia</span> <span class='ocrx_word' id='word_1_113' title='bbox 1497 935 1596 977; x_wconf 73' lang='lat' dir='ltr'>s‘un&#39;t</span> <span class='ocrx_word' id='word_1_114' title='bbox 1613 936 1706 978; x_wconf 88' lang='lat' dir='ltr'>haec</span> 
     </span>
     <span class='ocr_line' id='line_1_15' title="bbox 270 991 1707 1050; baseline -0.001 -15"><span class='ocrx_word' id='word_1_115' title='bbox 270 993 527 1050; x_wconf 85' lang='lat' dir='ltr'>quotidiana,</span> <span class='ocrx_word' id='word_1_116' title='bbox 558 1008 718 1049; x_wconf 88' lang='lat' dir='ltr'>angues</span> <span class='ocrx_word' id='word_1_117' title='bbox 749 1008 833 1035; x_wconf 90' lang='lat' dir='ltr'>non</span> <span class='ocrx_word' id='word_1_118' title='bbox 862 992 980 1035; x_wconf 89' lang='lat' dir='ltr'>item.</span> <span class='ocrx_word' id='word_1_119' title='bbox 1012 993 1130 1050; x_wconf 84' lang='lat' dir='ltr'>quasi</span> <span class='ocrx_word' id='word_1_120' title='bbox 1159 1008 1257 1034; x_wconf 88' lang='lat' dir='ltr'>vero</span> <span class='ocrx_word' id='word_1_121' title='bbox 1287 992 1454 1044; x_wconf 87' lang='lat' dir='ltr'>referat,</span> <span class='ocrx_word' id='word_1_122' title='bbox 1475 991 1591 1049; x_wconf 87' lang='lat' dir='ltr'>quod</span> <span class='ocrx_word' id='word_1_123' title='bbox 1620 992 1707 1033; x_wconf 84' lang='lat' dir='ltr'>fieri</span> 
     </span>
     <span class='ocr_line' id='line_1_16' title="bbox 269 1048 1707 1107; baseline -0.001 -16"><span class='ocrx_word' id='word_1_124' title='bbox 269 1059 426 1107; x_wconf 87' lang='lat' dir='ltr'>potest,</span> <span class='ocrx_word' id='word_1_125' title='bbox 447 1065 575 1107; x_wconf 88' lang='lat' dir='ltr'>quarn</span> <span class='ocrx_word' id='word_1_126' title='bbox 596 1051 637 1091; x_wconf 88' lang='lat' dir='ltr'>id</span> <span class='ocrx_word' id='word_1_127' title='bbox 664 1065 773 1106; x_wconf 84' lang='lat' dir='ltr'>saepe</span> <span class='ocrx_word' id='word_1_128' title='bbox 794 1051 879 1092; x_wconf 90' lang='lat' dir='ltr'>fiat.</span> <span class='ocrx_word' id='word_1_129' title='bbox 938 1052 1035 1107; x_wconf 91' lang='lat' dir='ltr'>Ego</span> <span class='ocrx_word' id='word_1_130' title='bbox 1055 1059 1197 1092; x_wconf 89' lang='lat' dir='ltr'>tamen</span> <span class='ocrx_word' id='word_1_131' title='bbox 1218 1050 1363 1101; x_wconf 88' lang='lat' dir='ltr'>miror,</span> <span class='ocrx_word' id='word_1_132' title='bbox 1385 1050 1420 1091; x_wconf 88' lang='lat' dir='ltr'>si</span> <span class='ocrx_word' id='word_1_133' title='bbox 1437 1049 1610 1091; x_wconf 78' lang='lat' dir='ltr'>&#39;emissio</span> <span class='ocrx_word' id='word_1_134' title='bbox 1630 1048 1707 1089; x_wconf 85' lang='lat' dir='ltr'>fae-</span> 
     </span>
     <span class='ocr_line' id='line_1_17' title="bbox 270 1106 1709 1163; baseline -0.001 -15"><span class='ocrx_word' id='word_1_135' title='bbox 270 1107 395 1148; x_wconf 68' lang='lat' dir='ltr'>m‘inae</span> <span class='ocrx_word' id='word_1_136' title='bbox 421 1107 571 1163; x_wconf 86' lang='lat' dir='ltr'>anguis</span> <span class='ocrx_word' id='word_1_137' title='bbox 597 1117 778 1149; x_wconf 88' lang='lat' dir='ltr'>mortem</span> <span class='ocrx_word' id='word_1_138' title='bbox 810 1107 1011 1148; x_wconf 83' lang='lat' dir='ltr'>afferebat</span> <span class='ocrx_word' id='word_1_139' title='bbox 1029 1107 1095 1148; x_wconf 89' lang='lat' dir='ltr'>Ti.</span> <span class='ocrx_word' id='word_1_140' title='bbox 1119 1107 1345 1157; x_wconf 83' lang='lat' dir='ltr'>Gracch03</span> <span class='ocrx_word' id='word_1_141' title='bbox 1376 1106 1545 1147; x_wconf 88' lang='lat' dir='ltr'>emissio</span> <span class='ocrx_word' id='word_1_142' title='bbox 1565 1113 1709 1147; x_wconf 89' lang='lat' dir='ltr'>autem</span> 
     </span>
    </p>

    <p class='ocr_par' dir='ltr' id='par_1_3' title="bbox 208 1161 1711 1680">
     <span class='ocr_line' id='line_1_18' title="bbox 227 1161 1711 1220; baseline -0.001 -16"><span class='ocrx_word' id='word_1_143' title='bbox 227 1167 259 1198; x_wconf 91' lang='lat' dir='ltr'>b.</span> <span class='ocrx_word' id='word_1_144' title='bbox 271 1164 396 1205; x_wconf 87' lang='lat' dir='ltr'>maris</span> <span class='ocrx_word' id='word_1_145' title='bbox 426 1165 577 1220; x_wconf 88' lang='lat' dir='ltr'>anguis</span> <span class='ocrx_word' id='word_1_146' title='bbox 606 1173 695 1205; x_wconf 90' lang='lat' dir='ltr'>erat</span> <span class='ocrx_word' id='word_1_147' title='bbox 724 1164 943 1206; x_wconf 86' lang='lat' dir='ltr'>mortifera</span> <span class='ocrx_word' id='word_1_148' title='bbox 974 1164 1198 1214; x_wconf 87' lang='lat' dir='ltr'>Corneliae,</span> <span class='ocrx_word' id='word_1_149' title='bbox 1228 1178 1303 1205; x_wconf 90' lang='lat' dir='ltr'>cur</span> <span class='ocrx_word' id='word_1_150' title='bbox 1331 1163 1575 1204; x_wconf 87' lang='lat' dir='ltr'>alterutram</span> <span class='ocrx_word' id='word_1_151' title='bbox 1604 1161 1711 1203; x_wconf 84' lang='lat' dir='ltr'>emi·-</span> 
     </span>
     <span class='ocr_line' id='line_1_19' title="bbox 271 1220 1708 1276; baseline -0.001 -15"><span class='ocrx_word' id='word_1_152' title='bbox 271 1220 385 1262; x_wconf 82' lang='lat' dir='ltr'>serit.</span> <span class='ocrx_word' id='word_1_153' title='bbox 407 1221 511 1261; x_wconf 88' lang='lat' dir='ltr'>nihil</span> <span class='ocrx_word' id='word_1_154' title='bbox 532 1221 643 1261; x_wconf 85' lang='lat' dir='ltr'>enim</span> <span class='ocrx_word' id='word_1_155' title='bbox 676 1221 821 1262; x_wconf 89' lang='lat' dir='ltr'>scribit</span> <span class='ocrx_word' id='word_1_156' title='bbox 845 1220 1109 1276; x_wconf 89' lang='lat' dir='ltr'>respondisse</span> <span class='ocrx_word' id='word_1_157' title='bbox 1134 1220 1391 1276; x_wconf 87' lang='lat' dir='ltr'>haruspices,</span> <span class='ocrx_word' id='word_1_158' title='bbox 1412 1220 1447 1261; x_wconf 88' lang='lat' dir='ltr'>si</span> <span class='ocrx_word' id='word_1_159' title='bbox 1466 1228 1615 1261; x_wconf 89' lang='lat' dir='ltr'>neuter</span> <span class='ocrx_word' id='word_1_160' title='bbox 1632 1233 1708 1260; x_wconf 88' lang='lat' dir='ltr'>an-</span> 
     </span>
     <span class='ocr_line' id='line_1_20' title="bbox 269 1276 1710 1333; baseline -0.001 -15"><span class='ocrx_word' id='word_1_161' title='bbox 269 1277 367 1332; x_wconf 84' lang='lat' dir='ltr'>guis</span> <span class='ocrx_word' id='word_1_162' title='bbox 397 1277 574 1318; x_wconf 87' lang='lat' dir='ltr'>emissus</span> <span class='ocrx_word' id='word_1_163' title='bbox 604 1286 727 1327; x_wconf 89' lang='lat' dir='ltr'>esset,</span> <span class='ocrx_word' id='word_1_164' title='bbox 748 1276 850 1333; x_wconf 86' lang='lat' dir='ltr'>quid</span> <span class='ocrx_word' id='word_1_165' title='bbox 878 1285 988 1318; x_wconf 90' lang='lat' dir='ltr'>esset</span> <span class='ocrx_word' id='word_1_166' title='bbox 1016 1277 1222 1318; x_wconf 86' lang='lat' dir='ltr'>futurum.</span> <span class='ocrx_word' id='word_1_167' title='bbox 1281 1276 1342 1317; x_wconf 81' lang='lat' dir='ltr'>At</span> <span class='ocrx_word' id='word_1_168' title='bbox 1377 1285 1492 1318; x_wconf 86' lang='lat' dir='ltr'>mors</span> <span class='ocrx_word' id='word_1_169' title='bbox 1519 1276 1710 1317; x_wconf 75' lang='lat' dir='ltr'>insecuta</span> 
     </span>
     <span class='ocr_line' id='line_1_21' title="bbox 272 1331 1711 1390; baseline -0.001 -16"><span class='ocrx_word' id='word_1_170' title='bbox 272 1334 516 1374; x_wconf 86' lang='lat' dir='ltr'>Gracchum</span> <span class='ocrx_word' id='word_1_171' title='bbox 537 1342 614 1374; x_wconf 88' lang='lat' dir='ltr'>est.</span> <span class='ocrx_word' id='word_1_172' title='bbox 675 1334 816 1375; x_wconf 88' lang='lat' dir='ltr'>Causa</span> <span class='ocrx_word' id='word_1_173' title='bbox 835 1334 1022 1390; x_wconf 88' lang='lat' dir='ltr'>quidem,</span> <span class='ocrx_word' id='word_1_174' title='bbox 1040 1333 1184 1383; x_wconf 90' lang='lat' dir='ltr'>credo,</span> <span class='ocrx_word' id='word_1_175' title='bbox 1214 1332 1354 1388; x_wconf 87' lang='lat' dir='ltr'>aliqua</span> <span class='ocrx_word' id='word_1_176' title='bbox 1376 1331 1519 1374; x_wconf 65' lang='lat' dir='ltr'>&#39;morbi</span> <span class='ocrx_word' id='word_1_177' title='bbox 1546 1331 1711 1388; x_wconf 87' lang='lat' dir='ltr'>gravio-</span> 
     </span>
     <span class='ocr_line' id='line_1_22' title="bbox 269 1387 1710 1447; baseline -0.002 -16"><span class='ocrx_word' id='word_1_178' title='bbox 269 1390 339 1441; x_wconf 88' lang='lat' dir='ltr'>ris,</span> <span class='ocrx_word' id='word_1_179' title='bbox 363 1405 446 1431; x_wconf 92' lang='lat' dir='ltr'>non</span> <span class='ocrx_word' id='word_1_180' title='bbox 478 1391 703 1432; x_wconf 86' lang='lat' dir='ltr'>emissione</span> <span class='ocrx_word' id='word_1_181' title='bbox 737 1391 954 1447; x_wconf 89' lang='lat' dir='ltr'>serpentis.</span> <span class='ocrx_word' id='word_1_182' title='bbox 975 1405 1113 1446; x_wconf 88' lang='lat' dir='ltr'>neque</span> <span class='ocrx_word' id='word_1_183' title='bbox 1133 1389 1247 1431; x_wconf 88' lang='lat' dir='ltr'>enirn</span> <span class='ocrx_word' id='word_1_184' title='bbox 1267 1398 1384 1431; x_wconf 82' lang='lat' dir='ltr'>tanta</span> <span class='ocrx_word' id='word_1_185' title='bbox 1402 1397 1466 1430; x_wconf 88' lang='lat' dir='ltr'>est</span> <span class='ocrx_word' id='word_1_186' title='bbox 1486 1387 1710 1429; x_wconf 85' lang='lat' dir='ltr'>infelicitas</span> 
     </span>
     <span class='ocr_line' id='line_1_23' title="bbox 270 1445 1708 1504; baseline -0.002 -16"><span class='ocrx_word' id='word_1_187' title='bbox 270 1447 556 1502; x_wconf 87' lang='lat' dir='ltr'>haruspicum,</span> <span class='ocrx_word' id='word_1_188' title='bbox 577 1456 625 1488; x_wconf 93' lang='lat' dir='ltr'>ut</span> <span class='ocrx_word' id='word_1_189' title='bbox 649 1461 700 1488; x_wconf 92' lang='lat' dir='ltr'>ne</span> <span class='ocrx_word' id='word_1_190' title='bbox 733 1462 834 1488; x_wconf 92' lang='lat' dir='ltr'>casu</span> <span class='ocrx_word' id='word_1_191' title='bbox 867 1447 1040 1504; x_wconf 89' lang='lat' dir='ltr'>quidem</span> <span class='ocrx_word' id='word_1_192' title='bbox 1068 1461 1254 1503; x_wconf 88' lang='lat' dir='ltr'>unquam</span> <span class='ocrx_word' id='word_1_193' title='bbox 1277 1446 1362 1497; x_wconf 86' lang='lat' dir='ltr'>fiat,</span> <span class='ocrx_word' id='word_1_194' title='bbox 1383 1445 1499 1502; x_wconf 89' lang='lat' dir='ltr'>quod</span> <span class='ocrx_word' id='word_1_195' title='bbox 1517 1445 1708 1487; x_wconf 84' lang='lat' dir='ltr'>futurum</span> 
     </span>
     <span class='ocr_line' id='line_1_24' title="bbox 208 1500 1710 1558; baseline -0.001 -14"><span class='ocrx_word' id='word_1_196' title='bbox 208 1500 256 1536; x_wconf 72' lang='lat'>63</span> <span class='ocrx_word' id='word_1_197' title='bbox 271 1503 331 1545; x_wconf 94' lang='lat' dir='ltr'>illi</span> <span class='ocrx_word' id='word_1_198' title='bbox 367 1519 458 1557; x_wconf 85' lang='lat' dir='ltr'>esse</span> <span class='ocrx_word' id='word_1_199' title='bbox 496 1504 687 1557; x_wconf 79' lang='lat' dir='ltr'>dixerint.</span> <span class='ocrx_word' id='word_1_200' title='bbox 746 1505 862 1545; x_wconf 87' lang='lat' dir='ltr'>Nam</span> <span class='ocrx_word' id='word_1_201' title='bbox 896 1504 1002 1545; x_wconf 90' lang='lat' dir='ltr'>illud</span> <span class='ocrx_word' id='word_1_202' title='bbox 1034 1504 1223 1554; x_wconf 82' lang='lat' dir='ltr'>mirarer,</span> <span class='ocrx_word' id='word_1_203' title='bbox 1254 1502 1287 1544; x_wconf 91' lang='lat' dir='ltr'>si</span> <span class='ocrx_word' id='word_1_204' title='bbox 1326 1502 1555 1553; x_wconf 89' lang='lat' dir='ltr'>crederem,</span> <span class='ocrx_word' id='word_1_205' title='bbox 1593 1500 1710 1558; x_wconf 91' lang='lat' dir='ltr'>quod</span> 
     </span>
     <span class='ocr_line' id='line_1_25' title="bbox 270 1560 1710 1616; baseline -0.003 -15"><span class='ocrx_word' id='word_1_206' title='bbox 270 1560 382 1616; x_wconf 88' lang='lat' dir='ltr'>apud</span> <span class='ocrx_word' id='word_1_207' title='bbox 417 1561 657 1603; x_wconf 83' lang='lat' dir='ltr'>Homerum</span> <span class='ocrx_word' id='word_1_208' title='bbox 699 1561 980 1602; x_wconf 86' lang='lat' dir='ltr'>Calchantem</span> <span class='ocrx_word' id='word_1_209' title='bbox 1018 1560 1160 1602; x_wconf 82' lang='lat' dir='ltr'>dixisti</span> <span class='ocrx_word' id='word_1_210' title='bbox 1198 1574 1249 1601; x_wconf 83' lang='lat' dir='ltr'>ex</span> <span class='ocrx_word' id='word_1_211' title='bbox 1283 1573 1498 1615; x_wconf 89' lang='lat' dir='ltr'>passerum</span> <span class='ocrx_word' id='word_1_212' title='bbox 1533 1571 1710 1599; x_wconf 88' lang='lat' dir='ltr'>nurnero</span> 
     </span>
     <span class='ocr_line' id='line_1_26' title="bbox 268 1612 1709 1680; baseline -0.002 -23"><span class='ocrx_word' id='word_1_213' title='bbox 268 1617 369 1658; x_wconf 88' lang='lat' dir='ltr'>belli</span> <span class='ocrx_word' id='word_1_214' title='bbox 387 1617 561 1673; x_wconf 87' lang='lat' dir='ltr'>Trojani</span> <span class='ocrx_word' id='word_1_215' title='bbox 581 1632 713 1659; x_wconf 88' lang='lat' dir='ltr'>annos</span> <span class='ocrx_word' id='word_1_216' title='bbox 732 1626 1012 1674; x_wconf 86' lang='lat' dir='ltr'>auguratum:</span> <span class='ocrx_word' id='word_1_217' title='bbox 1036 1617 1088 1660; x_wconf 81' lang='lat' dir='ltr'>de</span> <span class='ocrx_word' id='word_1_218' title='bbox 1109 1616 1231 1674; x_wconf 90' lang='lat' dir='ltr'>cujus</span> <span class='ocrx_word' id='word_1_219' title='bbox 1251 1615 1496 1680; x_wconf 78' lang='lat' dir='ltr'>conjectura</span> <span class='ocrx_word' id='word_1_220' title='bbox 1517 1613 1576 1655; x_wconf 87' lang='lat' dir='ltr'>sic</span> <span class='ocrx_word' id='word_1_221' title='bbox 1595 1612 1709 1669; x_wconf 91' lang='lat' dir='ltr'>apud</span> 
     </span>
    </p>
   </div>
   <div class='ocr_carea' id='block_1_3' title="bbox 269 1671 1707 1772">
    <p class='ocr_par' dir='ltr' id='par_1_4' title="bbox 269 1671 1707 1772">
     <span class='ocr_line' id='line_1_27' title="bbox 269 1671 1707 1729; baseline -0.001 -15"><span class='ocrx_word' id='word_1_222' title='bbox 269 1674 526 1726; x_wconf 84' lang='lat' dir='ltr'>Homerum,</span> <span class='ocrx_word' id='word_1_223' title='bbox 545 1683 593 1715; x_wconf 91' lang='lat' dir='ltr'>ut</span> <span class='ocrx_word' id='word_1_224' title='bbox 614 1688 690 1716; x_wconf 89' lang='lat' dir='ltr'>nos</span> <span class='ocrx_word' id='word_1_225' title='bbox 711 1676 839 1717; x_wconf 86' lang='lat' dir='ltr'>otiosi</span> <span class='ocrx_word' id='word_1_226' title='bbox 866 1674 1164 1725; x_wconf 85' lang='lat' dir='ltr'>convertimus,</span> <span class='ocrx_word' id='word_1_227' title='bbox 1197 1681 1233 1705; x_wconf 79' lang='lat'>⁵1</span> <span class='ocrx_word' id='word_1_228' title='bbox 1252 1672 1442 1729; x_wconf 72' lang='lat' dir='ltr'>loquitur</span> <span class='ocrx_word' id='word_1_229' title='bbox 1471 1671 1707 1727; x_wconf 85' lang='lat' dir='ltr'>Agamem-</span> 
     </span>
     <span class='ocr_line' id='line_1_28' title="bbox 270 1744 380 1772; baseline 0.018 -2"><span class='ocrx_word' id='word_1_230' title='bbox 270 1744 380 1772; x_wconf 88' lang='lat' dir='ltr'>non:</span> 
     </span>
    </p>
   </div>
   <div class='ocr_carea' id='block_1_4' title="bbox 188 1819 1393 2621">
    <p class='ocr_par' dir='ltr' id='par_1_5' title="bbox 188 1819 1393 2621">
     <span class='ocr_line' id='line_1_29' title="bbox 188 1819 1188 1875; baseline -0.001 -17"><span class='ocrx_word' id='word_1_231' title='bbox 188 1828 260 1875; x_wconf 71' lang='grc'>30</span> <span class='ocrx_word' id='word_1_232' title='bbox 378 1823 475 1859; x_wconf 81' lang='lat' dir='ltr'>Ferte</span> <span class='ocrx_word' id='word_1_233' title='bbox 492 1822 576 1864; x_wconf 79' lang='lat' dir='ltr'>viri,</span> <span class='ocrx_word' id='word_1_234' title='bbox 593 1830 624 1858; x_wconf 81' lang='lat' dir='ltr'>et</span> <span class='ocrx_word' id='word_1_235' title='bbox 643 1820 743 1858; x_wconf 81' lang='lat' dir='ltr'>duros</span> <span class='ocrx_word' id='word_1_236' title='bbox 761 1822 871 1858; x_wconf 82' lang='lat' dir='ltr'>animo</span> <span class='ocrx_word' id='word_1_237' title='bbox 891 1820 1028 1857; x_wconf 75' lang='lat' dir='ltr'>tolerate</span> <span class='ocrx_word' id='word_1_238' title='bbox 1045 1819 1188 1863; x_wconf 76' lang='lat' dir='ltr'>labores,</span> 
     </span>
     <span class='ocr_line' id='line_1_30' title="bbox 376 1874 1204 1924; baseline -0.002 -12"><span class='ocrx_word' id='word_1_239' title='bbox 376 1877 531 1924; x_wconf 75' lang='lat' dir='ltr'>Auguris</span> <span class='ocrx_word' id='word_1_240' title='bbox 551 1884 589 1911; x_wconf 85' lang='lat' dir='ltr'>ut</span> <span class='ocrx_word' id='word_1_241' title='bbox 608 1875 708 1912; x_wconf 81' lang='lat' dir='ltr'>nostri</span> <span class='ocrx_word' id='word_1_242' title='bbox 731 1874 927 1912; x_wconf 64' lang='lat' dir='ltr'>Calchantis</span> <span class='ocrx_word' id='word_1_243' title='bbox 933 1875 1024 1923; x_wconf 69' lang='lat' dir='ltr'>fata</span> <span class='ocrx_word' id='word_1_244' title='bbox 1042 1887 1204 1924; x_wconf 79' lang='lat' dir='ltr'>queamus</span> 
     </span>
     <span class='ocr_line' id='line_1_31' title="bbox 380 1927 1287 1979; baseline -0.002 -13"><span class='ocrx_word' id='word_1_245' title='bbox 380 1929 488 1973; x_wconf 78' lang='lat' dir='ltr'>Scire,</span> <span class='ocrx_word' id='word_1_246' title='bbox 505 1938 635 1965; x_wconf 78' lang='lat' dir='ltr'>ratosne</span> <span class='ocrx_word' id='word_1_247' title='bbox 653 1927 815 1971; x_wconf 73' lang='lat' dir='ltr'>habeant,</span> <span class='ocrx_word' id='word_1_248' title='bbox 835 1941 881 1965; x_wconf 85' lang='lat' dir='ltr'>an</span> <span class='ocrx_word' id='word_1_249' title='bbox 899 1941 1008 1964; x_wconf 81' lang='lat' dir='ltr'>vanos</span> <span class='ocrx_word' id='word_1_250' title='bbox 1024 1928 1163 1979; x_wconf 75' lang='lat' dir='ltr'>pectoris</span> <span class='ocrx_word' id='word_1_251' title='bbox 1182 1940 1287 1964; x_wconf 82' lang='lat' dir='ltr'>orsus.</span> 
     </span>
     <span class='ocr_line' id='line_1_32' title="bbox 379 1982 1345 2032; baseline -0.002 -13"><span class='ocrx_word' id='word_1_252' title='bbox 379 1983 539 2032; x_wconf 73' lang='lat' dir='ltr'>Namque</span> <span class='ocrx_word' id='word_1_253' title='bbox 558 1995 665 2018; x_wconf 73' lang='lat' dir='ltr'>omnes</span> <span class='ocrx_word' id='word_1_254' title='bbox 685 1982 817 2019; x_wconf 71' lang='lat' dir='ltr'>memori</span> <span class='ocrx_word' id='word_1_255' title='bbox 831 1990 1020 2032; x_wconf 78' lang='lat' dir='ltr'>portentum</span> <span class='ocrx_word' id='word_1_256' title='bbox 1040 1990 1146 2018; x_wconf 79' lang='lat' dir='ltr'>mente</span> <span class='ocrx_word' id='word_1_257' title='bbox 1164 1989 1345 2027; x_wconf 79' lang='lat' dir='ltr'>retentant,</span> 
     </span>
     <span class='ocr_line' id='line_1_33' title="bbox 385 2035 1142 2085; baseline 0 -14"><span class='ocrx_word' id='word_1_258' title='bbox 385 2036 454 2085; x_wconf 78' lang='lat' dir='ltr'>Qui</span> <span class='ocrx_word' id='word_1_259' title='bbox 469 2035 691 2083; x_wconf 72' lang='lat' dir='ltr'>nonfzmestis</span> <span class='ocrx_word' id='word_1_260' title='bbox 710 2035 879 2085; x_wconf 73' lang='lat' dir='ltr'>liquerunt</span> <span class='ocrx_word' id='word_1_261' title='bbox 897 2035 1142 2083; x_wconf 78' lang='lat' dir='ltr'>luminafatis.</span> 
     </span>
     <span class='ocr_line' id='line_1_34' title="bbox 378 2087 1292 2139; baseline 0 -15"><span class='ocrx_word' id='word_1_262' title='bbox 378 2089 547 2138; x_wconf 81' lang='lat' dir='ltr'>Argolicis</span> <span class='ocrx_word' id='word_1_263' title='bbox 562 2089 709 2139; x_wconf 85' lang='lat' dir='ltr'>primum</span> <span class='ocrx_word' id='word_1_264' title='bbox 725 2097 764 2125; x_wconf 83' lang='lat' dir='ltr'>ut</span> <span class='ocrx_word' id='word_1_265' title='bbox 782 2089 908 2126; x_wconf 80' lang='lat' dir='ltr'>vestita</span> <span class='ocrx_word' id='word_1_266' title='bbox 925 2097 975 2125; x_wconf 81' lang='lat' dir='ltr'>est</span> <span class='ocrx_word' id='word_1_267' title='bbox 993 2087 1158 2125; x_wconf 77' lang='lat' dir='ltr'>classibus</span> <span class='ocrx_word' id='word_1_268' title='bbox 1176 2087 1292 2132; x_wconf 83' lang='lat' dir='ltr'>Aulis,</span> 
     </span>
     <span class='ocr_line' id='line_1_35' title="bbox 379 2139 1393 2193; baseline -0.002 -15"><span class='ocrx_word' id='word_1_269' title='bbox 379 2144 479 2190; x_wconf 56' lang='lat' dir='ltr'>,Quae</span> <span class='ocrx_word' id='word_1_270' title='bbox 499 2142 638 2179; x_wconf 72' lang='lat' dir='ltr'>Priamo</span> <span class='ocrx_word' id='word_1_271' title='bbox 656 2141 797 2187; x_wconf 78' lang='lat' dir='ltr'>cladem,</span> <span class='ocrx_word' id='word_1_272' title='bbox 812 2151 843 2178; x_wconf 83' lang='lat' dir='ltr'>et</span> <span class='ocrx_word' id='word_1_273' title='bbox 865 2142 989 2189; x_wconf 70' lang='lat' dir='ltr'>Trcy&#39;ae,</span> <span class='ocrx_word' id='word_1_274' title='bbox 1009 2150 1199 2193; x_wconf 78' lang='lat' dir='ltr'>vestemque</span> <span class='ocrx_word' id='word_1_275' title='bbox 1203 2139 1368 2190; x_wconf 82' lang='lat' dir='ltr'>ferebant</span> <span class='ocrx_word' id='word_1_276' title='bbox 1380 2155 1393 2177; x_wconf 79' lang='lat'>.-</span> 
     </span>
     <span class='ocr_line' id='line_1_36' title="bbox 381 2194 1217 2246; baseline -0.002 -13"><span class='ocrx_word' id='word_1_277' title='bbox 381 2195 466 2238; x_wconf 91' lang='lat' dir='ltr'>Nos,</span> <span class='ocrx_word' id='word_1_278' title='bbox 485 2196 608 2233; x_wconf 83' lang='lat' dir='ltr'>circum</span> <span class='ocrx_word' id='word_1_279' title='bbox 627 2195 742 2233; x_wconf 77' lang='lat' dir='ltr'>latices</span> <span class='ocrx_word' id='word_1_280' title='bbox 753 2195 880 2245; x_wconf 79' lang='lat' dir='ltr'>gelidos</span> <span class='ocrx_word' id='word_1_281' title='bbox 886 2194 1112 2246; x_wconf 81' lang='lat' dir='ltr'>fumantibus</span> <span class='ocrx_word' id='word_1_282' title='bbox 1130 2195 1217 2239; x_wconf 83' lang='lat' dir='ltr'>aris,</span> 
     </span>
     <span class='ocr_line' id='line_1_37' title="bbox 380 2247 1233 2299; baseline -0.001 -13"><span class='ocrx_word' id='word_1_283' title='bbox 380 2255 420 2280; x_wconf 74' lang='lat'>⁵2</span> <span class='ocrx_word' id='word_1_284' title='bbox 437 2249 614 2299; x_wconf 63' lang='lat' dir='ltr'>Aurigoris</span> <span class='ocrx_word' id='word_1_285' title='bbox 626 2247 747 2295; x_wconf 68' lang='lat' dir='ltr'>divzlm</span> <span class='ocrx_word' id='word_1_286' title='bbox 761 2249 937 2299; x_wconf 60' lang='lat' dir='ltr'>placantes</span> <span class='ocrx_word' id='word_1_287' title='bbox 953 2248 1092 2286; x_wconf 80' lang='lat' dir='ltr'>nu&#39;n&#39;zina</span> <span class='ocrx_word' id='word_1_288' title='bbox 1111 2249 1233 2292; x_wconf 84' lang='lat' dir='ltr'>tauris,</span> 
     </span>
     <span class='ocr_line' id='line_1_38' title="bbox 382 2301 1316 2354; baseline -0.001 -15"><span class='ocrx_word' id='word_1_289' title='bbox 382 2301 457 2340; x_wconf 85' lang='lat' dir='ltr'>Sub</span> <span class='ocrx_word' id='word_1_290' title='bbox 470 2302 612 2354; x_wconf 81' lang='lat' dir='ltr'>platano</span> <span class='ocrx_word' id='word_1_291' title='bbox 630 2302 829 2350; x_wconf 67' lang='lat' dir='ltr'>umbrifera,</span> <span class='ocrx_word' id='word_1_292' title='bbox 835 2303 922 2352; x_wconf 77' lang='lat' dir='ltr'>som</span> <span class='ocrx_word' id='word_1_293' title='bbox 940 2301 1026 2340; x_wconf 78' lang='lat' dir='ltr'>unde</span> <span class='ocrx_word' id='word_1_294' title='bbox 1042 2308 1179 2340; x_wconf 82' lang='lat' dir='ltr'>e&#39;manat</span> <span class='ocrx_word' id='word_1_295' title='bbox 1195 2301 1316 2353; x_wconf 82' lang='lat' dir='ltr'>aquai,</span> 
     </span>
     <span class='ocr_line' id='line_1_39' title="bbox 388 2354 1196 2407; baseline 0.001 -15"><span class='ocrx_word' id='word_1_296' title='bbox 388 2354 541 2393; x_wconf 77' lang='lat' dir='ltr'>Vidimus</span> <span class='ocrx_word' id='word_1_297' title='bbox 559 2356 699 2393; x_wconf 81' lang='lat' dir='ltr'>immani</span> <span class='ocrx_word' id='word_1_298' title='bbox 716 2357 832 2407; x_wconf 74' lang='lat' dir='ltr'>specie,</span> <span class='ocrx_word' id='word_1_299' title='bbox 852 2360 1005 2407; x_wconf 75' lang='lat' dir='ltr'>tortuque</span> <span class='ocrx_word' id='word_1_300' title='bbox 1022 2355 1196 2393; x_wconf 81' lang='lat' dir='ltr'>draconem</span> 
     </span>
     <span class='ocr_line' id='line_1_40' title="bbox 384 2407 1347 2463; baseline -0.001 -17"><span class='ocrx_word' id='word_1_301' title='bbox 384 2409 592 2453; x_wconf 76' lang='lat' dir='ltr'>Terribilem,</span> <span class='ocrx_word' id='word_1_302' title='bbox 608 2408 716 2458; x_wconf 81' lang='lat' dir='ltr'>Jovis</span> <span class='ocrx_word' id='word_1_303' title='bbox 735 2419 773 2447; x_wconf 84' lang='lat' dir='ltr'>ut</span> <span class='ocrx_word' id='word_1_304' title='bbox 785 2410 891 2463; x_wconf 82' lang='lat' dir='ltr'>pulsu</span> <span class='ocrx_word' id='word_1_305' title='bbox 921 2416 958 2441; x_wconf 79' lang='grc'>53</span> <span class='ocrx_word' id='word_1_306' title='bbox 966 2418 1159 2461; x_wconf 79' lang='lat' dir='ltr'>&#39;penetraret</span> <span class='ocrx_word' id='word_1_307' title='bbox 1176 2407 1223 2446; x_wconf 82' lang='lat' dir='ltr'>ab</span> <span class='ocrx_word' id='word_1_308' title='bbox 1240 2420 1347 2446; x_wconf 50' lang='lat' dir='ltr'>ara-v</span> 
     </span>
     <span class='ocr_line' id='line_1_41' title="bbox 383 2462 1220 2514; baseline 0 -15"><span class='ocrx_word' id='word_1_309' title='bbox 383 2463 461 2509; x_wconf 53' lang='lat' dir='ltr'>Qui</span> <span class='ocrx_word' id='word_1_310' title='bbox 472 2463 660 2512; x_wconf 54' lang='lat' dir='ltr'>platani‘in</span> <span class='ocrx_word' id='word_1_311' title='bbox 679 2462 941 2512; x_wconf 83' lang='lat' dir='ltr'>ramofhliorum</span> <span class='ocrx_word' id='word_1_312' title='bbox 960 2463 1102 2513; x_wconf 77' lang='lat' dir='ltr'>tegmine</span> <span class='ocrx_word' id='word_1_313' title='bbox 1117 2469 1220 2514; x_wconf 81' lang='lat' dir='ltr'>septos</span> 
     </span>
     <span class='ocr_line' id='line_1_42' title="bbox 387 2515 1229 2568; baseline 0 -16"><span class='ocrx_word' id='word_1_314' title='bbox 387 2515 558 2566; x_wconf 84' lang='lat' dir='ltr'>Corripuit</span> <span class='ocrx_word' id='word_1_315' title='bbox 571 2516 683 2567; x_wconf 83' lang='lat' dir='ltr'>pullos</span> <span class='ocrx_word' id='word_1_316' title='bbox 698 2533 711 2555; x_wconf 83' lang='lat'>.-</span> <span class='ocrx_word' id='word_1_317' title='bbox 741 2531 818 2568; x_wconf 85' lang='lat' dir='ltr'>quos</span> <span class='ocrx_word' id='word_1_318' title='bbox 837 2529 911 2554; x_wconf 85' lang='lat' dir='ltr'>cum</span> <span class='ocrx_word' id='word_1_319' title='bbox 930 2526 1129 2554; x_wconf 80' lang='lat' dir='ltr'>consumeret</span> <span class='ocrx_word' id='word_1_320' title='bbox 1145 2522 1229 2556; x_wconf 80' lang='lat' dir='ltr'>octo,</span> 
     </span>
     <span class='ocr_line' id='line_1_43' title="bbox 383 2567 1285 2621; baseline 0 -17"><span class='ocrx_word' id='word_1_321' title='bbox 383 2568 485 2605; x_wconf 83' lang='lat' dir='ltr'>Nona</span> <span class='ocrx_word' id='word_1_322' title='bbox 505 2581 604 2621; x_wconf 79' lang='lat' dir='ltr'>super</span> <span class='ocrx_word' id='word_1_323' title='bbox 622 2571 761 2607; x_wconf 77' lang='lat' dir='ltr'>tremulo</span> <span class='ocrx_word' id='word_1_324' title='bbox 773 2571 925 2620; x_wconf 60' lang='lat' dir='ltr'>genitrix</span> <span class='ocrx_word' id='word_1_325' title='bbox 943 2570 1097 2619; x_wconf 75' lang='lat' dir='ltr'>clangore</span> <span class='ocrx_word' id='word_1_326' title='bbox 1115 2567 1260 2606; x_wconf 78' lang='lat' dir='ltr'>volabat</span> <span class='ocrx_word' id='word_1_327' title='bbox 1275 2582 1285 2604; x_wconf 73' lang='lat' dir='ltr'><strong><em>z</em></strong></span> 
     </span>
    </p>
   </div>
   <div class='ocr_carea' id='block_1_5' title="bbox 276 2676 1714 2933">
    <p class='ocr_par' dir='ltr' id='par_1_6' title="bbox 276 2676 1714 2933">
     <span class='ocr_line' id='line_1_44' title="bbox 324 2676 1389 2720; baseline 0 -11"><span class='ocrx_word' id='word_1_328' title='bbox 324 2685 363 2711; x_wconf 71' lang='lat'>50</span> <span class='ocrx_word' id='word_1_329' title='bbox 386 2678 437 2720; x_wconf 80' lang='lat' dir='ltr'>qui</span> <span class='ocrx_word' id='word_1_330' title='bbox 467 2689 529 2708; x_wconf 78' lang='lat' dir='ltr'>cum</span> <span class='ocrx_word' id='word_1_331' title='bbox 556 2678 597 2708; x_wconf 80' lang='lat' dir='ltr'>ad</span> <span class='ocrx_word' id='word_1_332' title='bbox 623 2689 686 2708; x_wconf 73' lang='lat' dir='ltr'>eum</span> <span class='ocrx_word' id='word_1_333' title='bbox 714 2676 872 2718; x_wconf 73' lang='lat' dir='ltr'>retulisset]</span> <span class='ocrx_word' id='word_1_334' title='bbox 911 2688 973 2707; x_wconf 79' lang='lat' dir='ltr'>cum</span> <span class='ocrx_word' id='word_1_335' title='bbox 1018 2678 1077 2709; x_wconf 78' lang='lat' dir='ltr'>nisi</span> <span class='ocrx_word' id='word_1_336' title='bbox 1094 2684 1141 2708; x_wconf 83' lang='lat' dir='ltr'>est</span> <span class='ocrx_word' id='word_1_337' title='bbox 1155 2686 1173 2708; x_wconf 80' lang='lat' dir='ltr'>a</span> <span class='ocrx_word' id='word_1_338' title='bbox 1188 2678 1389 2717; x_wconf 81' lang='lat' dir='ltr'>glossatore..</span> 
     </span>
     <span class='ocr_line' id='line_1_45' title="bbox 276 2717 1712 2761; baseline -0.002 -9"><span class='ocrx_word' id='word_1_339' title='bbox 276 2721 344 2754; x_wconf 80' lang='lat' dir='ltr'>sine</span> <span class='ocrx_word' id='word_1_340' title='bbox 375 2722 473 2751; x_wconf 81' lang='lat' dir='ltr'>dubio</span> <span class='ocrx_word' id='word_1_341' title='bbox 502 2721 676 2752; x_wconf 80' lang='lat' dir='ltr'>delendum</span> <span class='ocrx_word' id='word_1_342' title='bbox 703 2728 749 2751; x_wconf 82' lang='lat' dir='ltr'>est</span> <span class='ocrx_word' id='word_1_343' title='bbox 763 2733 772 2758; x_wconf 90' lang='lat'>;</span> <span class='ocrx_word' id='word_1_344' title='bbox 797 2730 856 2751; x_wconf 89' lang='lat' dir='ltr'>nec</span> <span class='ocrx_word' id='word_1_345' title='bbox 885 2722 973 2751; x_wconf 83' lang='lat' dir='ltr'>enim</span> <span class='ocrx_word' id='word_1_346' title='bbox 1062 2729 1099 2753; x_wconf 82' lang='lat'>52</span> <span class='ocrx_word' id='word_1_347' title='bbox 1124 2721 1276 2761; x_wconf 78' lang='lat' dir='ltr'>Aurigeris</span> <span class='ocrx_word' id='word_1_348' title='bbox 1293 2717 1402 2761; x_wconf 80' lang='lat' dir='ltr'>tauris]</span> <span class='ocrx_word' id='word_1_349' title='bbox 1426 2719 1577 2751; x_wconf 73' lang='lat' dir='ltr'>Quorum</span> <span class='ocrx_word' id='word_1_350' title='bbox 1591 2727 1712 2750; x_wconf 73' lang='lat' dir='ltr'>cornua</span> 
     </span>
     <span class='ocr_line' id='line_1_46' title="bbox 277 2764 1257 2803; baseline -0.001 -7"><span class='ocrx_word' id='word_1_351' title='bbox 277 2765 426 2796; x_wconf 80' lang='lat' dir='ltr'>convenit</span> <span class='ocrx_word' id='word_1_352' title='bbox 441 2765 589 2795; x_wconf 83' lang='lat' dir='ltr'>orationis</span> <span class='ocrx_word' id='word_1_353' title='bbox 606 2771 785 2795; x_wconf 83' lang='lat' dir='ltr'>structurae.</span> <span class='ocrx_word' id='word_1_354' title='bbox 799 2764 874 2803; x_wconf 87' lang='lat' dir='ltr'>quia</span> <span class='ocrx_word' id='word_1_355' title='bbox 889 2764 976 2794; x_wconf 82' lang='lat' dir='ltr'>abest</span> <span class='ocrx_word' id='word_1_356' title='bbox 1019 2771 1123 2795; x_wconf 81' lang='lat' dir='ltr'>essent</span> <span class='ocrx_word' id='word_1_357' title='bbox 1138 2771 1257 2795; x_wconf 86' lang='lat' dir='ltr'>aurata.</span> 
     </span>
     <span class='ocr_line' id='line_1_47' title="bbox 281 2803 1714 2846; baseline -0.002 -9"><span class='ocrx_word' id='word_1_358' title='bbox 281 2808 344 2838; x_wconf 81' lang='lat' dir='ltr'>Ms.</span> <span class='ocrx_word' id='word_1_359' title='bbox 356 2807 462 2838; x_wconf 83' lang='lat' dir='ltr'>Guelf.</span> <span class='ocrx_word' id='word_1_360' title='bbox 479 2808 591 2838; x_wconf 77' lang='lat' dir='ltr'>delevi.</span> <span class='ocrx_word' id='word_1_361' title='bbox 1064 2814 1101 2838; x_wconf 81' lang='lat'>53</span> <span class='ocrx_word' id='word_1_362' title='bbox 1119 2812 1287 2846; x_wconf 73' lang='lat' dir='ltr'>penstraret</span> <span class='ocrx_word' id='word_1_363' title='bbox 1301 2805 1338 2836; x_wconf 81' lang='lat' dir='ltr'>ab</span> <span class='ocrx_word' id='word_1_364' title='bbox 1353 2803 1421 2845; x_wconf 81' lang='lat' dir='ltr'>am]</span> <span class='ocrx_word' id='word_1_365' title='bbox 1439 2805 1518 2837; x_wconf 83' lang='lat' dir='ltr'>Mss.</span> <span class='ocrx_word' id='word_1_366' title='bbox 1534 2805 1667 2846; x_wconf 84' lang='lat' dir='ltr'>quidam</span> <span class='ocrx_word' id='word_1_367' title='bbox 1682 2810 1714 2834; x_wconf 79' lang='lat' dir='ltr'>et</span> 
     </span>
     <span class='ocr_line' id='line_1_48' title="bbox 324 2848 1377 2892; baseline 0 -12"><span class='ocrx_word' id='word_1_368' title='bbox 324 2858 359 2881; x_wconf 84' lang='lat'>51</span> <span class='ocrx_word' id='word_1_369' title='bbox 386 2850 512 2891; x_wconf 69' lang='lat' dir='ltr'>loquitur</span> <span class='ocrx_word' id='word_1_370' title='bbox 528 2848 736 2890; x_wconf 80' lang='lat' dir='ltr'>Agamemnon]</span> <span class='ocrx_word' id='word_1_371' title='bbox 756 2850 864 2880; x_wconf 87' lang='lat' dir='ltr'>Immo</span> <span class='ocrx_word' id='word_1_372' title='bbox 880 2849 977 2889; x_wconf 71' lang='lat' dir='ltr'>Ulys-</span> <span class='ocrx_word' id='word_1_373' title='bbox 1018 2850 1087 2882; x_wconf 85' lang='lat' dir='ltr'>edd.</span> <span class='ocrx_word' id='word_1_374' title='bbox 1104 2857 1178 2881; x_wconf 86' lang='lat' dir='ltr'>vett.</span> <span class='ocrx_word' id='word_1_375' title='bbox 1189 2849 1377 2892; x_wconf 72' lang='lat' dir='ltr'>penetrabat.</span> 
     </span>
     <span class='ocr_line' id='line_1_49' title="bbox 278 2892 975 2933; baseline 0.003 -11"><span class='ocrx_word' id='word_1_376' title='bbox 278 2902 339 2923; x_wconf 71' lang='lat' dir='ltr'>ses.</span> <span class='ocrx_word' id='word_1_377' title='bbox 375 2893 487 2933; x_wconf 86' lang='lat' dir='ltr'>Itaque</span> <span class='ocrx_word' id='word_1_378' title='bbox 502 2893 613 2925; x_wconf 80' lang='lat' dir='ltr'>Cicero</span> <span class='ocrx_word' id='word_1_379' title='bbox 630 2893 786 2924; x_wconf 81' lang='lat' dir='ltr'>memoria</span> <span class='ocrx_word' id='word_1_380' title='bbox 797 2892 903 2933; x_wconf 82' lang='lat' dir='ltr'>lapsus</span> <span class='ocrx_word' id='word_1_381' title='bbox 912 2899 975 2924; x_wconf 74' lang='lat' dir='ltr'>est:</span> 
     </span>
    </p>
   </div>
  </div>
 </body>
</html>
