1778 3095
588 70 772 109 LIBER
800 68 1138 107 SECUNDUS.
1502 74 1581 115 289

138 193 266 236 posse
295 179 450 221 habere
478 186 521 219 te
550 176 752 231 reliquam
788 172 1122 228 suppellectilem
1158 172 1342 214 salvam:
1378 174 1572 215 virtutem
1586 184 1704 217 p·18‘2-

139 246 283 278 autem
316 237 350 278 si
377 249 501 277 unam
534 231 721 273 amiseris
741 247 751 271 z
782 230 862 271 etsi
887 229 1024 269 amitti
1044 243 1130 269 non
1151 237 1291 283 potest
1311 229 1467 279 virtus3
1500 231 1573 272 sed
1585 231 1615 254 ²·

138 293 175 333 si
193 309 321 334 unam
341 292 556 335 confessus
577 288 704 329 fueris
732 295 774 327 te
802 301 887 327 non
906 285 1076 335 habere,
1096 285 1253 326 nullam
1277 293 1319 325 te
1341 300 1431 325 esse
1452 286 1574 327 habi-

138 352 311 391 turum?
343 351 462 390 Num
490 345 621 401 igitur
646 344 800 385 fortem
821 343 970 392 virum,
991 357 1091 382 num
1115 355 1274 396 magno
1294 341 1450 391 animo,
1471 357 1571 384 num
1584 354 1633 385 33

166 407 380 456 atientem,
398 417 497 443 num
514 415 701 457 gravem,
716 415 819 441 num
835 399 1022 439 humana
1037 406 1378 439 contemnentem
1402 407 1441 430 ⁵0
1450 409 1572 452 potes

134 462 274 504 dicere
300 469 372 503 aut
404 458 683 501 Philoctetam
711 457 861 498 illum?
896 464 931 487 ⁵1
948 456 991 495 A
1011 464 1054 495 te
1072 454 1184 495 enim
1206 455 1319 495 malo
1340 454 1571 496 discedere.

136 518 222 562 Sed
240 518 310 560 ille
330 525 442 559 certe
461 530 546 556 non
567 514 703 564 fortis,
724 513 796 569 qui
811 513 929 568 jacet
952 520 989 543 ⁵2
1006 512 1050 552 in
1069 512 1180 553 lecto
1200 511 1393 562 humido,
1414 511 1488 566 qui

239 594 398 641 Ejulatu,
418 603 551 645 questu,
566 594 711 643 gemitu,
720 591 931 642 fremitibus,

236 647 446 693 Resonando,
467 648 609 685 multum
616 646 750 694 flebiles
768 658 862 683 voces
881 646 995 694 rqfnt.

119 772 122 774 v
185 722 288 763 Non
309 735 391 778 ego
412 721 618 773 dolorem,
639 721 832 763 dolorem
857 735 949 761 esse
978 734 1104 776 nego.
1135 734 1210 761 cur
1231 720 1343 761 enim
1363 719 1570 761 fortitudo

130 777 464 820 desideraretur?
498 779 573 819 sed
604 793 702 819 eum
734 777 916 833 opprimi
944 777 1039 818 dico
1065 777 1280 832 patientia,
1303 777 1337 818 si
1356 777 1486 817 modo
1507 785 1570 818 est

127 834 270 891 aliqua
287 835 488 890 patientia
506 852 514 876 :
547 836 582 876 si
602 835 716 876 nulla
737 845 814 884 est,
835 834 938 890 quid
958 849 1209 875 exornamus
1226 834 1566 890 philosophiam?

127 900 201 933 aut
219 892 320 948 quid
340 892 430 949 ejus
452 893 621 933 nomine
641 891 817 947 gloriosi
836 893 1011 932 sumus?
1046 891 1202 946 Pungit
1217 891 1352 932 dolor.
1398 891 1480 931 Vel
1499 891 1567 931 fo-

127 948 214 989 diat
235 963 347 990 sane.
379 949 413 990 si
433 948 570 990 nudus
591 963 649 1000 es,
672 948 727 989 da
746 947 966 1004 jugulum.
998 947 1061 988 sin
1088 956 1226 988 tectus
1255 948 1471 989 Vulcaniis
1498 962 1566 988 ar-

125 1005 221 1056 mis,
241 1005 283 1046 id
303 1015 380 1057 est,
402 1005 664 1055 fortitudine,
685 1006 844 1047 resiste.
875 1004 967 1045 haec
999 1004 1111 1044 enim
1142 1013 1198 1054 te,
1226 1004 1306 1045 nisi
1334 1004 1394 1045 ita
1422 1005 1564 1056 facies,

124 1071 268 1103 custos
283 1062 513 1118 dignitatis,
530 1062 740 1118 relinquet
758 1071 801 1102 et
820 1061 997 1102 deseret.
1041 1060 1219 1101 Cretum
1239 1060 1410 1116 quidem
1430 1061 1562 1117 leges,
1574 1068 1627 1101 34

124 1133 227 1174 quas
248 1119 330 1160 sive
349 1120 529 1175 Jupiter,
551 1119 634 1161 sive
656 1119 801 1160 Minos
822 1118 971 1169 sanxit,
993 1117 1046 1158 de
1065 1118 1180 1159 Jovis
1202 1117 1371 1173 quidem
1396 1128 1563 1159 senten-

121 1176 195 1227 tia,
212 1184 260 1217 ut
279 1182 419 1232 poetae
438 1177 591 1227 ferunt,
614 1176 800 1231 itemque
819 1175 1024 1231 Lycurgi,
1043 1174 1259 1215 laboribus
1280 1173 1477 1215 erudiunt
1490 1174 1563 1231 ju-

122 1241 353 1284 ventutem,
384 1233 587 1283 venando,
614 1231 835 1282 currendo,
866 1230 1101 1281 esuriendo,
1133 1231 1327 1282 sitiendo,
1361 1231 1562 1286 algendo,

124 1289 357 1331 aestuando.
419 1290 579 1345 Spartae
600 1303 696 1330 vero
722 1288 839 1343 pueri
859 1287 911 1328 ad
933 1302 1046 1328 aram
1068 1288 1127 1328 sic
1148 1288 1387 1328 verberibus
1407 1289 1563 1344 accipi-

122 1344 264 1396 untur,
285 1356 332 1387 ut
363 1346 523 1387 multus
555 1361 578 1387 e
605 1345 832 1387 visceribus
861 1344 1032 1399 sanguis
1062 1353 1180 1385 exeat
1196 1359 1208 1394 ;
1241 1359 1560 1399 nonnumquam

121 1402 263 1453 etiam,
287 1411 324 1434 ⁵3
341 1412 401 1453 ut,
430 1417 528 1443 cum
562 1403 620 1443 ibi
647 1416 796 1451 essem,
820 1401 1058 1451 audiebam,
1087 1400 1140 1441 ad
1170 1415 1342 1441 necem:
1375 1416 1558 1457 quorum

120 1472 206 1499 non
232 1458 362 1500 modo
391 1473 515 1499 nemo
544 1457 792 1499 exclamavit
823 1472 1042 1512 umquam,
1064 1457 1137 1497 sed
1159 1472 1210 1497 ne
1232 1457 1442 1512 ingemuit
1462 1458 1557 1513 qui-

117 1513 228 1555 dem.
287 1515 404 1572 Quid
423 1516 555 1570 ergo?
591 1516 689 1556 Hoc
710 1514 830 1569 pueri
851 1522 1041 1569 possunt,
1061 1514 1135 1553 viri
1156 1528 1241 1554 non
1261 1516 1488 1568 poterunt?
1512 1523 1554 1555 et
1567 1522 1617 1554 35

116 1585 208 1612 mos
227 1572 348 1623 valet,
369 1572 476 1612 ratio
497 1586 582 1612 non
602 1571 785 1612 valebit?
824 1571 1004 1611 Interest
1036 1569 1196 1625 aliquid
1222 1570 1329 1611 inter
1348 1570 1553 1622 laborem,
1572 1573 1638 1624 15

114 1636 157 1668 et
186 1627 392 1669 dolorem.
422 1638 520 1669 sunt
550 1628 728 1668 finitima
756 1627 945 1677 omnino,
979 1635 1017 1658 ⁵4
1035 1626 1108 1667 sed
1137 1636 1279 1667 tamen
1310 1626 1448 1668 differt
1477 1628 1554 1668 ali-

116 1682 232 1740 quid.
293 1686 449 1736 Labor,
482 1692 547 1726 est
582 1684 746 1727 functio
777 1683 972 1740 quaedam
1002 1683 1067 1724 vel
1096 1683 1239 1733 animi,
1269 1683 1334 1724 vel
1364 1685 1554 1739 corporis

113 1741 314 1796 gravioris
341 1742 492 1796 operis,
521 1750 563 1782 et
592 1741 804 1782 muneris:
843 1740 966 1781 dolor
999 1748 1157 1790 autem,
1186 1748 1329 1781 motus
1359 1755 1482 1796 asper
1511 1741 1553 1782 in

114 1812 307 1852 corpore,
328 1799 488 1839 alienus
519 1813 543 1839 a
572 1798 776 1839 sensibus.
837 1798 946 1837 Haec
977 1796 1063 1837 duo
1094 1797 1235 1838 Graeci
1267 1797 1343 1848 illi,
1369 1812 1551 1853 quorum
1564 1811 1595 1843 b.

113 1854 324 1908 copiosior
354 1863 419 1895 est
448 1855 607 1910 lingua,
629 1870 756 1910 quam
778 1864 936 1904 nostra,
959 1862 995 1885 5⁵
1012 1868 1097 1894 uno
1123 1854 1293 1894 nomine
1321 1854 1551 1909 appellant.

112 1910 256 1965 itaque
275 1910 502 1952 industrios
525 1912 732 1962 homines,
758 1911 819 1951 illi
847 1911 1073 1961 studiosos,
1098 1911 1162 1951 vel
1189 1911 1332 1966 potius
1361 1921 1552 1954 amantes

111 1966 269 2007 doloris
291 1967 522 2022 appellant:
555 1983 630 2008 nos
651 1967 916 2009 commodius
937 1967 1187 2008 laboriosos.
1217 1968 1333 2008 aliud
1355 1978 1418 2008 est
1437 1969 1550 2009 enim

110 2022 332 2065 laborare:
364 2023 480 2065 aliud
500 2024 656 2066 dolere.
688 2039 715 2066 o
741 2024 966 2066 verborum
992 2024 1114 2080 inops
1145 2024 1372 2075 interdum,
1394 2025 1550 2081 quibus

154 2156 193 2180 50
205 2155 284 2189 potes
299 2150 404 2187 dicere,
422 2158 473 2181 au!
490 2150 560 2190 Pb]
578 2152 736 2182 Bentleius
752 2152 805 2181 ad-

108 2193 234 2234 didit-te.
251 2204 317 2223 non
333 2195 424 2224 bene.
441 2195 493 2224 alii
510 2195 609 2231 aliter,
623 2202 659 2225 ut
667 2201 749 2234 potes
760 2195 805 2223 di-

107 2246 169 2265 cere
195 2237 391 2266 Prometheum
418 2245 470 2267 au!
495 2237 617 2267 Philoct.
642 2245 678 2268 ut
698 2245 744 2268 est
770 2238 803 2267 in

106 2278 213 2309 Davis.
230 2281 341 2318 prima.
387 2281 438 2310 Sic
461 2287 490 2310 et
513 2283 546 2310 in
570 2282 648 2311 Mss.
673 2281 804 2321 quibus-

106 2322 181 2352 dam
196 2331 355 2361 repertum
371 2330 427 2354 est.
466 2325 606 2354 Fortasse
620 2323 802 2355 ἀνακὲλεθος

106 2371 153 2394 est
167 2366 276 2402 oratio,
294 2374 329 2396 ut
344 2376 398 2405 pro
413 2366 510 2397 altero
531 2375 583 2396 aut
605 2367 801 2397 Prometheum

104 2407 144 2436 sit
160 2408 251 2444 illud,
268 2409 328 2439 Sed
342 2408 392 2438 ille
407 2416 482 2439 certe
497 2421 550 2439 non
561 2411 670 2451 fortis,
687 2411 742 2449 qui
758 2416 804 2439 est

105 2450 322 2482 Prometheus·

150 2500 186 2523 51
211 2495 241 2523 A
264 2501 291 2523 te
312 2495 387 2524 enim
409 2494 484 2525 malo
499 2495 652 2535 discedere]
672 2496 722 2525 Sic
739 2495 802 2525 ele-

103 2543 214 2573 ganter
229 2539 362 2568 correxit
383 2538 542 2569 Bentleius
558 2539 727 2579 vulgatum
743 2539 801 2568 dis-

105 2590 176 2608 ‘'t-'re-

150 2629 187 2651 52
211 2622 241 2651 in
257 2621 327 2652 lecto
342 2622 468 2662 humido]
490 2624 561 2654 Hoc
577 2625 615 2654 ad
629 2634 737 2655 versus
752 2635 800 2655 se-

106 2671 236 2702 quentes
253 2667 344 2696 refert
359 2673 389 2696 et
405 2667 584 2697 clausulam
599 2678 708 2697 versus
724 2668 800 2697 facit

106 2706 275 2738 Bentleius.
291 2709 382 2738 bene.
399 2719 476 2739 nam
487 2710 574 2739 lectus
586 2710 716 2739 humidus
729 2720 799 2749 pro-

104 2758 147 2778 sae
164 2750 272 2796 utique
295 2762 358 2781 non
383 2759 484 2789 aptus.
530 2753 685 2793 Buherius
701 2754 797 2783 etiarn

104 2793 229 2830 corrigit
263 2799 345 2831 tecto,
381 2802 417 2824 ut
454 2795 645 2834 intelligatur
680 2806 798 2827 saxum

161 2846 277 2875 VOL.
301 2848 368 2876 1V.
393 2850 432 2877 P.
456 2850 487 2877 Ι.

850 2151 1022 2181 Lemnium
1053 2158 1084 2182 et
1111 2158 1254 2188 antrum,
1286 2153 1319 2181 in
1348 2160 1413 2190 quo
1444 2150 1548 2189 jacuit

849 2194 1081 2224 Prometheus:
1123 2196 1153 2224 id
1182 2205 1258 2224 sane
1288 2201 1400 2234 aptum
1430 2202 1476 2224 est
1506 2196 1548 2232 τῷ

847 2237 923 2278 quod
936 2238 968 2267 in
984 2247 1076 2267 versu
1092 2237 1201 2274 altero,
1218 2239 1303 2276 quod
1319 2238 1436 2267 addidit
1450 2237 1546 2266 Bent-

848 2280 928 2309 leius
944 2290 961 2309 e
977 2281 1046 2310 Fin.
1064 2281 1108 2317 ΙΙ,
1126 2288 1176 2313 29.
1194 2291 1248 2320 pro
1265 2281 1316 2322 qui
1330 2292 1340 2309 .·
1369 2280 1423 2309 ubi
1448 2280 1545 2310 iidem

845 2330 922 2353 sunt
936 2333 1055 2354 versus.

892 2372 929 2397 53
954 2373 998 2402 ut,
1026 2378 1051 2396 c.
1079 2366 1100 2396 1'.
1128 2379 1153 2396 e.
1182 2364 1348 2404 audiebam]
1382 2365 1543 2396 Bentleius

846 2409 986 2439 malebat
1001 2409 1148 2439 videbam.

892 2460 931 2482 54
948 2453 997 2481 sed
1010 2459 1105 2481 tamen
1121 2452 1221 2492 dfflrt
1236 2450 1365 2492 aliquid]
1382 2451 1544 2481 Bentleius

845 2495 998 2536 dijfferunt.
1022 2496 1055 2524 in
1078 2496 1206 2534 vulgato
1229 2495 1473 2534 intelligendum
1495 2496 1544 2524 in-

844 2546 889 2568 ter
905 2538 1047 2568 dolorem
1063 2545 1094 2568 et
1109 2538 1270 2568 laborem:
1294 2538 1347 2567 sed
1367 2545 1413 2567 est
1434 2545 1543 2568 tamen

843 2583 974 2611 durum.
1030 2582 1113 2611 Loca
1143 2581 1216 2617 alia,
1242 2582 1274 2611 in
1302 2581 1419 2620 quibus
1441 2581 1542 2621 dfflrt

843 2635 898 2664 pro
925 2625 1052 2654 interest
1078 2625 1239 2664 reperitur,
1267 2624 1343 2653 huic
1374 2633 1440 2653 non
1468 2631 1543 2653 sunt

843 2668 915 2698 satis
931 2667 1058 2697 similia.

889 2719 926 2741 55
950 2722 1002 2739 uno
1034 2708 1144 2739 nomine
1172 2706 1337 2748 appellant]
1367 2709 1416 2740 Sc.
1445 2707 1540 2744 πνέων,

841 2755 927 2792 quod
944 2760 972 2784 et
989 2754 1062 2784 addi
1074 2752 1176 2783 voluit
1193 2752 1364 2783 Bentleius.

832 2850 862 2876 U
