1778 3095
192 160 272 200 486
600 157 676 195 DE
704 154 965 194 NATURA
992 154 1258 195 DEORUM

196 263 418 315 utendum,
451 261 618 305 difficile
650 262 767 304 factu
799 271 877 313 est,
910 276 979 303 me
1010 260 1054 302 id
1087 261 1255 311 sentire,
1288 258 1403 316 quod
1438 265 1486 301 tu
1517 260 1632 303 velis.

163 323 287 365 2Hic
324 321 528 371 Velleius,
566 320 734 370 Nescis,
772 318 923 374 inquit,
962 327 1119 375 quanta
1165 332 1262 358 cum
1309 316 1636 372 exspectatione,

202 379 347 430 Cotta,
370 379 447 419 sim
470 385 511 417 te
532 375 766 417 auditurus.
791 375 1005 432 jucundus
1030 375 1142 415 enim
1171 374 1305 414 Balbo
1332 381 1477 414 nostro
1498 388 1637 416 sermo

198 445 299 479 tuus
321 442 466 476 contra
486 433 715 488 Epicurum
737 433 831 473 fuit.
863 432 1061 486 praebebo
1091 431 1220 486 igitur
1250 445 1318 471 me
1349 429 1425 471 tibi
1455 430 1636 471 vicissim

203 502 412 534 attentum
434 498 583 531 contra
603 490 768 530 Stoicos
790 488 1040 529 auditorem.
1074 502 1195 542 spero
1216 487 1343 537 enim,
1365 496 1421 536 te,
1443 495 1492 527 ut
1512 486 1638 538 soles,

166 551 310 594 abene
331 556 521 602 paratum
544 547 693 586 venire.
754 546 864 585 Tum
890 544 1034 595 Cotta,
1061 552 1073 574 1
1093 544 1180 584 Sim
1209 543 1463 593 mehercule,
1485 543 1638 599 inquit,

202 604 355 648 Vellei.
378 618 513 659 neque
535 603 647 643 enim
668 601 774 642 mihi
794 615 868 655 par
889 601 995 640 ratio
1015 615 1114 641 cum
1141 600 1306 641 Lucilio
1329 609 1406 651 est,
1427 614 1475 640 ac
1497 609 1638 640 tecum

205 662 300 703 fuit.
361 663 446 717 Qui
471 660 655 707 tandem,
675 657 812 712 inquit
839 656 938 696 ille?
973 657 1087 697 Quia
1111 656 1216 697 mihi
1244 656 1406 697 videtur
1434 655 1641 711 Epicurus

205 729 341 759 vester
371 718 423 757 de
457 716 534 756 diis
566 713 875 756 immortalibus
908 728 992 754 non
1027 726 1284 767 magnopere
1314 727 1520 768 pugnare.
1546 721 1639 753 tan-

205 774 432 816 tummodo
453 786 608 826 negare
631 771 732 811 deos
747 784 837 810 esse
853 783 935 809 non
953 768 1094 818 audet,
1109 783 1159 809 ne
1175 769 1277 824 quid
1297 769 1457 810 invidiae
1479 769 1642 819 subeat,

207 841 279 873 aut
300 829 498 872 criminis.
561 827 673 868 Cum
693 840 790 867 vero
813 826 916 866 deos
943 825 1048 866 nihil
1078 839 1218 880 agere,
1249 825 1352 865 nihil
1372 841 1516 867 curare
1537 840 1642 866 con-

209 889 360 937 firmat,
382 884 664 939 membrisque
686 883 880 924 humanis
900 897 990 923 esse
1018 881 1232 937 praeditos,
1254 880 1326 921 sed
1345 896 1490 923 eorum
1510 897 1646 923 mem-

207 944 380 986 brorum
395 957 520 983 usum
534 942 697 982 nullum
715 940 869 980 habere
887 956 897 980 ι
927 938 1074 980 ludere
1090 938 1266 989 videtur,
1284 938 1467 993 satisque
1480 948 1644 993 putare,

174 1000 246 1048 4si
267 999 430 1049 dixerit,
460 1012 551 1039 esse
581 996 792 1053 quandam
821 996 989 1038 beatam
1019 1004 1226 1045 naturam,
1258 1003 1301 1034 et
1331 1006 1546 1035 aeternam.
1603 996 1646 1036 A

210 1056 346 1099 Balbo
368 1066 510 1097 autem
541 1053 881 1103 animadvertisti,
913 1052 1054 1103 credo,
1086 1066 1212 1108 quam
1243 1051 1379 1092 multa
1408 1051 1521 1092 dicta
1549 1051 1646 1102 sint,

212 1128 440 1170 quamque,
460 1112 585 1153 etiam
608 1112 640 1152 si
660 1113 799 1151 minus
820 1124 926 1161 xera,
952 1120 1094 1150 tamen
1126 1116 1223 1164 apta
1256 1108 1361 1149 inter
1381 1122 1424 1148 se
1445 1117 1487 1149 et
1508 1107 1650 1149 cohae-

212 1171 360 1212 rentia.
378 1170 519 1226 itaque
535 1168 696 1224 cogito,
710 1176 758 1208 ut
775 1166 874 1213 dixi,
889 1181 972 1206 non
989 1175 1072 1207 tam
1090 1165 1275 1206 refellere
1290 1164 1380 1220 ejus
1398 1165 1649 1215 orationem,

170 1235 341 1284 b.quarn
383 1240 445 1277 ea,
487 1241 581 1281 quae
620 1225 759 1265 minus
794 1222 992 1272 intellexi,
1024 1222 1245 1277 requirere.
1305 1222 1463 1277 Quare,
1501 1220 1649 1272 Balbe,

213 1284 291 1326 tibi
329 1282 543 1338 permitto,
576 1279 883 1336 responderene
918 1279 1021 1319 mihi
1059 1278 1195 1328 malis,
1230 1278 1281 1318 sle
1317 1277 1492 1332 singulis
1527 1278 1650 1318 rebus

216 1340 417 1397 quaerenti
450 1353 500 1380 ex
530 1346 572 1379 te
602 1353 666 1389 ea,
697 1352 792 1392 quae
823 1350 969 1390 parum
1001 1335 1156 1390 accepi,
1186 1350 1235 1375 an
1259 1334 1486 1375 universam
1509 1333 1653 1374 audire

215 1397 450 1438 orationem
471 1410 625 1436 meam.
684 1395 795 1435 Tum
815 1393 973 1433 Balbus
990 1408 998 1432 :
1028 1393 1124 1447 Ego
1137 1406 1249 1441 verO,
1269 1391 1301 1432 si
1321 1391 1421 1446 quid
1441 1390 1653 1445 explanari

214 1454 294 1496 tibi
316 1452 443 1503 voles,
463 1451 714 1508 respondere
735 1449 863 1491 malo.
885 1449 948 1490 sin
977 1463 1046 1490 me
1067 1450 1339 1503 interrogare,
1362 1463 1443 1489 non
1473 1459 1558 1488 tam
1586 1447 1652 1487 in-

215 1510 593 1565 telligendicausa,
624 1523 750 1564 quam
777 1506 994 1548 refellendi
1010 1522 1022 1557 3
1053 1515 1197 1546 utrum
1226 1506 1352 1554 voles,
1378 1504 1558 1545 faciam:
1587 1502 1653 1544 vel

216 1567 270 1608 ad
291 1567 473 1623 singula,
491 1582 585 1622 quae
612 1565 811 1620 requires,
840 1563 981 1604 statim
1011 1561 1299 1617 respondebo:
1332 1562 1409 1612 vel,
1438 1576 1535 1602 cum
1557 1574 1654 1615 per-

182 1637 206 1668 5
222 1624 366 1674 oraris,
388 1624 441 1666 ad
463 1623 616 1663 omnia.
674 1622 785 1662 Tum
813 1620 956 1670 Cotta,
978 1619 1165 1674 Optime,
1194 1618 1342 1674 inquit.
1375 1617 1654 1673 quamobrem

173 1690 205 1737 2
221 1681 279 1722 sic
301 1695 493 1736 agamus,
513 1688 562 1720 ut
583 1693 658 1719 nos
678 1678 769 1733 ipsa
799 1677 915 1718 ducit
941 1675 1089 1717 oratio.
1151 1674 1233 1715 Sed
1263 1684 1486 1729 antequam
1515 1673 1567 1714 de
1596 1687 1655 1723 re,

218 1752 355 1793 pauca
375 1737 426 1777 de
447 1750 531 1776 me.
552 1750 637 1776 non
667 1735 776 1775 enim
806 1731 1073 1773 mediocriter
1102 1746 1274 1772 moveor
1300 1730 1549 1771 auctoritate
1570 1738 1657 1781 tua,

218 1794 367 1845 Balbe,
388 1793 665 1848 orationeque
695 1806 758 1841 ea,
788 1805 883 1845 quae
914 1803 983 1829 me
1013 1789 1053 1828 in
1086 1788 1319 1843 perorando
1340 1787 1657 1837 cohortabatur,

219 1860 268 1892 ut
288 1850 589 1899 meminissem,
611 1863 678 1889 me
699 1857 739 1888 et
762 1847 937 1887 Cottam
967 1859 1071 1895 esse,
1102 1853 1144 1885 et
1173 1844 1430 1899 pontificem.
1456 1843 1573 1898 quod
1590 1857 1658 1894 eo,

221 1907 364 1958 eredo,
386 1906 564 1955 valebat,
583 1915 632 1945 ut
650 1904 884 1959 opiniones,
911 1916 1014 1958 quas
1036 1916 1061 1941 a
1081 1900 1311 1956 majoribus
1338 1900 1577 1955 accepimus
1604 1899 1658 1940 de

222 1964 301 2005 diis
332 1962 658 2011 immortalibus,
690 1975 819 2010 sacra,
852 1958 1139 2008 caeremonias,
1171 1957 1480 2012 religionesque
1510 1955 1656 1996 defen-

224 2021 380 2062 derem.
442 2021 538 2074 Ego
560 2033 655 2059 vero
676 2032 744 2057 eas
762 2015 983 2057 defendam
1003 2029 1181 2069 semper,
1196 2027 1445 2069 semperque
1465 2011 1655 2054 defendi:

224 2092 302 2118 nec
321 2091 390 2117 me
417 2091 468 2116 ex
491 2091 541 2116 ea
571 2074 781 2130 opinione,
812 2087 940 2128 quam
970 2086 995 2112 a
1023 2071 1255 2126 majoribus
1285 2069 1428 2125 accepi
1458 2069 1510 2110 de
1541 2068 1663 2110 cultu

224 2134 402 2175 deorum
422 2131 741 2181 immortalium,
771 2130 898 2170 ullius
927 2142 1133 2183 umquam
1162 2127 1297 2168 oratio
1327 2136 1402 2173 aut
1431 2125 1562 2176 docti,
1586 2133 1662 2166 aut

224 2191 387 2232 indocti
416 2188 614 2230 movebit.
646 2187 721 2228 sed
749 2201 848 2227 cum
888 2185 940 2226 de
975 2185 1181 2240 religione
1219 2183 1373 2239 agitur,
1401 2183 1468 2224 Ti.
1491 2182 1660 2223 Corun-

224 2248 409 2297 canium,
430 2247 474 2287 P.
496 2244 751 2300 Scipionem,
771 2244 814 2284 P.
833 2241 1078 2291 Scaevolam,
1099 2240 1317 2295 pontifices
1334 2239 1554 2288 maximos,
1576 2252 1662 2278 non

226 2306 462 2352 Zenonem,
481 2311 555 2343 aut
576 2300 843 2349 Cleanthem,
876 2307 948 2339 aut
970 2297 1260 2354 Chrysippum
1292 2310 1470 2351 sequor:
1501 2294 1662 2335 habeo-

226 2375 309 2416 que
350 2360 401 2401 C.
441 2358 624 2404 Laelium
659 2371 880 2412 augurem,
927 2354 1191 2409 eundemque
1229 2352 1485 2408 sapientem3
1535 2364 1662 2406 quem

226 2417 370 2472 potius
390 2415 558 2457 audiam
579 2414 631 2455 de
651 2413 855 2468 religione
877 2411 1086 2452 dicentem
1110 2419 1127 2441 ‘²
1143 2410 1184 2450 in
1214 2409 1285 2450 illa
1310 2408 1498 2449 oratione
1518 2407 1663 2458 nobili,

228 2477 357 2528 quam
380 2486 634 2528 quemquam
665 2470 898 2526 principem
928 2467 1183 2508 Stoicorum.
1212 2479 1395 2520 cumque
1425 2463 1562 2504 omnis
1583 2477 1661 2518 po-

229 2529 319 2588 Puli
341 2529 520 2570 Romani
541 2527 705 2582 religio,
735 2525 778 2566 in
809 2539 939 2575 sacra,
970 2532 1012 2564 et
1041 2523 1084 2564 in
1113 2521 1298 2580 auspicia
1316 2521 1444 2562 divisa
1466 2520 1545 2561 sit:
1577 2530 1662 2561 ter-

278 2650 292 2672 1
316 2641 382 2672 Sim
406 2638 576 2677 mehercule]
605 2640 656 2669 Sic
680 2639 761 2668 bene
787 2643 925 2676 paratus,
971 2636 1080 2675 Itaque
1094 2645 1159 2665 non
1175 2635 1313 2664 dubitavi
1332 2635 1361 2664 id
1378 2634 1524 2674 recipere.
1568 2634 1662 2669 Mox,

232 2692 268 2716 ut
283 2686 357 2721 sim,
373 2691 480 2724 optem
494 2680 614 2722 utique.
638 2681 753 2720 Vulgg.
769 2681 804 2710 Si
820 2680 928 2709 melier·
971 2689 1026 2719 pro
1046 2685 1105 2717 par
1129 2678 1214 2713 ratio,
1244 2678 1417 2708 Lambinus
1448 2676 1585 2707 malebat
1604 2683 1664 2716 par

232 2728 306 2764 cale,
331 2728 416 2766 quod
443 2727 523 2756 bene
548 2726 625 2755 vidit
647 2724 803 2754 Buherius
833 2723 930 2752 corri—
971 2722 1089 2751 certatio
1105 2728 1162 2750 est:
1187 2722 1240 2754 sed
1257 2731 1321 2751 non
1338 2728 1384 2751 est
1398 2729 1535 2752 necesse.

232 2772 375 2816 gendum
391 2780 456 2800 esse
468 2769 533 2805 sim,
551 2769 636 2807 quod
652 2774 682 2797 et
706 2767 786 2796 mihi
799 2766 878 2795 olim
896 2765 928 2797 in
1015 2772 1032 2800 2
1057 2764 1087 2793 in
1103 2764 1156 2792 illa
1172 2763 1296 2792 orafionc
1316 2763 1418 2804 nobili]
1437 2765 1484 2793 De
1500 2761 1663 2800 Collegiis,

233 2818 376 2844 mentem
392 2819 529 2843 venerat.
551 2808 695 2852 absorpta
714 2817 761 2839 est
776 2809 863 2838 litera
879 2807 928 2837 ul-
971 2808 1063 2845 cujus
1080 2807 1227 2837 orationis
1251 2808 1371 2837 mentio
1393 2813 1439 2837 est
1461 2807 1494 2836 in
1518 2804 1614 2836 Laelio
1634 2813 1664 2834 c.

233 2858 313 2887 tima
329 2866 346 2886 a
365 2857 468 2896 prima
488 2855 647 2894 sequentis
671 2853 765 2885 verbi,
789 2859 825 2882 ut
847 2861 929 2891 saepe
973 2858 1024 2882 25.
1039 2858 1069 2881 et
1086 2851 1116 2881 in
1134 2850 1231 2880 Bruto
1247 2858 1274 2879 c.
1291 2856 1342 2880 21.

234 2901 353 2931 fhczum
380 2909 446 2930 esse
469 2904 592 2929 constat
615 2898 647 2927 in
672 2896 758 2927 libris
781 2895 930 2935 antiquis.
