1768 3095
245 111 297 153 92
555 103 626 141 DE
656 103 812 142 FINIB.
842 96 1046 142 BONOR.
1077 103 1144 141 ET
1170 102 1378 141 MALOR.

246 220 360 264 sunt,
379 211 568 263 fecerint,
590 211 787 254 virtutem
817 212 882 255 his
909 211 1044 269 ipsam
1073 225 1148 269 per
1174 226 1220 254 se
1240 225 1411 254 causam
1433 225 1518 253 non
1538 212 1681 255 fuisse,

248 278 446 325 torquem
466 269 645 310 detraxit
665 270 793 311 hosti.
815 279 858 310 et
879 269 1052 326 quidem
1074 283 1118 310 se
1139 268 1256 320 texit,
1278 283 1330 310 ne
1361 267 1562 310 interiret.
1621 270 1683 311 At

248 341 453 382 magnum
485 325 721 381 periculum
751 326 869 367 adiit.
900 327 942 367 in
973 325 1106 367 oculis
1137 325 1309 389 quidem
1337 324 1558 367 exercitus.
1581 325 1683 389 quid

249 398 300 425 ex
328 398 380 424 eo
400 391 653 424 consecutus
674 384 766 424 est?
800 383 991 424 Laudem
1011 393 1052 423 et
1073 382 1321 423 caritatem.
1353 397 1448 439 quae
1469 390 1566 423 sunt
1588 381 1681 422 vitae

250 440 339 482 sine
357 451 475 481 metu
497 439 701 494 degendae
720 439 916 495 praesidia
933 439 1182 479 firmissima.
1244 439 1394 480 Filium
1416 447 1553 480 morte
1573 437 1683 479 mul-

251 496 374 538 tavit:
396 496 429 536 si
449 497 537 537 sine
559 509 698 559 031133,
721 495 880 536 110110111
899 509 966 535 1110
988 496 1040 535 ab
1062 509 1112 535 eo
1134 503 1290 558 ortum,
1313 504 1400 536 tam
1422 495 1684 559 importuno,

251 561 425 608 tamque
455 551 631 594 crudeli.
662 551 725 592 sin
755 560 804 593 ut
834 551 981 592 dolore
1011 565 1088 591 suo
1110 552 1287 592 sanciret
1307 551 1528 592 militaris
1519 550 1685 606 imperii

249 609 414 665 discipli
419 624 530 660 nam,
562 608 879 672 exercitumque
909 608 948 648 in
989 607 1237 671 gravissimo
1274 607 1387 649 bello
1423 607 1684 649 animadver-

250 666 380 708 sionis
412 675 528 707 metu
554 664 818 715 contineret3
850 664 972 705 saluti
1003 664 1216 719 prospexit
1235 664 1403 715 civium,
1425 679 1509 720 qua
1529 663 1685 706 intelli-

187 723 241 762 36
251 723 381 778 gebat
400 721 604 763 contineri
626 736 760 762 suam.
820 721 965 785 Atque
995 721 1085 761 haec
1116 720 1222 761 ratio
1253 721 1337 761 late
1366 729 1496 776 patet.
1527 720 1570 761 in
1599 734 1686 776 quo

251 780 364 820 enim
396 779 578 819 maxime
610 778 828 819 consuevit
841 777 1004 834 jactare
1022 787 1157 818 vestra
1178 792 1222 818 se
1243 777 1393 826 oratio,
1416 786 1489 817 tua
1509 791 1686 840 praeser·

252 836 344 885 tim,
375 836 447 891 qui
477 834 665 876 studiose
696 835 868 890 antiqua
888 834 1163 890 persequeris,
1185 833 1306 875 claris
1326 842 1367 874 et
1389 833 1569 874 fortibus
1593 833 1686 875 viris

209 895 240 927 b·
252 891 651 941 commemorandis,
676 906 909 947 eorumque
942 892 1062 932 factis
1092 905 1176 931 non
1206 889 1497 930 emolumento
1528 889 1689 953 aliquo,

252 949 356 990 sed
347 949 477 1004 1psius
499 948 731 989 honestatis
752 947 920 997 decore,
940 948 1172 997 laudandis,
1193 947 1234 987 id
1257 955 1395 988 totum
1418 947 1615 987 evertitur
1635 961 1686 987 eo

252 1005 420 1046 delectu
452 1020 606 1055 rerum,
633 1019 760 1060 quem
792 1004 923 1045 modo
944 1005 1044 1054 dixi,
1067 1004 1315 1054 constituto,
1338 1012 1385 1044 ut
1403 1012 1476 1044 aut
1496 1002 1689 1058 volupta-

254 1070 314 1102 tes
345 1062 609 1112 omittantur,
641 1062 850 1126 majorum
873 1061 1135 1116 voluptatum
1158 1059 1524 1115 adipiscendarum
1546 1073 1687 1110 causa,

253 1128 328 1159 aut
357 1118 525 1159 dolores
555 1118 850 1173 suscipiantur,
880 1132 1089 1173 majorum
1122 1118 1318 1158 dolorum
1345 1115 1687 1172 effugiendorum

175 1170 199 1216 1
215 1170 236 1216 l
253 1175 402 1231 gratia
463 1175 545 1215 Sed
568 1175 621 1215 de
642 1175 850 1216 clarorum
875 1174 1097 1215 hominum
1119 1174 1240 1214 factis
1258 1173 1506 1223 illustribus,
1528 1181 1570 1212 et
1589 1173 1687 1228 glo-

189 1243 391 1296 37110313,
422 1231 521 1272 satis
558 1231 640 1272 hoc
671 1231 768 1271 loco
803 1230 962 1271 dictum
992 1231 1058 1271 sit.
1120 1231 1210 1271 Erit
1244 1229 1355 1270 enim
1383 1229 1475 1284 jam
1508 1228 1561 1269 de
1592 1243 1687 1270 om-

253 1288 371 1330 nium
400 1288 602 1329 virtutum
631 1302 758 1331 cursu
786 1286 839 1327 ad
868 1287 1127 1342 voluptatem
1157 1285 1351 1342 proprius
1373 1285 1602 1328 disserendi
1621 1285 1686 1328 lo-

252 1359 342 1386 cus.
1321 1354 1323 1356 ’

308 1403 438 1443 Nunc
466 1410 608 1442 autem
640 1401 876 1456 explicabo,
904 1400 1131 1465 voluptas
1121 1415 1226 1456 1p5a‚
1255 1415 1350 1456 quae
1376 1400 1597 1457 qualisque
1619 1399 1687 1451 sit,

252 1466 300 1500 ut
321 1458 494 1500 tollatur
509 1472 624 1498 error
645 1458 782 1499 omnis
800 1458 1119 1513 imperitoium·
1141 1457 1484 1513 intelligaturque
1506 1470 1568 1506 ea,
1592 1471 1687 1512 quae

251 1514 500 1570 voluptaria,
522 1514 715 1566 delicata,
736 1514 876 1556 mollis
905 1514 1108 1555 habeatur
1130 1513 1363 1569 disciplina,
1385 1528 1511 1569 quam
1533 1513 1687 1569 gravis,

253 1586 382 1636 quam
412 1571 647 1621 continens,
670 1586 798 1636 quam
829 1585 968 1612 severa
998 1570 1064 1611 sit.
1096 1585 1180 1611 non
1202 1570 1313 1611 enim
1335 1570 1442 1611 hanc
1464 1570 1597 1611 solam
1619 1584 1686 1611 se-

253 1643 438 1683 qiumur,
461 1643 556 1683 quae
585 1629 788 1668 suavitate
817 1627 958 1682 aliqua
978 1636 1170 1668 naturam
1192 1627 1323 1683 ipsam
1347 1636 1501 1677 movet,
1523 1636 1565 1668 et
1587 1640 1686 1668 cum

246 1684 514 1740 jucunditate
536 1684 719 1739 quadam
751 1684 979 1739 percipitur
999 1684 1204 1748 sensibus,
1227 1684 1300 1724 sed
1323 1683 1550 1724 maximam
1571 1682 1687 1724 illam

251 1741 516 1805 voluptatem
547 1741 767 1791 habemus,
790 1756 885 1805 quae
907 1740 1148 1795 percipitur,
1171 1740 1287 1781 omni
1314 1740 1460 1782 dolore
1482 1740 1688 1782 detracto.

254 1812 351 1838 nam
384 1797 600 1853 quoniam,
633 1812 731 1838 cum
757 1797 969 1852 privamur
991 1796 1183 1847 dolore,
1174 1812 1265 1852 ipsa
1286 1797 1534 1838 liberatione
1556 1804 1599 1837 et
1619 1810 1689 1837 va-

253 1854 412 1894 cuitate
449 1854 586 1894 omnis
621 1853 829 1895 molestiae
869 1853 1134 1909 gaudemus:
1166 1868 1292 1894 omne
1328 1862 1471 1894 autem
1505 1852 1562 1904 id,
1602 1867 1689 1909 quo

251 1910 504 1965 gaudemuS,
527 1910 719 1974 voluptas
740 1919 816 1961 est,
839 1918 888 1950 ut
909 1924 1034 1951 omne
1056 1909 1113 1959 id,
1137 1925 1222 1965 quo
1245 1909 1513 1961 offendimur,
1536 1883 1688 1951 dolor:

252 1966 412 2008 doloris
454 1982 591 2008 01111113
632 1967 809 2022 privatio
843 1975 956 2007 recte
1002 1966 1218 2008 nominata
1253 1975 1318 2007 est
1359 1966 1564 2022 voluptaS.
1626 1966 1689 2007 Ut

253 2023 366 2064 enim
397 2038 495 2064 cum
528 2023 639 2073 cibo,
666 2033 710 2065 et
736 2023 910 2079 potione
940 2024 1087 2074 fames,
1109 2023 1283 2079 sitisque
1304 2023 1480 2078 depulsa
1499 2030 1576 2072 est,
1598 2022 1691 2078 ipsa

246 2080 461 2122 detractio
492 2079 698 2121 molestiae
728 2080 1071 2121 consecutionem
1103 2080 1223 2120 affert
1252 2079 1504 2134 voluptatis:
1546 2079 1605 2120 sic
1645 2079 1688 2120 in

192 2143 243 2176 38
257 2137 372 2177 omni
394 2151 436 2178 re
458 2136 617 2178 doloris
638 2137 799 2178 amotio
821 2136 1131 2177 successionem
1153 2135 1279 2176 efficit
1298 2135 1538 2190 voluptatis
1601 2136 1689 2177 Ita-

256 2208 339 2249 que
368 2208 453 2234 non
481 2192 641 2248 placuit
663 2194 863 2249 EpicurO,
885 2193 1071 2235 medium
1099 2207 1190 2233 esse
1212 2192 1414 2248 quiddam
1437 2192 1543 2234 inter
1565 2191 1688 2234 dolo-

254 2264 360 2300 rem,
392 2260 434 2291 et
474 2249 750 2305 voluptatem.
812 2249 923 2291 Illud
957 2250 1067 2291 enim
1100 2250 1255 2304 ipsum,
1284 2248 1400 2305 quod
1432 2248 1688 2304 quibusdam

253 2306 443 2348 medium
472 2306 650 2358 videtur,
680 2322 779 2348 cum
811 2307 926 2347 omni
957 2306 1104 2347 dolore
1133 2313 1262 2356 caret,
1293 2320 1377 2346 non
1409 2305 1540 2347 modo
1568 2305 1688 2347 volu-

252 2371 412 2418 ptatem
452 2377 557 2413 0330,
591 2377 734 2404 verum
774 2363 901 2404 etiam
939 2377 1150 2403 summam
1185 2362 1460 2417 v.oluptatem
1497 2361 1689 2418 quisquis

192 2441 196 2445 ·
253 2419 363 2459 enim
386 2419 527 2468 sentit,
550 2419 913 2475 quemadmodum
936 2419 989 2459 sit
1010 2419 1199 2469 affectus,
1220 2432 1316 2459 eum
1341 2433 1511 2460 11000330
1530 2428 1595 2460 est
1615 2426 1690 2461 aut

253 2474 297 2515 in
326 2476 541 2530 voluptate
571 2491 677 2527 esse,
707 2485 780 2517 aut
810 2491 849 2516 m
882 2475 1044 2515 dolore.
1077 2475 1268 2515 5001111113
1296 2484 1437 2516 autem
1460 2475 1689 2531 privatione

146 2558 178 2589 p
194 2551 246 2582 ⁵7
257 2531 415 2572 doloris
445 2540 569 2587 putat
598 2533 805 2588 Epicurus
835 2531 1049 2572 terminari
1079 2546 1289 2572 summam
1319 2531 1609 2587 voluptatem:
1641 2539 1690 2573 ut

217 2598 250 2622 ²
237 2596 405 2643 postea
432 2588 577 2628 variari
609 2589 816 2644 voluptas,
844 2587 1133 2652 distinguique
1161 2588 1321 2642 possit3
1352 2588 1514 2643 augeri,
1540 2587 1692 2642 ampli-

190 2654 244 2696 39
256 2645 455 2701 ficarique
479 2659 565 2686 non
594 2645 742 2700 possit.
800 2645 862 2686 At
886 2644 1014 2685 etiam
1046 2643 1244 2696 Athenis,
1269 2654 1318 2686 ut
1346 2659 1371 2686 a
1400 2653 1519 2700 patre
1544 2644 1689 2686 audie-

295 2796 335 2821 5ο
357 2788 446 2819 omnis
475 2800 504 2819 a.
525 2788 694 2829 privatione
717 2788 833 2828 doloris]
860 2789 948 2819 otnm's
992 2791 1030 2820 ad
1051 2788 1152 2819 doloris
1176 2799 1241 2820 non
1267 2791 1306 2820 ad
1329 2790 1541 2829 privationem.
1586 2793 1638 2825 Sic
1658 2799 1690 2823 et

247 2840 310 2873 pro
330 2832 405 2863 omni
424 2831 516 2863 edidi.
533 2832 663 2863 refertur
678 2832 765 2863 enim
783 2833 949 2864 manifeste
994 2833 1171 2868 Lambinus
1186 2839 1217 2863 et
1232 2833 1392 2865 Davisius.
