1778 3095
557 143 738 183 LIBER
772 143 1014 182 PRIMUS.
1428 146 1503 180 545

82 254 257 310 ceperit.
315 254 435 296 Licet
462 262 604 294 autem
624 252 762 293 videre
782 261 826 292 et
843 265 997 306 genera
1018 249 1225 307 quaedam,
1245 257 1287 290 et
1316 248 1505 290 nationes

84 311 183 352 huic
211 311 392 352 scientiae
415 309 588 351 deditas.
645 308 885 349 Telmessus
905 308 947 351 in
971 308 1095 348 Caria
1114 317 1205 348 est:
1237 319 1320 361 qua
1339 306 1380 345 in
1401 306 1506 346 urbe

83 367 251 409 excellit
279 367 545 422 haruspicum
577 363 808 419 disciplina.
839 372 877 395 ‘24
896 364 1081 418 itemque
1110 363 1197 404 Elis
1226 362 1268 403 in
1300 361 1506 414 Pelopon-

85 438 187 464 neso
218 423 393 463 familias
422 422 523 462 duas
550 430 684 461 certas
714 420 855 470 habet,
877 419 1136 461 Jamidarum
1169 433 1309 468 unam,
1331 417 1506 457 alteram

86 479 367 529 Clutidarum,
407 477 680 531 haruspicinae
721 476 938 517 nobilitate
975 484 1232 530 praestantes.
1293 475 1341 514 In
1387 472 1508 528 Syria

87 535 278 576 Chaldaei
306 534 546 590 cognitione
574 542 781 574 astrorum
806 532 1072 586 sollertiaque
1094 531 1359 585 ingeniorum
1391 538 1507 569 ante-

84 592 256 633 cellunt.
313 591 478 631 Etruria
505 600 647 631 autem
672 590 723 630 de
753 588 857 629 caelo
885 598 997 629 tacta
1024 587 1296 628 scientissime
1321 584 1508 626 animad-
1519 591 1569 632 92

84 648 233 688 vertit:
268 646 497 703 eademque
528 647 838 701 interpretatur,
872 645 971 700 quid
1001 644 1238 699 quibusque
1266 640 1510 683 ostendatur

85 705 283 745 monstris
321 712 446 758 atque
496 703 711 758 portentis.
784 702 996 757 Quocirca
1035 700 1139 740 bene
1179 699 1290 754 apud
1330 698 1552 752 majoresb·

86 770 252 800 nostros
281 772 463 810 senatus,
493 771 600 808 tum,
629 774 727 800 cum
766 759 941 801 florebat
972 757 1208 811 imperium,
1238 755 1433 803 decrevit,
1464 762 1512 793 ut

87 815 141 856 de
162 815 396 871 principum
422 816 512 856 filiis
542 830 613 857 sex
643 815 817 871 singulis
848 815 1024 855 Etruriae
1056 813 1222 868 populis
1251 812 1293 852 in
1325 809 1511 864 discipli-

86 886 184 912 nam
204 873 478 922 traderentur,
501 887 551 913 ne
574 887 638 913 ars
659 883 788 921 tanta,
812 880 983 926 propter
1003 870 1253 910 tenuitatem
1275 867 1514 915 hominum,

88 942 113 968 a
150 928 364 984 religionis
404 929 651 969 auctoritate
691 928 968 968 abduceretur
1007 925 1060 966 ad
1105 924 1340 965 mercedem
1388 931 1514 977 atque

88 996 312 1039 quaestum.
374 985 559 1041 Phryges
577 994 733 1034 autem,
754 993 796 1024 et
818 982 979 1033 Pisidae,
1001 991 1044 1022 et
1067 980 1235 1029 Cilices,
1260 991 1303 1021 et
1324 980 1513 1020 Arabum

89 1041 218 1091 natio,
240 1042 375 1081 avium
407 1040 782 1095 significationibus
803 1039 1031 1094 plurimum
1063 1038 1369 1092 obtemperant,
1399 1034 1517 1091 quod

88 1097 199 1138 idem
220 1098 457 1138 factitatum
479 1096 521 1137 in
544 1098 723 1137 Umbria
744 1096 996 1151 accepimus·

144 1155 211 1193 Ac
230 1153 336 1194 mihi
358 1153 524 1208 quidem
547 1154 739 1194 videntur
759 1168 781 1193 e
802 1153 906 1193 locis
936 1165 1104 1208 quoque
1133 1150 1247 1205 ipsis,
1269 1150 1341 1205 qui
1371 1163 1394 1189 a
1423 1148 1517 1204 qui·
1530 1158 1577 1199 93

88 1209 250 1264 busque
283 1210 586 1260 incolebantur,
621 1210 920 1250 divinationum
953 1207 1288 1264 opportunitates
1316 1220 1406 1246 esse
1438 1204 1516 1245 du-
1531 1211 1598 1258 42

89 1273 183 1305 ctae.
243 1274 281 1298 2⁵
297 1266 463 1307 Etenim
494 1267 668 1322 Egyptii
697 1275 740 1306 et
769 1266 993 1322 Babylonii
1022 1266 1063 1305 in
1094 1277 1340 1317 camporum
1372 1270 1518 1316 paten-

89 1321 195 1362 tium
234 1323 475 1377 aequoribus
513 1323 765 1372 habitantes,
799 1337 895 1363 cum
932 1337 983 1362 ex
1022 1330 1129 1362 terra
1166 1319 1268 1359 nihil
1304 1319 1519 1368 emineret,

90 1378 207 1433 quod
236 1379 581 1434 contemplationi
609 1380 701 1420 caeli
724 1379 889 1419 officere
916 1387 1073 1433 posset,
1101 1390 1271 1416 omnem
1303 1389 1446 1415 curam
1478 1374 1521 1413 in

91 1434 274 1475 siderum
306 1436 549 1491 cognitione
582 1446 837 1490 posuerunt:
885 1435 1050 1476 Etrusci
1081 1443 1239 1482 autem,
1272 1431 1386 1487 quod
1425 1430 1522 1470 reli-

90 1491 218 1545 gione
241 1492 391 1533 imbuti
411 1492 654 1543 studiosius,
676 1502 718 1532 et
739 1492 923 1532 crebrius
947 1491 1103 1532 hostias
1134 1487 1424 1535 immolabant,
1450 1501 1521 1526 ex-

91 1556 234 1588 torum
263 1549 498 1603 cognitioni
529 1564 572 1589 se
603 1549 784 1589 maxime
813 1548 1088 1588 dediderunt:
1121 1545 1318 1601 quodque
1351 1552 1524 1599 propter

93 1604 199 1644 aeris
219 1605 537 1645 crassitudinem
566 1605 617 1645 de
639 1605 744 1646 caelo
765 1605 877 1659 apud
907 1619 978 1645 eos
1001 1603 1135 1644 multa
1155 1602 1323 1651 fiebant,
1345 1610 1387 1640 et
1407 1598 1525 1654 quod

93 1660 150 1700 ob
177 1660 353 1701 eandem
383 1676 549 1701 causam
584 1662 718 1702 multa
748 1662 946 1702 inusitata
974 1660 1123 1715 partim
1154 1673 1176 1698 e
1206 1657 1326 1707 caelo,
1361 1656 1440 1696 alia
1473 1670 1525 1695 ex

93 1724 204 1756 terra
239 1717 492 1767 oriebantur,
525 1718 718 1771 quaedam
755 1719 879 1758 etiam
921 1732 971 1757 ex
1007 1716 1227 1756 hominum
1265 1713 1525 1768 pecudumve

94 1781 304 1827 conceptu
331 1783 372 1813 et
403 1783 508 1824 satu,
530 1783 792 1815 ostentorum
818 1771 1149 1814 exercitatissimi
1181 1771 1425 1825 interpretes
1453 1783 1526 1808 ex-

96 1829 307 1870 stiterunt.
349 1844 527 1884 quorum
566 1830 734 1885 quidem
766 1830 862 1879 vim,
899 1840 947 1870 ut
987 1840 1032 1870 tu
1073 1828 1180 1868 soles
1219 1827 1372 1875 dicere,
1403 1825 1527 1865 verba

96 1885 188 1940 ipsa
209 1886 433 1941 prudenter
451 1901 475 1926 a
494 1887 723 1942 majoribus
745 1887 881 1941 posita
896 1885 1121 1926 declarant.
1138 1884 1237 1939 quia
1253 1883 1363 1923 enim
1385 1891 1526 1923 osten-

96 1941 217 1991 dunt,
257 1943 528 1997 portendunt,
567 1952 815 1993 monstrant,
846 1942 1108 1997 praedicunt3
1147 1950 1327 1991 ostenta,
1358 1947 1527 1993 porten-

96 2006 155 2048 ta,
176 2010 378 2049 monstra,
399 1998 590 2054 prodigia
618 1999 826 2039 dicuntur.
887 1999 1048 2039 Arabes
1078 2006 1234 2046 autem,
1263 2006 1306 2037 et
1339 1995 1526 2050 Phryges
1540 1998 1588 2040 94

98 2062 142 2095 et
174 2054 343 2105 Cilices,
374 2055 487 2110 quod
520 2065 643 2110 pastu
672 2055 882 2110 pecudum
923 2055 1103 2095 maxime
1133 2063 1323 2102 utuntur,
1354 2065 1526 2105 campos

97 2119 141 2151 et
172 2120 338 2152 montes
369 2111 507 2151 hieme
544 2122 584 2152 et
618 2121 761 2152 aestate
793 2120 1077 2167 peragrantes,
1112 2118 1332 2165 propterea
1364 2107 1527 2148 facilius

98 2177 247 2208 cantus
278 2168 414 2208 avium
445 2178 486 2208 et
516 2168 676 2209 volatus
716 2178 975 2209 notaverunt.
1014 2167 1247 2221 eademque
1283 2174 1325 2205 et
1365 2162 1528 2204 Pisidiae

99 2238 226 2265 causa
251 2224 343 2273 fuit,
372 2234 414 2265 et
442 2224 541 2264 huic
568 2234 719 2265 nostrae
747 2225 952 2265 Umbriae.
1009 2224 1118 2264 Turn
1143 2222 1267 2262 Caria
1290 2230 1393 2271 tota,
1419 2234 1526 2274 prae-
1540 2241 1570 2271 p.
1588 2238 1656 2262 100.

99 2281 304 2336 cipueque
329 2281 579 2332 Telmesses,
606 2296 710 2336 quos
739 2291 835 2321 ante
862 2281 960 2330 dixi,
990 2280 1106 2336 quod
1138 2293 1262 2334 agros
1293 2278 1527 2318 uberrimos
1539 2284 1568 2306 a.

99 2337 368 2391 maximeque
400 2337 554 2377 fertiles
583 2338 786 2388 incolunt,
818 2338 859 2378 in
894 2338 1046 2392 quibus
1078 2336 1212 2376 multa
1243 2342 1413 2390 propter
1446 2333 1525 2372 foe-

99 2393 360 2434 cunditatem
397 2394 499 2448 fingi
535 2394 738 2449 gignique
769 2403 959 2449 possunt,
990 2394 1032 2433 in
1063 2392 1236 2433 ostentis
1267 2389 1527 2431 animadver-

99 2449 236 2490 tendis
261 2449 482 2505 diligentes
504 2450 687 2491 fuerunt.

157 2505 264 2561 Quis
291 2520 385 2547 vero
419 2522 503 2547 non
530 2506 657 2558 videt,
693 2506 735 2548 in
770 2506 931 2562 optima
961 2519 1127 2561 quaque
1157 2503 1372 2559 republica
1398 2501 1528 2558 pluri·
1541 2494 1610 2542 43

1541 2569 1589 2610 95

145 2660 185 2683 24
208 2653 332 2694 itemque
353 2652 793 2685 Elis—Jamidarum-Cluti-
879 2661 917 2684 25
944 2653 1061 2682 Etenim
1077 2652 1205 2693 Egyptii
1222 2659 1248 2681 e!
1264 2651 1430 2693 Babylonii]
1479 2651 1530 2681 Sic

102 2696 221 2735 darum]
239 2696 278 2726 V.
294 2697 331 2725 de
348 2705 377 2724 re
398 2696 546 2726 Herodot.
563 2698 621 2733 IX,
638 2705 689 2728 3⁵3.
706 2705 736 2727 et
751 2698 793 2726 ibi
837 2707 853 2726 e
877 2697 955 2726 Mss.
983 2697 1077 2726 edidit
1103 2696 1262 2732 Davisius,
1293 2703 1327 2725 ut
1353 2696 1530 2731 conjecerat

100 2739 142 2769 V.
166 2740 206 2768 D.
230 2738 457 2768 Valkenarium
485 2747 514 2768 et
536 2740 794 2779 Wesselingium.
837 2740 872 2770 P.
897 2740 1077 2774 Manutius,
1099 2749 1154 2778 pro
1177 2739 1305 2776 vulgato
1327 2744 1359 2766 ut
1382 2738 1455 2765 enim
1477 2737 1527 2765 AE.

102 2781 290 2811 Secundum
318 2781 514 2811 Herodotum
545 2791 620 2812 sunt
646 2783 772 2824 ngridae
787 2794 795 2810 .-
837 2789 870 2810 ut
885 2782 923 2811 B.
938 2783 1025 2821 quod
1041 2792 1157 2811 sanum
1174 2791 1239 2810 esse
1255 2790 1318 2809 non
1340 2787 1459 2818 potest:
1484 2777 1530 2807 nil

102 2825 156 2853 sed
180 2824 224 2853 nil
247 2825 384 2855 interest.
404 2834 434 2854 v.
455 2823 586 2854 collecta
608 2826 647 2856 de
666 2826 796 2866 Clytidis
839 2825 925 2853 enim
956 2826 1109 2863 sequitur,
1146 2824 1230 2862 quod
1270 2823 1310 2858 τῷ
1340 2830 1372 2850 ut
1405 2830 1530 2860 respon-

104 2876 124 2896 a
140 2867 298 2905 Leopardo
313 2868 448 2897 Emend.
465 2867 521 2904 IV,
538 2874 588 2899 18.
840 2868 920 2896 deat.

161 2921 276 2952 VOL.
297 2923 365 2953 lv.
390 2923 428 2949 P.
451 2921 483 2949 1.
881 2921 909 2949 N
929 2922 955 2947 n
