1778 3095
257 152 336 189 564
409 179 414 184 .
597 149 601 153 ’
696 149 774 188 DE
810 150 1244 189 DIVINATIONE

216 259 248 292 b.
261 258 328 298 Ita
347 256 609 315 relinquitur,
628 264 677 298 ut
697 272 747 298 ea
767 258 940 300 fortuita
965 257 1136 300 divinari
1164 259 1339 315 possint,
1361 273 1454 314 quae
1474 257 1590 300 nulla
1609 272 1684 300 neo

259 323 365 366 arte,
388 329 462 356 nec
484 314 687 369 sapientia
706 314 910 368 provideri
931 326 1129 370 possunt:
1161 326 1223 367 ut,
1243 316 1277 357 si
1297 315 1390 370 quis
1411 316 1476 356 M.
1499 316 1685 356 Marcel-

260 369 351 411 lum
385 371 518 421 illum,
553 371 625 425 qui
656 380 720 411 ter
755 371 903 412 consul
934 372 1026 420 fuit,
1056 372 1200 414 multis
1229 372 1346 413 annis
1376 380 1472 412 ante
1502 371 1688 421 dixisset,

263 427 484 482 naufragio
517 441 608 467 esse
644 428 904 481 periturum3
936 427 1159 469 divinasset
1191 430 1395 484 profecto.
1427 427 1543 469 nulla
1574 426 1687 468 enim

265 492 354 524 arte
373 484 453 523 alia
473 483 529 533 id,
544 497 619 523 nec
638 484 839 538 sapientia
855 483 957 524 scire
974 484 1193 538 potuisset.
1222 485 1390 526 Talium
1410 498 1514 540 ergo
1532 498 1689 533 rerum,

219 529 255 582 6
268 554 361 594 quae
381 539 424 579 in
444 540 612 580 fortuna
627 540 774 594 positae
792 549 901 589 sunt,
916 541 1154 593 praesensio,
1168 540 1365 582 divinatio
1385 549 1462 581 est.
1494 541 1690 581 Potestne

208 610 252 641 15
268 596 396 650 igitur
420 610 564 636 earum
594 610 747 645 rerum,
768 611 860 651 quae
881 595 983 635 nihil
1005 595 1161 637 habent
1178 598 1364 646 rationis,
1385 611 1514 652 quare
1536 597 1688 637 futurae

266 653 362 702 sint,
383 652 468 692 ulla
495 666 585 692 esse
609 652 860 706 praesensio?
894 651 994 706 quid
1014 661 1078 692 est
1096 652 1206 693 enim
1229 653 1342 694 aliud
1362 654 1463 704 fors,
1483 653 1583 708 quid
1604 653 1690 693 for-

265 715 381 758 tuna,
399 708 500 764 quid
520 722 654 757 casus,
669 707 770 763 quid
786 715 972 757 eventus,
990 707 1067 748 nisi
1087 722 1183 749 cum
1199 709 1256 750 sic
1274 709 1431 764 aliquid
1451 709 1618 759 cecidit,
1631 708 1690 749 sic

264 766 413 815 evenit,
433 775 480 804 ut
503 764 566 804 vel
593 779 677 804 non
698 763 860 813 cadere,
883 771 1007 818 atque
1029 764 1204 816 evenire,
1222 766 1287 805 vel
1306 766 1425 806 aliter
1443 765 1605 816 cadere,
1627 773 1690 806 at-

265 835 348 876 que
367 821 529 861 evenire
547 820 754 874 potuerit?
777 834 861 875 quo
878 819 1007 860 modo
1023 834 1125 875 ergo
1142 821 1199 870 id,
1214 822 1327 876 quod
1345 830 1500 863 temere
1516 821 1560 862 fit
1576 835 1691 862 caeco

266 891 380 926 casu,
400 886 443 918 et
474 876 734 917 volubilitate
764 876 958 926 fortunae,
986 877 1229 931 prresentiri,
1250 887 1292 919 et
1322 877 1491 933 praedici
1519 879 1689 932 potest?

209 933 463 974 16Medicus
493 933 688 973 morbum
720 932 1076 987 ingravescentem
1107 934 1267 975 ratione
1298 933 1502 989 providet,
1524 934 1692 975 insidias

268 989 510 1043 imperator,
541 998 812 1044 tempestates
840 989 1123 1044 gubernator:
1161 999 1203 1031 et
1234 1000 1374 1031 tamen
1402 990 1447 1031 hi
1475 989 1555 1045 ipsi
1583 1004 1693 1045 saepe

267 1045 484 1096 falluntur,
505 1045 577 1100 qui
605 1046 709 1087 nihil
737 1046 825 1086 sine
846 1054 959 1086 certa
979 1046 1139 1087 ratione
1158 1046 1394 1102 opinantur.
1424 1055 1473 1088 ut
1491 1045 1692 1102 agricola,

266 1116 365 1143 cum
391 1103 536 1143 florem
568 1102 672 1142 oleae
703 1102 826 1152 videt,
855 1103 1029 1143 baccam
1059 1117 1230 1158 quoque
1260 1117 1303 1144 se
1332 1103 1512 1144 visurum
1543 1111 1690 1158 putat:

267 1173 352 1199 non
372 1158 461 1199 sine
483 1158 644 1199 ratione
673 1158 741 1199 ille
766 1158 933 1214 quidem
950 1174 962 1209 ;
993 1158 1065 1199 sed
1085 1174 1402 1215 nonnumquam
1423 1167 1561 1200 tamen
1585 1158 1695 1200 falli-

267 1223 349 1255 tur.
399 1214 529 1271 Quod
551 1215 584 1254 si
606 1215 807 1255 falluntur
827 1215 869 1265 ii,
889 1215 959 1270 qui
979 1215 1083 1256 nihil
1104 1216 1191 1256 sine
1210 1215 1351 1271 aliqua
1367 1215 1574 1271 probabili
1593 1230 1695 1256 con-

257 1271 428 1326 jectura
454 1286 502 1312 ac
532 1272 693 1312 ratione
722 1271 898 1312 dicunt:
938 1271 1039 1327 quid
1067 1272 1389 1313 existimandum
1418 1280 1483 1313 est
1510 1271 1563 1313 de
1589 1286 1694 1313 con-

260 1329 429 1383 jectura
449 1341 612 1376 eorum,
633 1327 706 1383 qui
737 1327 856 1378 extis,
878 1337 952 1369 aut
969 1328 1128 1379 avibus,
1149 1337 1222 1369 aut
1242 1328 1432 1379 ostentis,
1454 1337 1526 1369 aut
1546 1342 1695 1369 oracu-

267 1383 333 1435 lis,
366 1393 438 1424 aut
470 1384 643 1424 somniis
677 1385 818 1425 futura
850 1384 1148 1439 praesentiunt?
1187 1385 1392 1426 Nondum
1426 1385 1537 1436 dico,
1567 1399 1696 1441 quam

268 1439 359 1480 haec
393 1440 514 1495 signa
547 1440 663 1481 nulla
694 1440 790 1491 siut,
822 1441 964 1481 fissum
991 1440 1164 1497 jecoris,
1196 1442 1308 1482 corvi
1339 1450 1502 1493 cantus,
1534 1441 1696 1492 volatus

268 1496 435 1551 aquilae,
455 1497 588 1538 stellae
616 1496 822 1552 trajectio,
844 1512 965 1538 voces
994 1498 1239 1549 furentium,
1260 1507 1406 1548 sorteS‚
1430 1498 1615 1539 somnia:
1645 1498 1698 1538 de

211 1567 256 1608 17
271 1553 422 1610 quibus
453 1553 631 1609 singulis
661 1554 796 1595 dicam
830 1569 905 1595 suo
935 1554 1033 1595 loco
1057 1572 1066 1595 :
1106 1569 1217 1596 nunc
1247 1554 1300 1596 de
1329 1554 1543 1596 universis.
1609 1554 1696 1597 Qui

269 1618 410 1666 potest
433 1610 655 1665 provideri,
676 1611 906 1667 quidquam
938 1611 1123 1652 futurum
1156 1625 1259 1661 esse,
1287 1611 1401 1666 quod
1431 1624 1568 1666 neque
1597 1624 1698 1651 cau·-

268 1680 359 1707 sam
391 1666 518 1707 habet
547 1666 694 1717 ullam,
714 1681 849 1723 neque
880 1678 1041 1718 notam,
1062 1682 1138 1708 cur
1164 1667 1353 1708 futurum
1379 1667 1461 1708 sit?
1495 1666 1603 1708 Solis
1623 1666 1698 1707 de-

270 1722 487 1773 fectiones,
508 1723 694 1778 itemque
722 1723 848 1774 lunae,
868 1723 1152 1778 praedicuntur
1171 1723 1212 1764 in
1236 1724 1392 1764 multos
1412 1737 1542 1764 annos
1561 1723 1614 1763 ab
1634 1723 1698 1774 iis,

142 1801 173 1832 p.
189 1796 259 1823 ιη.
271 1778 345 1835 qui
368 1786 383 1816 7
402 1778 586 1820 siderum
606 1788 748 1821 motus
768 1779 951 1821 numeris
975 1790 1296 1835 persequuntur.
1326 1794 1377 1820 ea
1404 1779 1515 1820 enim
1548 1778 1700 1834 praedi-

232 1844 389 1886 a·cunt‚
408 1851 502 1891 quae
524 1845 684 1877 naturae
712 1836 935 1877 necessitas
963 1836 1198 1891 perfectura
1216 1845 1292 1877 est.
1349 1835 1510 1877 Vident
1527 1850 1578 1876 ex
1596 1850 1700 1877 con-

271 1892 530 1933 stantissimo
564 1900 687 1933 motu
713 1892 840 1943 lunae,
860 1892 1030 1947 quando
1058 1891 1129 1933 illa
1147 1906 1171 1933 e
1191 1892 1364 1948 regione
1384 1891 1484 1933 solis
1504 1892 1616 1934 facta
1635 1892 1699 1934 in-

272 1956 414 1990 currat
442 1949 483 1990 in
512 1949 707 1990 umbram
736 1957 870 1999 terrae,
897 1957 913 1980 8
928 1964 1021 2005 quae
1042 1956 1106 1989 est
1131 1958 1245 1990 meta
1272 1949 1421 1998 noctis,
1442 1957 1489 1990 ut
1507 1963 1599 1990 eam
1622 1948 1701 1989 ob-

271 2006 429 2047 scurari
458 2019 626 2046 necesse
655 2005 734 2046 sit:
769 2005 1021 2061 quandoque
1049 2005 1194 2046 eadem
1225 2005 1325 2046 luna
1353 2004 1545 2061 subjecta
1573 2013 1701 2061 atque

271 2061 468 2117 opposita
487 2061 581 2112 soli,
598 2061 751 2103 nostris
764 2062 898 2103 oculis
912 2062 1002 2118 ejus
1018 2061 1162 2103 lumen
1180 2061 1398 2104 obscuret:
1419 2076 1504 2117 quo
1521 2062 1563 2102 in
1580 2061 1702 2117 signo

272 2132 453 2174 quaeque
473 2118 702 2159 errantium
731 2118 962 2167 stellarum,
983 2132 1154 2174 quoque
1174 2126 1363 2173 tempore
1381 2119 1521 2159 futura
1541 2118 1609 2168 sit,
1629 2119 1700 2174 qui

270 2184 442 2216 exortus
472 2188 643 2230 quoque
667 2173 735 2215 die
766 2175 876 2230 signi
907 2174 1099 2230 alicujus,
1130 2183 1202 2216 aut
1231 2174 1303 2230 qui
1333 2188 1506 2216 occasus
1534 2175 1701 2217 futurus

272 2230 341 2272 sit.
372 2231 463 2272 haec
497 2231 570 2287 qui
600 2239 697 2272 ante
725 2230 886 2283 dicunt,
917 2246 1046 2287 quam
1075 2231 1280 2273 rationem
1311 2239 1550 2287 sequantur,
1576 2230 1700 2273 vides.

225 2290 260 2344 7
285 2296 304 2322 9
317 2287 405 2344 Qui
424 2287 665 2329 thesaurum
687 2286 995 2339 inveniendum,
1012 2295 1087 2329 aut
1106 2286 1381 2329 hereditatem
1403 2296 1617 2329 venturam
1639 2287 1703 2329 di-

215 2364 263 2396 18
274 2352 391 2396 cunt,
411 2343 513 2400 quid
531 2345 791 2399 sequuntur?
822 2353 897 2386 aut
927 2344 970 2386 in
1001 2358 1085 2400 qua
1103 2358 1241 2385 rerum
1263 2353 1412 2385 natura
1430 2343 1550 2393 inest,
1569 2342 1611 2384 id
1633 2343 1702 2385 fu-

274 2402 447 2442 turum?
477 2400 594 2456 quod
625 2400 660 2441 si
687 2399 793 2452 haec,
813 2415 946 2457 eaque
966 2415 1060 2456 quae
1089 2409 1186 2441 sunt
1216 2399 1403 2456 ejusdem
1424 2399 1606 2454 generis,
1626 2399 1702 2441 ha-

273 2456 376 2498 bent
407 2457 592 2512 aliquam
624 2456 751 2498 talem
786 2457 1103 2507 necessitatem3
1134 2456 1237 2511 quid
1271 2465 1336 2496 est
1371 2455 1555 2505 tandem,
1587 2456 1703 2511 quod

273 2525 375 2554 casu
404 2513 505 2564 fieri,
531 2521 605 2555 aut
638 2512 747 2555 forte
779 2514 950 2556 fortuna
982 2514 1208 2569 putemus?
1245 2511 1350 2553 nihil
1378 2511 1489 2554 enim
1521 2522 1586 2554 est
1613 2521 1702 2556 tam

319 2619 334 2648 7
360 2614 483 2644 siderum
504 2624 600 2643 cursus
615 2620 642 2642 et
657 2612 757 2652 motus]
777 2614 887 2647 Delevi
904 2624 968 2643 cur·
1056 2621 1073 2644 9
1099 2612 1159 2643 Qui
1182 2612 1344 2642 thesaurum
1371 2611 1575 2653 inventurum]
1604 2613 1704 2644 Vitio·

273 2667 319 2686 ηις
355 2663 395 2692 et,
431 2657 612 2687 auctoribus
643 2657 722 2686 Mss.
753 2657 850 2686 tribus
878 2656 967 2686 Voss.
1010 2665 1083 2686 sum
1100 2662 1146 2685 est
1162 2655 1356 2685 inventurum.
1389 2655 1563 2686 Lambinus
1579 2657 1704 2696 corrigit

273 2700 357 2739 apud
382 2699 491 2729 Burm.
515 2699 552 2728 V.
571 2699 606 2728 C.
627 2698 761 2728 Anthol.
775 2699 815 2729 T.
830 2699 854 2729 1.
871 2708 901 2738 p.
917 2706 967 2730 51.
1012 2698 1162 2727 inventum
1193 2697 1257 2734 iri3
1292 2698 1377 2738 quod
1407 2698 1486 2728 mihi
1516 2708 1643 2738 quoque
1668 2701 1702 2731 in

273 2749 305 2772 ct
320 2741 427 2772 Guelft
445 2749 476 2772 et
492 2743 521 2771 in
541 2751 584 2771 m.
601 2742 650 2771 cd.
667 2741 778 2771 Lamb.
1010 2747 1152 2771 mentem
1169 2747 1306 2770 venerat.
1349 2741 1496 2772 Davisius
1511 2742 1544 2771 in
1560 2741 1638 2771 Mss.
1655 2752 1705 2772 re-

318 2791 335 2814 8
359 2795 424 2826 quae
438 2791 479 2814 est
494 2791 569 2813 meta
585 2783 685 2823 noctis]
710 2784 836 2823 Nempe
852 2784 966 2814 umbra
1010 2785 1088 2823 perit
1103 2783 1317 2820 inveniendum,
1330 2784 1415 2823 quod
1429 2793 1482 2823 pro
1498 2783 1647 2814 inventum
1661 2785 1702 2813 iri

274 2832 363 2857 terrae
384 2837 539 2859 nocturna
562 2826 657 2858 habet
680 2827 815 2867 figuram
833 2834 925 2861 metae
940 2837 966 2860 s.
1009 2827 1070 2857 dici
1084 2833 1195 2866 potest,
1209 2833 1239 2856 et
1250 2836 1332 2866 saepe
1341 2827 1386 2858 sic
1399 2826 1452 2856 illa
1464 2826 1565 2856 forma
1574 2827 1699 2864 dicitur,

271 2871 357 2901 coni.
622 2889 626 2894 ·
1011 2876 1046 2901 ut
1059 2871 1167 2902 docuit
1182 2869 1341 2902 Davisius.
1376 2869 1486 2910 Itaque
1502 2869 1532 2900 id
1548 2870 1659 2910 recepi.
