1778 3095
602 65 781 104 LIBER
813 66 1100 102 TERTIUS.
1498 66 1574 99 323

201 174 286 217 Sed
304 175 358 218 ad
378 175 485 216 hanc
505 174 745 229 opinionem
770 172 916 228 magni
946 170 1048 212 mali
1079 184 1177 211 cum
1198 169 1269 210 illa
1288 169 1414 210 etiarn
1434 169 1578 225 opinio
1591 159 1662 211 26

145 233 381 283 accesserit,
421 239 641 287 oporter63
687 238 849 271 rectum
879 243 998 279 esse3
1041 227 1094 268 ad
1132 226 1317 267 officium
1357 226 1576 280 pertinere,

81 307 83 309 ·
142 288 250 330 ferre
270 289 387 339 illud,
419 301 532 342 aegre
561 286 676 342 quod
706 285 933 327 acciderit:
965 294 1058 325 tum
1090 283 1269 337 denique
1299 281 1476 323 efficitur
1505 283 1575 322 illa
1590 277 1640 313 62

145 345 284 400 gravis
323 342 581 399 aegritudinis
616 342 891 397 perturbatio.
927 356 976 382 ex
1015 341 1093 381 hac
1132 339 1333 395 opinione
1371 346 1467 378 sunt
1507 336 1706 402 illag·²⁰⁴·

144 402 267 450 varia,
304 409 349 446 et,
384 399 650 440 detestabilia
686 413 842 454 genera
879 397 1068 453 lugendi,
1108 396 1312 452 paedores,
1351 394 1577 435 muliebres
1609 394 1617 404 ‘

141 457 415 498 lacerationes
430 470 650 510 genarum,
666 455 862 510 pectoris,
876 455 1096 504 feminum,
1112 452 1260 508 capitis
1274 451 1579 506 percussiones.

143 514 257 554 Hinc
277 512 347 553 ille
366 513 638 566 Agamemno
663 513 933 561 Homericus,
954 520 995 551 et
1017 511 1127 551 idem
1148 510 1377 559 Accianus,

246 603 405 641 Scindens
424 603 529 640 dolore
547 602 722 640 identidem
741 604 906 640 intonsam
922 616 1061 639 comam.

142 676 192 716 In
213 690 298 731 quo
322 677 509 717 facetum
529 676 634 717 illud
666 677 824 728 Bionis,
850 677 1021 733 perinde
1047 674 1342 717 stultissimum
1374 686 1525 727 regern
1539 671 1581 712 in

140 732 261 773 luctu
282 732 482 788 capillum
514 734 594 774 sibi
620 733 813 785 evellere,
845 735 963 789 quasi
992 732 1159 774 calvitio
1189 745 1342 772 maeror
1360 729 1580 769 levaretur.

140 788 227 829 Sed
261 789 353 830 haec
385 790 529 830 omnia
566 791 739 840 faciunt,
772 791 990 846 opinantes
1022 791 1080 830 ita
1108 789 1195 829 fieri
1228 797 1435 843 oportere.
1496 786 1582 826 Ita·
1594 792 1643 828 63

143 859 227 901 que
265 855 309 887 et
344 846 431 886 7AE
458 846 601 887 chines
640 847 683 887 in
721 846 1057 888 Demosthenem
1106 845 1328 894 invehitur,
1380 842 1496 898 quod
1546 843 1580 883 is

139 902 323 957 septimo
345 902 413 944 die
435 913 534 958 post
547 903 640 944 filiae
657 913 840 944 mortem
858 903 1017 944 hostias
1038 901 1313 943 immolasset.
1372 901 1433 940 At
1455 912 1581 954 quam

138 958 384 1000 rhetorice?
430 974 557 1016 quam
596 961 803 1016 copiose?
850 975 951 1016 quas
985 959 1213 1000 sententias
1251 957 1444 1012 colligit?
1487 971 1583 1011 quae

138 1015 266 1056 verba
294 1018 579 1072 contorquet?
612 1025 661 1057 ut
689 1016 816 1058 licere
841 1017 1004 1073 quidvis
1036 1016 1194 1057 rhetori
1230 1014 1455 1069 intelligas.
1486 1027 1581 1068 quae

141 1086 269 1113 nemo
309 1073 522 1128 probaret,
563 1073 641 1114 nisi
681 1073 852 1114 insitum
891 1073 995 1114 illud
1041 1073 1082 1113 in
1122 1072 1271 1112 animis
1314 1071 1582 1119 haberemus,

140 1143 289 1170 omnes
311 1131 446 1171 bonos
469 1130 641 1171 interitu
657 1145 830 1171 suorum
849 1145 975 1186 quam
995 1129 1239 1185 gravissime
1259 1141 1431 1169 maerere
1452 1140 1580 1181 opor-

141 1196 244 1227 tere.
276 1200 329 1227 ex
362 1186 444 1227 hoc
479 1187 628 1237 evenit,
660 1196 707 1227 ut
740 1188 781 1228 in
819 1187 947 1228 animi
982 1185 1199 1226 doloribus
1229 1185 1299 1226 alii
1333 1183 1581 1225 solitudines

141 1250 329 1298 captent,
350 1252 398 1283 ut
418 1243 477 1284 ait
498 1244 714 1284 Homerus
731 1244 784 1284 de
805 1243 1147 1298 Bellerophonte,

253 1337 321 1386 Qui
339 1336 434 1373 miser
448 1337 484 1372 in
502 1337 627 1386 campis
647 1350 784 1373 maerens
804 1336 941 1373 errabat
962 1336 1066 1377 Aleis,

244 1390 320 1440 Ipse
337 1403 434 1426 suum
453 1403 506 1426 cor
523 1390 632 1433 edens,
651 1389 816 1426 hominum
836 1390 985 1438 vestigia
1001 1390 1130 1425 vitans.

139 1470 182 1503 et
202 1462 346 1503 Nioba
373 1462 545 1517 fingitur
575 1462 753 1518 lapidea,
785 1474 956 1518 propter
987 1471 1207 1510 aeternum,
1237 1460 1379 1510 credo,
1400 1459 1443 1500 in
1464 1459 1584 1501 luctu

140 1518 370 1560 silentium.
429 1520 653 1560 Hecubam
685 1529 828 1560 autem
862 1528 1026 1574 putant,
1060 1526 1232 1574 propter
1261 1517 1390 1558 animi
1420 1516 1582 1557 acerbi-

140 1583 272 1616 tatem
293 1575 521 1630 quandam,
551 1585 594 1617 et
623 1577 799 1627 rabiem,
831 1576 932 1631 fingi
964 1576 1006 1616 in
1035 1589 1182 1616 canem
1214 1588 1304 1614 esse
1324 1587 1581 1614 conversam.

140 1640 238 1673 sunt
258 1640 402 1673 autem
422 1631 507 1682 alii,
529 1647 636 1688 quos
658 1633 699 1673 in
721 1632 840 1673 luctu
860 1647 957 1674 curn
979 1633 1068 1687 ipsa
1087 1630 1313 1672 solitudine
1333 1630 1452 1686 loqui
1470 1643 1582 1685 saepe

139 1687 339 1740 delectat,
359 1698 407 1730 ut
428 1689 500 1730 illa
519 1689 632 1744 apud
653 1690 836 1730 Ennium
859 1689 999 1731 nutrix
1021 1706 1029 1729 :

251 1778 379 1829 Cupido
395 1780 477 1829 cepit
497 1780 649 1817 miseram
670 1794 757 1817 nunc
778 1793 836 1821 me,
854 1779 1004 1831 proloqui

251 1831 343 1868 Caelo
360 1842 463 1883 atque
481 1842 579 1870 terrae
599 1834 733 1870 Medeae
751 1835 912 1871 miserias.

142 1908 250 1949 Haec
271 1908 415 1949 omnia
434 1917 562 1959 recta,
587 1923 694 1958 vera,
724 1908 867 1948 debita
896 1915 1106 1963 putantes,
1137 1906 1298 1948 faciunt
1327 1907 1369 1948 in
1399 1905 1546 1948 dolore
1566 1901 1662 1957 :27

140 1964 406 2020 maximeque
425 1965 673 2016 declaratur,
701 1964 782 2005 hoc
815 1964 934 2020 quasi
961 1964 1086 2005 officii
1099 1964 1264 2020 judicio
1286 1963 1386 2005 fieri.
1408 1963 1526 2019 quod
1546 1963 1580 2005 si
1593 1972 1645 2008 64

142 2021 215 2076 qui
237 2022 360 2072 forte,
380 2036 478 2062 cum
497 2036 542 2062 se
560 2023 600 2062 in
632 2022 750 2062 luctu
782 2036 872 2062 esse
903 2021 1070 2071 vellent,
1102 2021 1263 2076 aliquid
1292 2023 1483 2062 fecerunt
1500 2020 1580 2062 hu-

141 2078 323 2128 manius,
353 2087 427 2119 aut
465 2079 499 2119 si
533 2078 705 2119 hilarius
739 2078 871 2118 locuti
906 2087 1018 2128 sunt,
1054 2087 1249 2119 revocant
1280 2092 1325 2118 se
1354 2092 1497 2119 rursus
1528 2077 1584 2118 ad

141 2134 400 2185 maestitiam,
431 2135 678 2190 peccatique
708 2149 751 2175 se
781 2135 1039 2185 insimulant,
1069 2134 1187 2190 quod
1217 2134 1361 2175 dolere
1392 2134 1582 2175 intermi-

142 2191 283 2232 serint.
306 2205 460 2246 pueros
480 2206 577 2232 vero
598 2200 766 2241 matreS,
787 2200 830 2232 et
849 2191 1041 2246 magistri
1056 2192 1263 2245 castigare
1282 2191 1408 2231 etiam
1430 2190 1583 2242 solent,

142 2260 219 2288 nec
240 2248 376 2288 verbis
398 2247 552 2299 solum,
575 2248 649 2289 sed
669 2248 796 2289 etiam
829 2248 1086 2298 verberibus,
1109 2247 1142 2288 si
1163 2247 1264 2303 quid
1285 2248 1325 2287 in
1346 2247 1583 2288 domestico
1595 2254 1628 2287 b.

140 2302 262 2345 luctu
281 2304 454 2345 hilarius
476 2305 529 2345 ab
550 2305 598 2345 iis
620 2305 781 2346 factum
801 2314 879 2355 est,
901 2313 974 2345 aut
1002 2304 1162 2345 dictum
1182 2321 1190 2345 :
1222 2304 1387 2359 plorare
1407 2310 1584 2359 cogunt.

144 2359 247 2415 quid
266 2361 279 2401 ?
311 2361 402 2416 ipsa
417 2361 606 2402 remissio
628 2361 767 2402 luctus
788 2376 886 2402 cum
907 2370 971 2402 est
999 2370 1243 2411 consecuta,
1268 2368 1284 2392 8
1299 2360 1585 2401 intellectum-

144 2430 225 2472 que
245 2416 349 2458 nihil
370 2419 516 2474 profici
536 2418 765 2470 maerendo,
794 2432 931 2459 nonne
961 2432 1026 2459 res
1057 2417 1257 2469 declarat,
1287 2417 1416 2458 fuisse
1446 2426 1586 2458 totum

144 2588 211 2618 aut,
243 2589 279 2612 ut
305 2583 447 2613 Bentleio
469 2583 575 2614 visum
603 2590 662 2620 est,
687 2585 844 2623 corrigen-
889 2584 1024 2613 remissio.
1041 2584 1145 2623 itaque
1157 2585 1381 2624 corrigendum
1398 2583 1589 2614 intellectum-

144 2625 224 2654 dum
233 2626 355 2663 omnino,
368 2627 454 2666 quod
468 2627 549 2657 bene
563 2628 733 2667 opponitur
748 2628 788 2665 τῷ
806 2626 846 2655 le·
889 2638 955 2668 que,
982 2634 1018 2657 ut
1041 2635 1244 2658 correxerunt
1257 2629 1347 2658 Man.
1363 2627 1475 2657 Lamb.
1492 2628 1589 2657 Davi-

147 2667 237 2698 viter.
887 2671 966 2706 sius,
997 2671 1052 2709 qui
1081 2677 1111 2700 et
1142 2677 1183 2699 est
1213 2671 1340 2701 addidit.
1386 2670 1438 2700 Sic
1470 2671 1589 2700 habent

191 2714 206 2744 7
232 2710 329 2741 AEsch.
356 2710 386 2740 in
411 2710 454 2741 D.
478 2711 646 2754 invehitur]
674 2713 711 2743 In
735 2714 789 2744 Or.
817 2723 844 2744 c.
889 2714 958 2743 edd.
974 2719 1050 2742 vett.
1074 2720 1105 2743 et
1128 2714 1193 2743 Ms.
1217 2714 1336 2745 Eliens.
1359 2720 1429 2753 post
1451 2721 1481 2742 et
1498 2724 1526 2741 re
1542 2712 1590 2740 de·

148 2751 288 2792 ctesiph.
305 2763 336 2793 p.
352 2761 428 2785 440.
551 2767 556 2770 ·
706 2786 708 2788 ,
890 2755 986 2785 clarat
1001 2765 1045 2786 sc.
1064 2756 1188 2786 remissio
1205 2756 1297 2787 luctus
1313 2756 1424 2795 legunt
1441 2755 1588 2785 Davisius

194 2800 212 2825 8
236 2794 454 2838 intellectaque]
478 2797 554 2835 Non
577 2799 708 2830 refertur
730 2800 792 2830 hoc
809 2799 848 2829 ad
891 2805 922 2828 et
938 2799 1106 2829 Buherius.

884 2853 965 2883 Y2
