1778 3095
216 116 295 154 326
572 119 830 158 TUSCUL.
861 119 1304 161 QUAESTIONUM

134 226 204 281 ⁶29
275 223 435 268 Contra
455 224 653 268 dicuntur
672 227 778 269 haec.
839 237 876 261 18
892 230 1001 272 Quis
1022 239 1107 273 tam
1132 231 1318 279 demens,
1339 237 1387 271 ut
1406 243 1483 271 sua
1502 230 1651 271 volun-

216 288 300 322 tate
334 284 536 324 maereat?
569 293 718 326 natura
751 286 870 327 affert
904 286 1110 329 dolorem.
1141 289 1209 329 cui
1247 286 1419 343 quidem
1456 287 1654 337 Crantor,

215 337 424 394 inquiunt,
447 347 588 381 noster
614 341 848 384 cedendum
878 352 1013 398 putat.
1045 346 1197 399 premit
1217 344 1344 394 enim,
1364 352 1490 399 atque
1510 343 1654 393 instat,

216 409 291 436 nec
312 396 446 436 resisti
468 406 620 451 potest.
682 399 830 454 Itaque
852 401 998 441 Oileus
1030 402 1099 443 ille
1130 401 1243 456 apud
1273 400 1547 456 Sophoclem,
1578 398 1652 454 qui

213 451 489 493 Telamonem
506 463 629 495 antea
645 454 697 495 de
714 456 859 511 Ajacis
880 467 1014 498 morte
1031 458 1272 499 consolatus
1288 467 1410 507 esset,
1433 456 1482 507 is,
1507 464 1652 495 1‘Deum

215 508 400 606 {udisset
421 509 473 550 de
493 525 582 561 sua,
613 512 768 552 fractus
799 521 876 553 est.
907 514 959 554 de
989 514 1111 570 cujus
1140 523 1405 556 commutata
1433 521 1574 554 mente
1593 511 1652 552 sic

247 574 371 606 lcltur
390 582 398 605 :

354 655 397 690 fre
414 668 494 691 vero
514 664 612 691 tanta
628 655 793 704 prrcditus
812 657 976 706 sapientia

328 708 513 758 Quisquam
528 717 589 751 est,
609 709 667 757 qni
685 709 825 745 aliorum
845 724 1031 747 aerumnam
1049 710 1145 748 dictis
1165 711 1335 755 allevans,

326 759 404 797 Non
422 760 521 805 idem,
541 762 769 810 cunzfln·tmza
785 772 917 800 mutata
936 764 1090 814 impetum

91 835 121 865 p,
133 831 208 858 206.
328 814 525 854 Convertat,
545 813 639 850 clade
652 825 688 851 ut
707 815 820 852 subita
826 817 1027 866 frangatur
1046 831 1124 859 sua,

178 878 208 901 a.
330 868 376 904 Ut
393 868 454 903 illa
474 867 523 903 ad
537 868 618 904 alios
638 868 740 911 dicta,
761 880 791 906 ct
800 880 972 921 praecepta
991 870 1157 907 excidant.

215 941 325 982 Haec
365 955 462 982 cum
503 940 734 996 disputant,
775 941 856 983 hoc
896 943 1067 985 student
1099 943 1277 994 efficere,
1311 952 1470 985 naturae
1506 942 1654 984 obsisti

217 997 335 1039 nullo
354 997 484 1039 modo
503 1012 649 1054 posse:
680 1008 719 1031 20
733 999 761 1040 ii
779 1009 918 1040 tamen
938 1001 1135 1051 fatentur,
1152 1001 1364 1056 graviores
1380 999 1653 1056 aegritudines

216 1054 385 1110 suscipi,
405 1069 532 1119 quam
554 1065 703 1096 natura
723 1066 863 1111 cogat.
888 1072 982 1112 quae
1003 1066 1067 1098 est
1087 1057 1217 1112 igitur
1236 1057 1432 1107 amentia,
1455 1065 1490 1088 21
1507 1067 1555 1097 ut
1577 1070 1654 1096 nos

152 1121 202 1162 72
216 1125 386 1167 quoque
415 1110 526 1152 1dem
560 1111 612 1152 ab
641 1111 731 1153 aliis
765 1113 1057 1169 requiramus?
1091 1113 1176 1155 Sed
1209 1113 1351 1168 plures
1387 1122 1484 1154 sunt
1514 1127 1652 1153 causae

215 1167 469 1224 suscipiendi
489 1167 662 1209 doloris.
681 1170 865 1223 primum
886 1169 958 1210 illa
978 1170 1123 1225 opinio
1151 1170 1266 1220 mali,
1295 1185 1381 1224 quo
1403 1170 1502 1221 viso,
1523 1178 1652 1224 atque

212 1239 429 1280 persuaso,
445 1224 896 1280 aegritudoinsequitur
911 1225 1159 1266 necessario.
1173 1226 1326 1268 deinde
1342 1226 1466 1266 etiam
1481 1234 1653 1281 gratum

212 1282 391 1323 mortuis
412 1295 455 1321 se
474 1282 626 1331 facere,
646 1281 679 1322 si
698 1282 881 1337 graviter
901 1297 973 1323 eos
991 1282 1179 1338 lugeant,
1199 1283 1467 1324 arbitrantur.
1490 1281 1653 1323 accedit

212 1337 456 1393 superstitio
473 1337 689 1379 muliebris
719 1338 927 1394 quaedam.
959 1339 1198 1380 existimant
1227 1340 1353 1389 enim,
1379 1338 1457 1380 diis
1476 1338 1654 1379 immor-

215 1394 368 1435 talibus
398 1409 441 1434 se
471 1394 633 1435 facilius
664 1396 763 1436 satis
793 1396 995 1446 facturos,
1019 1405 1057 1428 ‘22‘
1073 1395 1106 1436 si
1131 1410 1279 1437 eorum
1310 1395 1437 1452 plaga
1455 1394 1653 1451 perculsi,

213 1450 390 1492 afflictos
412 1465 469 1501 se,
490 1459 532 1491 et
552 1460 703 1492 stratos
725 1467 815 1493 esse
836 1453 1061 1494 fateantur.
1093 1452 1165 1493 sed
1195 1452 1286 1494 haee
1316 1454 1423 1493 inter
1453 1467 1497 1493 se
1524 1466 1652 1507 quam

213 1517 466 1563 repugnent,
486 1507 672 1564 plerique
694 1524 777 1549 non
807 1509 959 1551 vident.
992 1509 1166 1550 laudant
1192 1510 1302 1550 enim
1325 1524 1411 1560 eos,
1434 1508 1506 1565 qui
1527 1522 1652 1564 aequo

210 1565 354 1605 animo
375 1565 637 1606 moriantur:
669 1566 740 1621 qui
770 1566 939 1608 alterius
970 1575 1148 1607 mortem
1182 1580 1305 1622 aequo
1334 1565 1476 1606 animo
1500 1566 1652 1615 ferant,

212 1635 286 1662 eos
306 1630 459 1677 putant
477 1621 786 1676 vituperandos.
818 1624 937 1678 quasi
968 1623 1054 1663 fieri
1083 1622 1171 1663 ullo
1203 1623 1331 1664 modo
1362 1621 1511 1677 possit,
1533 1620 1651 1677 quod

213 1677 256 1718 in
276 1677 482 1719 amatorio
519 1693 710 1719 sermone
742 1678 824 1719 dici
859 1679 978 1729 solet,
1012 1688 1059 1719 ut
1090 1679 1313 1735 quisquam
1344 1679 1438 1734 plus
1468 1678 1649 1719 alterum

149 1742 199 1785 73
213 1733 376 1790 diligat,
397 1749 523 1790 quam
546 1750 603 1776 se.
664 1735 913 1777 Praeclarum
945 1735 1048 1777 illud
1079 1743 1156 1786 est,
1183 1745 1225 1777 et
1245 1736 1278 1776 si
1299 1735 1466 1791 quaeris,
1485 1743 1650 1775 rectum

212 1806 398 1847 quoque,
419 1800 463 1832 et
480 1806 636 1842 verum,
657 1802 705 1833 ut
725 1806 811 1844 eos,
842 1793 913 1848 qui
945 1792 1065 1833 nobis
1096 1792 1298 1832 carissimi
1329 1806 1420 1832 esse
1451 1791 1647 1841 debeant,

211 1863 334 1904 aeque
364 1863 412 1889 ac
443 1849 724 1904 nosmetipsos
758 1864 974 1890 amemus:
1007 1857 1045 1880 2²³
1062 1857 1108 1890 ut
1142 1863 1238 1889 vero
1276 1848 1386 1904 plus,
1417 1847 1504 1888 fieri
1533 1846 1651 1888 nullo

210 1914 338 1960 pacto
368 1913 522 1960 potest.
554 1920 605 1946 ne
637 1905 868 1961 optandum
900 1906 1071 1961 quidem
1104 1914 1168 1945 est
1203 1906 1244 1946 in
1284 1904 1482 1955 amicitia,
1511 1913 1561 1945 ut
1579 1917 1650 1944 me

209 1962 281 2003 ille
310 1961 420 2017 plus,
458 1977 585 2018 quam
615 1976 672 2012 se,
705 1977 787 2017 ego
823 1963 943 2004 illum
974 1962 1085 2018 plus,
1118 1977 1242 2018 quam
1275 1976 1358 2002 me.
1388 1959 1651 2016 perturbatio

127 2023 200 2071 30
210 2018 320 2069 vitae,
343 2019 377 2059 si
396 2019 454 2060 ita
473 2018 541 2070 sit,
561 2027 687 2075 atque
710 2019 943 2060 officiorum
976 2019 1181 2070 omnium,
1207 2027 1506 2073 consequatur.
1565 2015 1651 2058 Sed

211 2074 263 2116 de
283 2075 366 2117 hoc
396 2075 511 2116 alias.
543 2091 654 2116 nunc
686 2075 790 2116 illud
822 2076 922 2116 satis
953 2084 1030 2125 est,
1061 2090 1145 2116 non
1176 2075 1405 2117 attribuere
1435 2074 1490 2115 ad
1519 2073 1647 2115 amis-

210 2131 372 2173 sionem
408 2132 658 2182 amicorum,
695 2132 906 2173 miseriam
937 2141 1139 2183 nostram,
1171 2146 1222 2172 ne
1252 2132 1348 2172 illos
1379 2131 1490 2186 plus,
1519 2144 1648 2186 quam

210 2189 291 2244 ipsi
319 2189 459 2240 velint,
490 2189 522 2229 si
555 2189 749 2239 sentiant,
780 2188 872 2244 plus
903 2198 1030 2240 certe,
1061 2203 1186 2244 quam
1220 2188 1517 2242 nosmetipsos,
1551 2186 1649 2227 dili-

208 2260 375 2301 gamus.
415 2260 526 2296 nam,
565 2246 681 2302 quod
722 2246 853 2296 aiunt,
888 2246 1110 2309 plerosque
1146 2244 1506 2286 consolationibus
1543 2243 1650 2284 nihil

208 2303 348 2353 levari,
371 2302 708 2359 adjunguntque,
728 2302 1015 2351 consolatores
1042 2316 1156 2358 lpsos
1181 2301 1373 2343 confiteri
1393 2315 1437 2342 se
1457 2300 1649 2351 miseros,

257 2433 293 2456 18
320 2427 392 2457 Quis
422 2434 482 2456 tam
514 2425 640 2466 demens]
681 2429 796 2458 Malim
828 2438 905 2459 cum
952 2435 1022 2458 tum
1055 2427 1157 2467 placet
1185 2426 1304 2456 Davisii
1340 2425 1489 2455 correctio
1523 2425 1558 2453 ab
1590 2424 1650 2454 illis

209 2468 339 2499 Davisio
356 2471 477 2511 Ecquis,
494 2478 548 2500 aut
565 2472 634 2501 addi
655 2478 705 2500 est.
951 2471 1024 2500 idem
1042 2470 1232 2512 requiramus,
1250 2478 1364 2508 nempe
1381 2469 1420 2498 ab
1442 2468 1490 2504 iis,
1507 2468 1562 2507 qui
1579 2469 1650 2498 haec

257 2520 294 2545 19
318 2524 381 2542 cum
396 2513 520 2542 amiisvxct
545 2513 578 2542 de
599 2512 660 2552 suo]
680 2515 786 2543 Immo
803 2515 840 2544 de
856 2525 907 2543 sua
950 2515 1122 2552 disputant.

210 2564 255 2585 se.
284 2563 397 2592 morte,
421 2563 475 2585 aut
499 2557 679 2586 addendum
696 2556 767 2596 filio
795 2567 834 2586 ex
858 2558 906 2588 ed.
993 2564 1032 2587 22
1056 2557 1080 2584 si
1111 2566 1203 2584 eorum
1234 2554 1330 2594 plaga
1356 2553 1495 2593 perculsi]
1530 2553 1647 2584 Malim

210 2599 300 2627 Junt.
318 2606 347 2627 et
363 2599 426 2628 Ms.
445 2598 573 2629 Eliensi.
591 2599 669 2628 illud
687 2599 812 2629 melius.
943 2599 1077 2638 perceff,
1101 2608 1173 2637 quae
1196 2598 1290 2628 verba
1311 2607 1394 2637 saepe
1418 2598 1450 2627 in
1474 2596 1559 2626 libris
1578 2606 1648 2636 per—

254 2649 294 2672 20
318 2641 340 2669 ii
371 2648 465 2670 tamen
491 2640 576 2681 jhu]
617 2642 696 2672 Puto
734 2642 906 2682 legendum
950 2648 1140 2679 mutantur;
1165 2648 1194 2671 et
1211 2641 1240 2671 id
1263 2642 1297 2671 h.
1317 2640 1337 2670 1.
1360 2647 1473 2680 aptum
1495 2646 1554 2676 est,
1579 2649 1646 2670 non

210 2683 295 2713 iidem
312 2690 417 2714 tamen.
949 2684 1038 2715 illud.

254 2734 289 2757 21
317 2734 349 2756 ut
365 2739 409 2756 nos
427 2740 455 2768 q.
473 2727 546 2756 idem
561 2726 597 2756 ab
621 2726 689 2756 aliis
706 2725 901 2767 requiramus]
992 2734 1030 2758 223
1055 2733 1087 2755 at
1117 2737 1186 2755 ‘vero
1214 2724 1294 2765 plus]
1324 2725 1485 2762 Davisius,
1514 2731 1546 2754 ut
1575 2736 1646 2754 vero

210 2770 273 2800 Hic
289 2770 408 2809 aliquid
432 2772 537 2800 deesse
560 2770 693 2805 videtur,
718 2780 846 2809 nempe,
869 2771 901 2800 in
941 2769 1019 2810 plus.
1064 2770 1116 2800 Sic
1146 2776 1177 2799 et
1206 2771 1256 2800 ed.
1286 2771 1376 2801 Junt.
1407 2774 1437 2799 et
1467 2767 1538 2798 aliae
1566 2774 1643 2799 vett.

208 2823 274 2851 quo
296 2815 335 2844 sit
357 2814 507 2851 amentia,
531 2821 576 2843 se.
600 2813 752 2852 graviores
779 2813 904 2852 aegritu-
946 2813 1049 2854 placet
1063 2819 1094 2843 et
1110 2813 1201 2845 mihi.
1371 2813 1374 2815 ’

208 2857 296 2887 dines
326 2857 495 2896 suscipere,
525 2865 626 2896 quam
661 2863 772 2887 natura
801 2863 904 2896 cogat.
