1778 3095
266 149 345 190 574
699 145 793 204 DE*
818 146 1246 185 DIVINATIONE

264 252 396 308 igitur
415 253 661 309 periculum.
683 253 765 295 hoc
792 264 878 296 tam
902 256 1052 297 callide
1076 257 1242 312 Jupiter
1259 256 1473 311 cogitavit.
1532 258 1692 300 Romu-

265 309 331 350 lus
361 309 519 352 lactens
547 310 722 352 fulmine
750 311 885 353 ictus:
917 313 1009 353 urbi
1039 313 1168 368 igitur
1188 313 1418 368 periculum
1442 313 1692 366 ostenditur,

264 365 318 415 ei,
350 381 476 422 quam
508 366 578 408 ille
609 367 811 409 condidit.
846 383 974 424 quam
1006 370 1109 410 scite
1141 384 1213 424 per
1247 378 1366 410 notas
1397 384 1472 410 nos
1496 370 1694 411 certiores

264 422 366 464 facit
384 424 578 478 Jupiter?
611 424 671 464 At
690 424 838 465 eodem
860 435 1050 481 tempore
1069 425 1234 481 signum
1257 428 1281 467 J
1286 425 1372 466 ovis
1389 426 1693 477 collocabatur,

265 493 350 534 quo
382 479 617 535 conjuratio
650 480 923 522 indicabatur.
985 483 1040 522 Et
1072 491 1118 522 tu
1153 482 1310 523 seilicet
1344 484 1487 532 mavis,
1522 483 1693 524 numine

264 535 440 576 deorum
472 535 513 577 id
544 537 717 588 factum,
748 553 875 593 quam
905 552 1018 587 casu,
1049 538 1270 579 arbitrari?
1302 548 1344 579 et
1374 538 1597 589 redemtor,
1618 539 1691 595 qui

263 592 502 633 columnam
522 593 635 634 illam
654 593 706 634 de
728 594 872 643 Cotta,
892 602 934 634 et
955 594 1007 634 de
1028 594 1244 649 Torquato
1261 595 1518 636 conduxerat
1534 596 1693 636 facien-

263 647 375 699 dam,
397 663 481 689 non
502 650 660 699 inertia,
682 659 755 691 aut
774 650 915 704 inopia
935 649 1091 690 tardior
1110 650 1204 700 fuit,
1225 651 1295 691 sed
1316 665 1340 692 a
1363 652 1441 692 diis
1472 651 1691 693 immorta-

199 712 250 746 48
263 703 372 746 libus
405 705 457 746 ad
489 706 612 746 istam
645 706 792 746 horam
825 715 1054 747 reservatus
1086 707 1178 746 est?
1210 707 1312 748 Non
1342 708 1535 763 equidem
1565 708 1689 763 plane

262 759 438 816 despero
458 762 538 802 ista
556 776 646 803 esse
665 776 773 811 vera,
794 762 867 803 sed
889 763 1042 812 nescio,
1064 771 1107 803 et
1127 762 1285 803 discere
1305 778 1329 803 a
1347 773 1388 805 te
1408 764 1515 805 volo.
1574 765 1689 806 Nam

261 831 359 858 cum
392 817 494 858 mihi
523 818 715 873 quaedam
747 833 847 859 casu
876 818 1112 860 viderentur
1141 818 1198 859 sic
1229 819 1404 870 evenire,
1423 829 1470 861 ut
1489 820 1691 876 praedicta

261 882 401 914 essent
431 888 454 914 a
484 873 786 915 divinantibus:
818 874 957 915 dixisti
987 875 1122 916 multa
1151 874 1204 916 de
1234 890 1346 926 casu,
1377 885 1438 927 ut,
1458 878 1688 919 Venerium

254 929 341 984 jaci
366 944 490 984 posse
515 945 628 981 casu,
651 940 851 986 quattuor
881 931 975 972 talis
998 931 1125 988 jactis
1140 948 1151 983 3
1183 931 1499 988 quadringentis
1519 942 1688 975 centum

215 988 248 1020 b·
262 994 297 1018 41
316 986 522 1028 Venerios
554 1002 638 1028 non
669 1002 791 1043 posse
811 1003 911 1029 casu
931 989 1172 1029 consistere.
1234 989 1420 1029 Primum
1442 989 1595 1040 nescio,
1615 1005 1690 1032 cur

259 1057 342 1084 non
364 1043 551 1098 possint:
574 1043 647 1085 sed
668 1059 750 1085 non
772 1059 943 1100 pugno:
965 1045 1154 1086 abundas
1174 1046 1284 1086 enim
1307 1045 1535 1086 similibus:
1559 1045 1688 1088 habes

258 1109 300 1140 et
330 1100 632 1156 respersionem
664 1102 995 1156 pigmentorum,
1025 1110 1067 1143 et
1096 1111 1281 1143 rostrum
1311 1102 1410 1152 suis,
1431 1112 1474 1143 et
1493 1102 1573 1143 alia
1593 1117 1688 1158 per-

257 1155 405 1197 multa.
467 1157 583 1198 Idem
619 1157 880 1199 Carneadem
917 1158 1072 1214 fingere
1107 1158 1210 1199 dicis
1250 1158 1301 1199 de
1339 1158 1476 1214 capite
1513 1160 1688 1202 Panisci.

257 1213 392 1269 Quasi
413 1228 495 1254 non
516 1214 704 1269 potuerit
723 1214 766 1254 id
795 1214 957 1255 evenire
977 1229 1091 1265 casu,
1113 1224 1154 1256 et
1175 1230 1259 1256 non
1280 1216 1321 1255 in
1342 1216 1458 1256 omni
1479 1230 1689 1257 marmore

258 1284 428 1311 necesse
458 1271 512 1311 sit
541 1271 673 1311 inesse
703 1271 766 1312 vel
798 1271 1015 1312 Praxitelia
1044 1272 1195 1327 capita.
1224 1271 1296 1312 illa
1317 1271 1427 1312 enim
1449 1272 1539 1327 ipsa
1557 1272 1686 1314 effici-

257 1334 385 1367 untur
410 1326 695 1368 detractione:
729 1342 803 1368 nee
833 1327 1059 1384 quidquam
1091 1328 1191 1369 illuc
1220 1328 1390 1369 affertur
1414 1343 1439 1369 a
1459 1328 1690 1370 Praxitele:

259 1382 331 1422 sed
360 1397 457 1424 cum
486 1384 621 1425 multa
651 1393 748 1425 sunt
780 1384 983 1436 detracta,
1005 1394 1047 1426 et
1068 1384 1121 1425 ad
1140 1385 1393 1426 lineamenta
1414 1385 1497 1426 oris
1519 1399 1690 1440 perven-

257 1447 349 1479 tum
378 1449 455 1492 est,
477 1449 566 1481 tum
594 1440 817 1496 intelligas,
840 1440 959 1492 illud,
980 1442 1095 1497 quod
1114 1442 1207 1498 jam
1236 1442 1463 1498 expolitum
1488 1442 1555 1491 sit,
1575 1442 1688 1484 intus

191 1502 244 1546 49
258 1494 399 1537 fuisse.
461 1497 603 1538 Potest
632 1497 761 1552 igitur
790 1498 872 1538 tale
902 1497 1059 1553 aliquid
1089 1498 1213 1539 etiarn
1246 1513 1321 1539 sua
1350 1507 1499 1553 sponte
1518 1499 1561 1539 in
1580 1499 1688 1554 lapi-

256 1551 405 1594 cidinis
440 1552 646 1595 Chiorum
680 1554 901 1596 exstitisse.
960 1554 1045 1595 Sed
1081 1555 1133 1596 sit
1171 1554 1252 1596 hoc
1286 1555 1444 1596 fictum.
1478 1555 1613 1610 quid?
1644 1555 1688 1597 in

256 1609 439 1651 nubibus
462 1625 691 1666 numquam
723 1610 1046 1652 animadvertisti
1070 1611 1204 1653 leonis
1223 1612 1418 1662 formam,
1439 1621 1512 1652 aut
1532 1612 1684 1667 hippo-

254 1667 470 1707 centauri?
505 1668 648 1708 Potest
666 1668 809 1723 igitur,
827 1667 941 1724 quod
963 1667 1091 1709 modo
1113 1669 1309 1723 negabas,
1329 1668 1542 1709 veritatem
1564 1682 1686 1709 casus

252 1732 421 1764 1m1tar1.

168 1781 236 1830 2⁶2
310 1779 394 1820 Sed
423 1779 621 1836 quoniam
654 1780 705 1822 de
738 1780 856 1830 extis,
879 1789 921 1821 et
949 1780 1187 1836 fulguribus
1208 1780 1306 1821 satis
1326 1789 1390 1821 est
1408 1780 1688 1836 disputatum,

253 1845 419 1877 ostenta
448 1845 619 1887 restant,
650 1846 698 1878 ut
727 1847 817 1878 tota
846 1837 1110 1892 haruspicina
1139 1837 1191 1877 sit
1221 1845 1486 1892 pertractata.
1546 1838 1684 1878 Mulae

252 1903 396 1947 partus
426 1893 615 1949 prolatus
644 1903 709 1935 est
738 1908 762 1934 a
792 1903 860 1935 te:
893 1908 957 1934 res
988 1893 1204 1943 mirabilis,
1234 1903 1453 1948 propterea
1473 1893 1571 1949 quia
1600 1908 1686 1936 non

253 1963 365 2004 saepe
394 1949 469 1991 fit:
501 1950 572 1991 sed
600 1950 634 1991 si
663 1950 749 1991 fieri
780 1965 864 1990 non
884 1950 1103 2005 potuisset,
1125 1950 1235 1990 facta
1255 1965 1339 1990 non
1355 1960 1481 1991 esset.
1538 1951 1686 2006 Atque

252 2005 334 2047 hoc
361 2016 509 2048 contra
537 2007 680 2047 omnia
705 2015 870 2048 ostenta
896 2007 1057 2057 valeat3
1089 2021 1336 2062 numquam,
1357 2006 1472 2062 quod
1492 2006 1578 2047 fieri
1599 2022 1685 2048 non

251 2063 452 2117 potuerit,
489 2077 580 2105 esse
618 2063 806 2105 factum:
839 2063 902 2104 sin
941 2063 1140 2118 potuerit,
1179 2078 1262 2103 non
1303 2078 1391 2104 esse
1430 2062 1684 2105 mirandum.

255 2119 488 2161 Causarum
505 2119 617 2161 enim
639 2120 849 2176 ignoratio
871 2120 913 2160 in
932 2134 977 2160 re
996 2134 1101 2160 nova
1122 2119 1386 2160 mirationem
1407 2119 1520 2161 facit.
1536 2120 1688 2162 eadem

250 2176 462 2231 ignoratio
479 2177 513 2217 si
534 2177 576 2217 in
593 2177 717 2218 rebus
736 2176 899 2217 usitatis
920 2186 1009 2229 est3
1039 2191 1123 2217 non
1144 2176 1358 2217 miramur.
1380 2191 1476 2217 nam
1497 2177 1569 2232 qui
1588 2191 1684 2218 mu-

249 2233 333 2273 lam
355 2233 564 2289 peperisse
584 2233 772 2284 miratur,
793 2233 842 2284 is,
863 2247 947 2288 quo
968 2233 1099 2274 modo
1119 2247 1227 2288 equa
1253 2233 1399 2288 pariat,
1420 2242 1491 2274 aut
1511 2233 1685 2273 omnino

251 2303 345 2345 quae
366 2299 512 2332 natura
530 2299 699 2345 partum
728 2290 948 2331 animantis
979 2290 1118 2340 faciat,
1139 2290 1320 2345 ignorat.
1342 2289 1430 2341 sed,
1450 2289 1565 2345 quod
1593 2302 1684 2329 cre-

250 2346 327 2387 bro
357 2346 482 2398 videt,
514 2361 598 2387 non
628 2347 817 2398 miratur,
848 2346 976 2387 etiam
1007 2347 1055 2396 si,
1076 2361 1150 2387 cur
1178 2346 1262 2396 fiat,
1284 2346 1428 2387 nescit.
1451 2345 1564 2400 quod
1585 2353 1683 2386 ante

252 2418 336 2443 non
356 2403 472 2455 vidit,
494 2403 537 2444 id
562 2403 595 2444 si
623 2404 817 2454 evenerit,
838 2412 1053 2444 ostentum
1085 2417 1174 2444 esse
1202 2412 1356 2443 censet.
1416 2403 1572 2442 Utrum
1600 2401 1684 2457 igi-

188 2480 240 2511 50
253 2468 334 2509 tur,
353 2474 450 2500 cum
471 2460 668 2515 concepit
686 2460 816 2512 mula,
837 2474 890 2500 an
910 2474 1006 2500 cum
1027 2459 1201 2515 peperit,
1223 2466 1431 2499 ostentum
1450 2459 1538 2498 est>
1564 2457 1681 2498 Con-

252 2515 392 2570 ceptio
422 2526 569 2558 contra
598 2526 791 2557 naturam
822 2516 1028 2557 fortasse:
1060 2515 1132 2556 sed
1162 2524 1304 2570 partus
1334 2528 1466 2569 prope
1491 2528 1683 2555 necessa-

252 2571 351 2612 rius.
412 2572 496 2613 Sed
518 2573 618 2628 quid
639 2573 788 2628 plura?
823 2581 959 2612 ortum
992 2571 1205 2612 videamus
1228 2571 1516 2625 haruspicinae.
1538 2570 1596 2611 sic
1616 2570 1682 2611 fa-

171 2630 238 2677 23
254 2628 421 2678 cillime,
448 2629 549 2684 quid
574 2629 728 2670 habeat
757 2627 1030 2677 auctoritatis,
1059 2627 1359 2683 judicabimus.
1417 2628 1555 2683 Tages
1587 2627 1682 2683 qui-⁴

124 2706 239 2739 p.119.
255 2684 351 2725 dam
387 2685 540 2726 dicitur
572 2685 615 2725 in
655 2699 758 2740 agro
793 2683 1100 2739 Tarquiniensi,
1130 2698 1227 2724 cum
1264 2693 1373 2724 terra
1407 2693 1604 2734 araretur,
1636 2691 1681 2724 et

210 2751 240 2772 ³·
253 2741 393 2783 sulcus
423 2741 547 2783 altius
575 2751 683 2782 esset
712 2741 953 2796 impressus,
983 2740 1188 2781 exstitisse
1217 2748 1401 2796 repente,
1420 2748 1463 2781 et
1491 2754 1588 2781 eum
1619 2740 1680 2781 af-

484 2884 521 2908 41
550 2876 677 2908 Venerios
699 2887 753 2905 non
763 2882 844 2917 pesse
860 2886 884 2906 c.
900 2873 1065 2917 consistere]
1082 2875 1122 2905 V.
1140 2874 1228 2906 Clav.
1241 2875 1274 2906 in
1290 2874 1446 2905 consistere.
