1778 3095
515 177 692 215 LIBER
722 176 1055 215 SECUNDUS.
1425 183 1500 216 441

83 285 222 340 placet
259 280 444 339 pluribus
482 283 628 332 verbis,
668 291 867 332 mentem,
909 282 1147 332 consilium,
1189 282 1507 337 cogitationem,

84 341 365 395 prudentiam,
403 339 474 381 ubi
508 339 769 379 invenimus?
816 337 927 378 unde
963 338 1247 379 sustulimus?
1283 353 1335 378 an
1370 352 1507 382 cetera

84 397 266 438 mundus
300 396 468 437 habebit
500 395 657 445 omnia,
685 395 766 436 hoc
802 409 948 444 unum,
977 395 1091 449 quod
1121 395 1287 449 plurimi
1317 404 1393 444 est,
1425 412 1508 438 non

84 452 284 494 habebit?
318 453 432 507 atqui
451 462 563 492 certe
585 451 687 492 nihil
708 451 897 492 omnium
920 466 1057 491 rerum
1081 451 1228 491 melius
1250 462 1313 492 est
1333 453 1508 503 mundo,

85 510 187 551 nihil
218 508 505 564 praestabiliuS,
540 507 641 548 nihil
669 507 882 562 pulcrius:
915 522 989 548 nec
1024 507 1163 547 solum
1195 507 1297 547 nihil
1328 516 1405 557 est,
1436 510 1509 550 sed

87 580 137 607 ne
159 566 332 620 cogitari
355 564 524 620 quidem
550 564 778 619 quidquam
810 564 959 604 melius
991 573 1143 618 potest.
1203 565 1271 613 Et,
1295 564 1327 604 si
1349 565 1508 606 ratione

86 632 129 663 et
160 622 358 676 sapientia
386 621 485 660 nihil
517 631 580 660 est
611 621 774 670 melius,
797 635 963 660 necesse
995 629 1057 660 est
1091 620 1180 660 haec
1214 621 1347 660 inesse
1372 621 1412 661 in
1443 637 1509 673 eo,

85 679 199 733 quod
221 677 428 732 optimum
458 691 547 717 esse
577 677 861 717 concedimus.
920 676 1034 732 Quid
1063 678 1191 717 vero?
1225 685 1340 717 tanta
1371 692 1508 719 rerum
1526 691 1572 731 19

86 734 362 783 consentiens,
407 733 663 788 conspirans,
713 734 956 774 continuata
1000 733 1214 788 cognatio,
1254 748 1379 788 quem
1426 750 1510 777 non

86 800 212 844 coget
231 804 293 839 ea,
315 805 408 844 quae
439 790 645 830 dicuntur·
663 805 686 830 a
717 805 798 838 me,
821 790 1124 844 comprobare?
1158 800 1352 844 possetne
1373 798 1412 822 ²30
1427 806 1511 832 uno

84 853 273 900 tempore
303 847 462 897 florere,
484 846 633 886 deinde
664 847 841 887 vicissim
870 847 1038 886 horrere
1069 847 1206 886 terra?
1240 856 1326 896 aut,
1353 857 1417 888 tot
1446 863 1510 888 re-

83 901 162 942 bus
182 902 281 956 ipsis
311 917 355 942 se
382 902 717 952 immutantibus,
750 903 848 943 solis
880 917 1085 951 accessuS,
1105 903 1395 959 discessusque
1426 905 1509 945 sol-
1522 912 1552 941 Ρ·
1565 908 1618 937 ³0·

84 958 207 999 stitiis
229 959 470 1014 brumisque
491 959 717 1013 cognosci3
749 967 821 999 aut
843 969 966 998 aestus
987 959 1200 1008 maritimi,
1221 959 1510 1016 fretorumque
1522 955 1550 976 a.

84 1015 292 1070 angustice
325 1024 419 1056 ortu
449 1024 520 1055 aut
554 1015 674 1055 obitu
706 1016 815 1055 lunae
846 1015 1130 1056 commoveri?
1164 1026 1238 1056 aut
1266 1032 1348 1056 una
1381 1019 1510 1059 totius

85 1072 177 1111 caeli
198 1071 463 1112 conversione
485 1086 632 1112 cursus
662 1081 868 1112 astrorum
902 1072 1084 1126 dispares
1108 1074 1337 1113 conservari
1357 1075 1369 1114 ἒ
1406 1076 1512 1116 Haec

84 1127 143 1167 ita
166 1128 251 1167 fieri
272 1128 467 1168 omnibus
488 1128 595 1168 inter
616 1142 658 1168 se
679 1128 996 1168 concinentibus
1029 1128 1173 1168 mundi
1205 1130 1392 1183 partibus
1415 1145 1514 1185 pro·
1571 1153 1572 1156 =

84 1184 196 1224 fecto
217 1197 299 1224 no'n
320 1193 505 1239 possent,
527 1184 604 1224 nisi
634 1199 683 1224 ea
712 1200 798 1225 uno
824 1185 962 1225 divino
985 1192 1021 1215 ¹³1
1039 1194 1081 1226 et
1098 1185 1344 1226 continuato
1366 1187 1514 1241 spiritu

83 1240 409 1281 continerentur.
471 1242 613 1296 Atque
643 1241 732 1281 liaec
762 1256 857 1282 cum
888 1241 1055 1282 uberius
1084 1241 1362 1296 disputantur,
1383 1255 1424 1284 et
1444 1244 1512 1284 fu-
1525 1249 1577 1280 20

85 1296 184 1346 sius,
206 1306 253 1337 ut
275 1297 377 1337 mihi
398 1305 462 1336 est
482 1297 522 1337 in
544 1298 683 1337 animo
705 1298 854 1347 facere,
875 1298 1036 1338 facilius
1059 1298 1267 1352 effugiunt
1288 1299 1513 1340 Academi-

85 1367 231 1393 corum
265 1353 533 1394 calumniam.
564 1368 661 1394 cum
699 1363 854 1404 autem,
894 1364 940 1395 ut
972 1356 1089 1395 Zeno
1125 1354 1299 1405 solebat,
1336 1356 1514 1408 brevius,

85 1409 388 1465 angustiusque
409 1410 732 1460 concluduntur,
762 1421 853 1452 tum
880 1420 918 1442 δῦ
935 1412 1142 1465 apertiora
1169 1422 1264 1451 sunt
1294 1411 1346 1452 ad
1376 1427 1515 1467 repre-

86 1464 368 1506 hendendum.
427 1467 540 1506 Nam
577 1476 621 1507 ut
652 1468 861 1521 profluens
898 1467 1046 1516 amnis,
1077 1477 1148 1508 aut
1182 1468 1260 1518 vix,
1291 1477 1363 1509 aut
1398 1469 1514 1510 nullo

86 1521 241 1570 modo3
273 1522 471 1562 conclusa
498 1530 637 1563 autem
673 1538 794 1579 aqua,
828 1524 948 1564 facile
984 1524 1295 1578 corrumpitur:
1329 1525 1386 1565 sic
1418 1540 1513 1566 ora-

85 1577 210 1617 tionis
232 1579 401 1618 flumine
421 1587 458 1610 32³
475 1580 784 1632 reprehensoris
816 1581 911 1620 vitia
941 1580 1183 1625 diluuntur;
1214 1581 1409 1635 angustia
1437 1597 1513 1623 au-

84 1643 170 1674 tem
194 1635 402 1675 conclusae
425 1636 624 1676 orationis
655 1651 738 1676 non
769 1638 888 1677 facile
913 1637 1045 1691 seipsa
1066 1646 1238 1677 tutatur.
1271 1638 1359 1678 haec
1386 1639 1512 1691 enim,

85 1705 178 1745 quae
212 1690 439 1732 dilatantur
472 1705 496 1731 a
529 1691 663 1741 nobis,
696 1694 813 1733 Zeno
847 1694 903 1733 sic
936 1694 1178 1747 premebat:
1215 1693 1333 1748 Quod
1360 1696 1560 1743 rationess

86 1746 231 1797 utitur,
255 1748 296 1788 z'd
316 1747 459 1788 melius
479 1755 552 1797 est,
574 1763 695 1803 quam
719 1749 772 1799 id,
792 1750 898 1804 quod
917 1749 1073 1789 ratione
1091 1765 1166 1789 ‘non
1190 1750 1335 1790 utitur.
1395 1752 1573 1802 Niltz'Z21

87 1810 221 1844 autem
243 1804 389 1844 mundo
408 1804 563 1845 melius.
594 1805 751 1846 ratione
771 1806 900 1862 igilur
920 1806 1092 1846 mundus
1109 1808 1256 1847 utitur.
1316 1808 1516 1850 Similiter

86 1859 192 1900 effici
225 1869 376 1915 potest,
411 1861 642 1916 sapientem
680 1877 770 1903 esse
805 1863 1039 1903 mundum:
1073 1862 1278 1913 similiter,
1314 1864 1516 1907 beatum:

87 1916 291 1966 similiter,
316 1927 532 1958 aeternum.
593 1918 747 1959 Omnia
777 1920 887 1959 enim
920 1920 1009 1959 haee
1041 1919 1215 1960 meliora
1245 1930 1357 1969 sunt,
1388 1936 1516 1976 quam

87 1986 150 2023 ea,
173 1988 266 2028 quae
288 1983 383 2013 sunt
404 1974 467 2014 his
487 1975 668 2014 carentia
687 1992 696 2016 ε
729 1990 803 2016 nee
826 1975 984 2016 mundo
1007 1976 1234 2031 quidquam
1259 1977 1406 2018 melius
1426 1995 1434 2018 ε
1466 1993 1518 2021 ex

86 2045 171 2083 quo
208 2029 397 2080 efficitur,
432 2045 520 2070 esse
558 2032 763 2072 mundum
799 2032 939 2072 deum.
998 2033 1201 2088 Idemque
1238 2034 1319 2074 hoc
1356 2035 1579 2076 modoz22

89 2086 259 2126 Nullius
278 2101 394 2126 sensu
416 2087 587 2127 carentis
603 2096 701 2140 pars
719 2088 858 2143 aliqua
872 2096 1005 2142 potest
1025 2104 1106 2129 esse
1124 2089 1311 2131 sentiens.
1362 2092 1517 2133 Mundi

88 2150 223 2183 autem
244 2150 384 2197 partes
405 2143 617 2183 sentientes
639 2151 745 2185 szmt.
777 2160 852 2185 71011
885 2145 1014 2201 igitur
1044 2153 1153 2186 caret
1181 2161 1297 2186 sensu
1329 2148 1516 2190 mundus.

87 2200 228 2254 Pergit
258 2199 384 2247 idem,
405 2208 445 2240 et
477 2208 600 2254 urget
630 2202 878 2256 angustius:
912 2200 1044 2251 Nihil,
1067 2202 1214 2257 inquit,
1237 2204 1342 2258 quod
1371 2204 1516 2255 animi,

87 2256 272 2311 quodque
291 2256 460 2297 rationis
481 2264 540 2297 est
561 2267 717 2311 expers,
740 2258 782 2298 id
798 2273 993 2313 generare
1022 2274 1072 2298 ex
1101 2274 1142 2299 se
1168 2266 1299 2312 potest
1329 2260 1518 2302 (miman-

87 2319 166 2353 tem
187 2320 488 2368 compotemque
516 2314 698 2355 rationis.
759 2315 946 2355 libandus
975 2322 1110 2355 autem
1137 2323 1306 2370 generat
1328 2317 1515 2358 animan-

87 2376 159 2420 tes,
182 2377 456 2425 compotesque
476 2369 656 2411 rationis.
688 2371 874 2412 animans
903 2379 961 2411 est
992 2371 1121 2427 ‘igitur
1148 2372 1322 2413 <tumidus
1342 2384 1518 2428 compos-

89 2440 165 2480 que
183 2426 366 2467 rationis.
430 2427 631 2482 Idemque
663 2428 947 2481 similitudine,
969 2438 1015 2468 ut
1036 2443 1147 2482 saepe
1169 2428 1290 2479 solet,
1308 2430 1513 2471 rationem

89 2483 295 2524 conclusit
327 2484 409 2525 hoc
445 2484 599 2525 modo:
637 2484 683 2533 Si
716 2500 766 2525 ex
802 2483 908 2533 oliv-a
945 2483 1149 2525 modulate
1184 2492 1368 2527 canentes
1402 2486 1516 2528 tibiae

88 2610 219 2648 spondet
235 2608 330 2637 huic:
356 2615 386 2637 at
410 2610 562 2643 rationem
589 2610 670 2639 unde
695 2620 780 2639 acce·
826 2616 952 2649 apertus.

88 2654 240 2693 perimus,
259 2661 321 2680 non
338 2659 471 2690 apparet.
869 2659 906 2683 323
937 2652 1138 2691 reprehensoris
1163 2651 1258 2690 vitia]
1284 2653 1304 2682 i.
1328 2663 1355 2683 e.
1378 2663 1450 2692 quae
1474 2663 1518 2684 re-

131 2702 172 2725 30
189 2706 240 2723 uno
258 2694 390 2732 tempore]
419 2696 571 2724 Buherius
596 2696 668 2734 legit
691 2707 780 2724 verno
823 2697 993 2735 prehensor
1008 2696 1126 2734 objicit.
1143 2706 1207 2726 non
1226 2697 1319 2735 igitur
1339 2706 1418 2735 opus
1442 2707 1519 2727 cum

88 2744 219 2776 tempore.
245 2747 308 2765 non
326 2745 369 2766 est
385 2747 474 2774 opuS.
490 2749 541 2766 uno
558 2740 720 2778 respondet
732 2739 782 2767 vi·
823 2740 951 2768 Davisio
975 2740 1125 2778 corrigere
1146 2739 1289 2774 convicia,
1306 2740 1390 2777 quod
1406 2746 1436 2768 et
1452 2749 1519 2778 gra-

91 2781 195 2815 cissim‚
212 2781 296 2819 quod
312 2787 357 2809 est
370 2780 431 2809 alio
448 2787 596 2819 ternpore.
823 2783 892 2811 vius
910 2789 967 2817 est,
984 2792 1083 2819 qnam
1106 2792 1160 2820 pro
1184 2792 1225 2810 re.
1244 2792 1318 2811 narn
1342 2782 1449 2811 durius
1466 2782 1517 2817 sit,

132 2828 168 2852 31
189 2831 214 2851 ετ
231 2821 402 2860 continuato]
423 2822 442 2851 i.
456 2832 483 2851 e.
497 2832 549 2860 per
564 2830 666 2853 toturn
684 2833 779 2852 mun-
824 2826 1079 2862 reprehensiones
1092 2825 1324 2864 philosophicas
1334 2834 1443 2853 vocare
1455 2834 1518 2852 con-

89 2866 168 2895 dum
184 2867 367 2904 pertinente.
384 2877 436 2894 uno
451 2872 495 2894 est
511 2867 633 2896 eodem.
823 2868 915 2898 vicia.

132 2913 171 2938 :32
187 2908 330 2946 apertiora
352 2914 416 2937 sunt
432 2907 471 2936 acl
489 2907 578 2946 repta]
597 2918 626 2938 v.
644 2908 730 2938 Clav.
748 2909 778 2937 in
