1778 3095
555 157 731 194 LIBER
770 153 1061 193 QUINTUS.
1456 161 1533 203 389

97 262 319 306 Socratem
341 265 492 315 ferunt,
512 278 611 304 cum
631 275 763 317 usque
793 261 845 302 ad
876 276 1094 317 vesperum
1125 261 1362 302 contentius
1382 263 1531 304 ambu-

99 319 222 371 laret,
252 321 560 377 quaesitumque
590 327 700 360 esset
733 332 784 358 ex
817 332 884 369 eo,
918 332 1044 374 quare
1075 316 1119 359 id
1149 318 1329 358 faceret:
1360 332 1532 373 respon-

97 375 223 428 disse,
244 393 303 428 se,
333 392 418 434 quo
448 375 598 416 melius
628 383 807 425 cenaret,
838 389 1045 429 opsonare
1079 374 1334 415 ambulando
1359 375 1530 417 famem.

98 433 251 474 Quid?
285 434 440 475 victum
461 430 879 473 Lacedaemoniorum
912 431 1006 471 35in
1037 430 1224 485 phiditiis
1256 444 1393 471 nonne
1418 431 1530 471 vide-
1544 447 1593 487 93

100 491 225 530 mus?
267 490 340 530 ubi
376 503 474 530 cum
507 498 708 544 tyrannus
741 488 968 528 cenavisset
1000 486 1251 543 DionysiUS,
1288 487 1456 542 negavit
1489 502 1532 528 se

87 544 187 600 jure
222 546 294 586 illo
329 545 466 600 nigro,
498 544 611 600 quod
643 558 757 584 cenae
791 552 917 598 caput
952 552 1055 594 erat,
1090 543 1362 584 delectatum.
1420 543 1531 584 Tum

96 601 145 650 is,
176 603 248 657 qui
276 601 347 642 illa
376 610 572 651 coxerat3
605 601 777 641 minime
806 601 977 650 mirum,
1010 599 1279 641 condimenta
1314 599 1426 640 enim
1457 600 1531 641 de-

97 658 278 699 fuerunt.
337 659 446 714 Quae
467 657 651 708 tandem,
674 656 809 712 inquit
830 656 898 697 ille
917 658 930 696 ?
963 657 1104 697 Labor
1132 657 1173 696 in
1201 665 1367 707 venatu,
1388 656 1532 709 sudor,

95 721 135 745 ³6
150 729 294 755 cursus
324 715 377 756 ab
407 715 581 764 Eurota,
612 714 757 763 fames,
789 714 891 754 sitis.
922 712 987 753 his
1024 713 1136 753 enim
1178 713 1302 753 rebus
1333 712 1532 754 Lacedae-

90 770 336 812 moniorum
357 771 492 826 epulae
512 770 780 811 condiuntur.
839 770 984 825 Atque
1016 768 1097 810 hoc
1126 784 1209 810 non
1239 784 1289 810 ex
1309 768 1530 811 hominum

95 840 213 867 more
243 828 396 878 solum,
427 827 499 869 sed
529 827 657 868 etiam
690 841 740 868 ex
775 826 918 867 bestiis
950 826 1132 882 intelligi
1164 834 1320 880 potest,
1351 841 1461 882 quae,
1483 836 1532 867 ut

93 882 300 939 quidquid
336 883 550 940 objectum
597 892 673 934 est,
715 882 887 938 87quod
923 882 1054 924 modo
1092 898 1116 923 a
1153 892 1299 924 natura
1348 897 1430 923 non
1480 882 1532 924 sit

91 938 292 991 alienum,
314 955 364 981 eo
382 949 594 982 contentae
612 954 695 980 non
717 946 912 995 quaerunt
933 939 1128 994 amplius.
1191 939 1393 980 Civitates
1414 955 1530 996 quae-
1543 952 1594 992 99

90 995 189 1036 dam
216 997 432 1048 universae,
462 1010 580 1037 more
613 996 766 1045 doctae,
803 995 1059 1052 parsimonia
1093 995 1370 1046 delectantur,
1400 1006 1449 1037 ut
1479 997 1531 1038 de

91 1053 424 1095 Lacedaemoniis
445 1054 588 1109 paullo
608 1062 704 1094 ante
724 1053 920 1094 diximus.
969 1053 1187 1093 Persarum
1205 1067 1229 1092 a
1245 1052 1534 1108 Xenophonte

90 1110 224 1150 victus
245 1110 467 1166 exponitur
486 1127 495 1152 :
528 1124 635 1166 quos
657 1118 785 1165 negat
806 1109 859 1150 ad
876 1123 1029 1165 panem
1057 1108 1256 1149 adhibere
1285 1108 1531 1165 quidquam,

92 1175 243 1220 praeter
264 1167 528 1208 nasturtium.
588 1168 876 1223 Quamquam,
897 1166 931 1206 si
962 1165 1157 1221 quaedam
1186 1165 1313 1206 etiam
1345 1166 1534 1207 suaviora

92 1230 240 1263 natura
259 1223 480 1273 desideret,
503 1238 627 1279 quam
651 1223 787 1263 multa
806 1237 856 1263 ex
877 1231 1000 1273 terra,
1022 1223 1326 1278 arboribusque
1345 1222 1533 1277 gignun-

93 1289 176 1330 tur,
199 1294 297 1320 cnm
317 1280 441 1335 copia
460 1279 585 1330 facili,
608 1289 699 1320 tum
722 1279 922 1320 suavitate
940 1279 1205 1334 praestantia?
1239 1278 1346 1319 adde
1366 1279 1531 1320 siccita-

93 1344 194 1386 tem,
216 1351 309 1391 quae
333 1336 607 1391 consequitur
635 1336 744 1376 hanc
774 1335 1078 1376 continentiam
1110 1335 1151 1375 in
1183 1335 1310 1376 victu.
1340 1335 1447 1376 adde
1466 1336 1531 1376 in-

93 1393 334 1447 tegritatem
356 1392 608 1433 valitudinis.
670 1392 831 1432 Confer
859 1391 1074 1441 sudantes,
1107 1400 1333 1441 ructanteS,
1355 1392 1530 1434 refertos
1548 1406 1622 1438 100

90 1449 240 1503 epulis,
261 1458 476 1505 tamquam
499 1449 662 1504 opimos
684 1449 810 1489 boves
829 1466 837 1489 :
870 1458 962 1489 turn
984 1448 1206 1504 intelliges,
1237 1448 1308 1504 qui
1339 1448 1530 1503 volupta-

92 1514 178 1545 tem
199 1507 380 1546 maxime
394 1515 634 1561 sequantur,
654 1520 724 1545 eos
746 1505 918 1545 minime
938 1507 1141 1560 consequi
1158 1521 1168 1555 3
1194 1504 1531 1560 jucunditatem-

92 1575 174 1616 que
195 1562 326 1603 victus
346 1576 433 1602 esse
464 1563 505 1601 in
537 1561 759 1610 desiderio,
791 1576 876 1602 non
905 1561 948 1601 in
977 1561 1181 1602 satietate.
1239 1561 1530 1614 Timotheum,
1542 1560 1614 1609 35

90 1616 249 1659 clarum
274 1618 488 1659 hominem
510 1617 706 1667 Athenis,
727 1626 769 1658 et
790 1617 1023 1673 principem
1045 1617 1237 1668 civitatis,
1258 1618 1411 1670 ferunt,
1432 1632 1531 1661 cum

89 1674 318 1716 cenavisset
358 1674 470 1730 apud
509 1674 739 1725 Platonem,
780 1689 916 1729 eoque
957 1674 1146 1716 convivio
1186 1674 1418 1716 admodum
1458 1675 1533 1717 de·

88 1730 267 1771 lectatus
303 1742 428 1780 esset,
460 1730 714 1786 vidissetque
753 1745 850 1771 eum
890 1731 1105 1786 postridie,
1148 1730 1325 1772 dixisse:
1365 1732 1530 1773 Vestrae

89 1786 260 1841 quidem
281 1802 397 1829 eenae
417 1802 501 1828 non
521 1788 657 1828 solum
691 1787 733 1827 in
764 1787 998 1841 praesentia,
1030 1788 1101 1828 sed
1123 1788 1249 1828 etiam
1269 1796 1440 1843 postero
1464 1788 1531 1829 die

84 1842 288 1898 jucundae
327 1853 437 1885 sunt.
497 1844 628 1900 Quid,
668 1843 784 1899 quod
826 1859 877 1883 ne
916 1852 1058 1884 mente
1105 1844 1275 1900 quidem
1317 1853 1430 1885 recte
1469 1846 1532 1886 uti

91 1913 329 1953 possumus,
367 1901 503 1943 multo
536 1901 648 1951 cibo,
682 1911 725 1940 ct
751 1900 924 1954 potione
957 1901 1187 1955 completi?
1221 1901 1298 1941 Est
1330 1902 1530 1956 praeclara

91 1955 272 2009 epistola
293 1957 475 1998 Platonis
498 1957 550 1997 ad
580 1957 729 1997 Dionis
758 1957 1041 2012 propinquos;
1073 1957 1115 1998 in
1137 1972 1219 2012 qua
1240 1957 1443 2013 scriptum
1466 1969 1530 1999 est

91 2010 156 2051 his
177 2012 264 2063 fere
285 2014 416 2054 verbis
434 2030 442 2053 :
480 2013 566 2067 Quo
590 2027 677 2052 cum
700 2012 906 2063 venissem,
928 2013 1016 2054 vita
1036 2013 1115 2054 illa
1145 2014 1275 2066 beata,
1308 2014 1528 2070 quaejere-

91 2064 225 2119 hatur,
255 2068 377 2123 plena
415 2069 670 2119 Italicarum,
710 2068 1100 2134 Syracusiarumque
1128 2085 1374 2122 mensarum,
1413 2070 1528 2112 nullo

92 2125 204 2165 modo
225 2125 326 2166 mihi
342 2125 502 2181 placuit
520 2143 535 2175 ,·
568 2125 625 2166 his
646 2126 688 2165 in
713 2126 777 2166 die
798 2133 982 2166 saturum
993 2127 1112 2181 fleri,
1131 2142 1202 2168 nec
1222 2141 1418 2184 umquam
1432 2138 1527 2182 per-

91 2189 255 2221 ‘noctare
273 2183 401 2222 solum
418 2200 430 2221 .-
464 2190 687 2237 ceteraque,
710 2196 805 2237 quc&
832 2183 1078 2224 comitantur
1109 2183 1201 2224 haic
1228 2184 1342 2235 vitoe,
1375 2185 1416 2225 in
1446 2199 1527 2240 qua

90 2237 251 2291 sapiens
271 2253 382 2279 nemo
411 2237 604 2292 efficietur
628 2253 838 2294 umquam,
864 2239 1095 2281 moderatus
1120 2256 1208 2281 vero
1230 2240 1357 2281 multo
1378 2240 1525 2281 minus.

90 2300 129 2325 38
151 2294 256 2349 Quae
278 2296 383 2335 enim
405 2303 555 2336 natura
586 2302 670 2335 tam
700 2294 946 2336 mirabiliter
978 2297 1194 2352 temperari
1219 2299 1392 2351 potest?
1424 2298 1523 2353 Quo
1541 2307 1609 2338 101

90 2350 219 2392 modo
239 2351 572 2408 igiturjucunda
590 2352 671 2392 vita
692 2360 834 2407 potest
855 2366 959 2403 esse,
980 2367 1003 2393 a
1025 2368 1107 2409 qua
1134 2354 1242 2394 absit
1270 2353 1491 2409 prudentia
1509 2356 1522 2395 ?

134 2480 172 2504 35
196 2474 225 2503 in
245 2475 394 2518 phidiriis]
419 2487 449 2507 V.
474 2477 562 2507 Clav.
595 2477 657 2507 MS.
675 2477 783 2507 Guelf.
828 2476 908 2515 num]
928 2478 1072 2509 Addidit:
1087 2488 1102 2508 e
1120 2479 1182 2508 Ms.
1198 2479 1304 2509 Guelf.
1322 2479 1398 2520 quod
1412 2479 1523 2510 malim

92 2517 334 2555 habetphiliriis.
827 2521 945 2550 abesse.
994 2522 1056 2551 Ms.
1075 2523 1158 2551 idern
1176 2523 1270 2551 habet
1292 2523 1414 2563 quando.
1461 2522 1526 2552 Da·

133 2564 173 2589 36
196 2570 292 2588 cursus
306 2561 342 2590 ab
360 2562 485 2602 Eurota]
513 2562 623 2593 Facilis
646 2570 692 2592 est
716 2572 784 2592 cor·
827 2564 925 2593 visius
941 2564 1098 2594 dummodo.

90 2603 185 2631 rectio
209 2602 250 2630 ad
275 2603 550 2644 Eurotam,‘*quam
575 2606 675 2635 secere
703 2607 783 2635 Ben-
870 2612 910 2636 38
936 2607 1010 2636 Quae
1033 2614 1139 2636 natura
1163 2615 1222 2636 ram
1249 2607 1424 2636 mirabiliter
1454 2614 1524 2636 rem-

90 2644 183 2674 tleius
200 2652 229 2674 et
245 2645 415 2684 Davisius·‚
439 2655 469 2677 et
491 2650 536 2678 sic
559 2656 604 2678 est
627 2649 713 2678 alibi.
729 2650 782 2679 sed
821 2650 923 2688 peruri
948 2649 1051 2688 potest]
1082 2650 1132 2680 Sc.
1160 2658 1195 2679 ut
1220 2658 1394 2689 utrumque
1425 2651 1456 2679 in
1488 2659 1524 2680 ea

90 2687 259 2726 vulgatum
288 2698 400 2719 verum
435 2699 500 2720 esse
528 2698 638 2731 potest.
672 2701 783 2722 cursus
828 2692 938 2722 locum
977 2693 1091 2723 habere
1129 2694 1237 2733 possit,
1281 2694 1523 2732 intemperantia

88 2730 210 2760 videtur
226 2731 354 2762 initium
377 2733 493 2771 cepisse
516 2743 533 2763 a
556 2735 621 2773 ripa
644 2735 782 2771 Eurotae,
825 2735 927 2765 victus
944 2742 973 2764 et
989 2737 1074 2772 vitae,
1097 2743 1127 2767 et
1150 2738 1327 2777 prudentia,
1351 2737 1522 2771 moderatio

90 2773 128 2801 ad
143 2782 242 2811 quam
257 2774 407 2804 sedebant
422 2782 619 2817 spectatores.
825 2778 938 2809 animi.

133 2821 170 2849 87
197 2816 272 2856 quod
294 2818 370 2846 modo
396 2829 414 2846 a
442 2824 547 2847 natura
574 2831 625 2849 non
650 2821 687 2850 sit
712 2819 785 2849 alie-

820 2873 934 2915 003
