1778 3095
578 142 759 181 LIBER
785 143 1026 183 PRIMUS.

207 254 303 301 ‚Quae
319 262 390 291 tum
408 265 481 291 cum
495 253 608 303 pueris
614 253 799 300 flammato
803 252 965 301 fulminis
985 253 1052 290 ictu

210 307 374 351 Concidit,
394 316 493 357 atque
511 306 637 343 avulsa
650 305 772 356 pedum
790 305 938 354 vestigia
952 305 1063 355 liquit.

210 360 295 396 Tum
314 361 387 411 quis
405 373 466 397 non
494 365 531 389 31
547 360 631 396 artis
651 360 776 409 scripta
794 372 835 395 ac
854 367 1064 395 monumenta
1086 357 1259 403 volutans,

210 413 302 450 Voces
323 412 492 459 tristificas
508 412 630 450 chartis
643 411 816 462 promebat
836 411 1004 448 Etruscis
1000 414 1020 441 θ

210 466 329 504 Omnes
357 473 396 496 32
411 466 506 502 civili
518 478 677 517 generosa
694 465 795 515 stirpe
817 465 1000 515 profectam

209 519 326 556 Vitare
342 520 500 579 ingentem
520 518 657 561 cladem,
674 528 857 569 pestemque
875 516 1076 555 monebant:

209 573 269 608 W
283 573 390 622 legum
408 573 544 609 exitium
561 572 724 608 constanti
738 570 999 620 vocefereliant‚

207 625 343 675 Templa
362 625 523 676 deumque
541 625 621 663 adeo
627 625 796 672 flammis,
816 624 973 674 urbesque
981 623 1152 672 jubebant

204 678 351 728 Eripere,
371 688 402 715 et
420 685 566 728 stragem
583 678 785 723 horribilem,
805 677 989 728 caedemque
1007 679 1117 714 vereri
1130 693 1143 714 .·
1166 688 1171 695 “

200 733 313 781 Atque
331 731 403 768 haee
415 731 499 777 fixa
514 733 715 781 gravifato
735 731 940 780 acfundata
960 732 1061 768 teneri
1076 749 1084 777 3

201 789 240 813 33
258 785 309 820 Ni
318 794 406 835 post,
425 787 584 822 excelsum
605 785 656 822 aa'
671 785 813 821 columen
818 785 977 832 formata
997 784 1106 822 decore

203 836 335 874 Sancta
356 839 461 887 Jovis
481 840 598 890 speeies
617 839 724 874 claros
743 847 904 888 spectaret
923 839 957 874 in
975 848 1065 874 ortus
1081 855 1093 875 .·

204 890 289 926 Tum
297 893 388 940 fore,
408 899 447 928 ut
465 893 604 929 oceultos
616 891 771 941 populus,
790 900 989 940 sanetusque
1007 900 1143 929 senatus

204 944 342 981 Cernere
359 955 496 981 conatus
510 953 628 995 posset,
649 945 678 980 si
695 944 771 979 solis
785 944 833 980 acl
848 953 954 979 ortum
1020 942 1023 944 ’

203 997 387 1041 Conversa,
407 998 482 1035 inde
496 1007 633 1048 patrum
653 996 753 1037 sedes,
768 997 946 1046 populique
963 996 1105 1035 videret.

200 1051 289 1087 Haec
307 1049 448 1088 tardata
468 1051 526 1088 diu
545 1052 674 1101 speeies,
693 1050 899 1100 multumque
917 1059 1060 1095 morata,

202 1103 343 1140 Consule
362 1113 394 1140 te
409 1105 543 1141 tandem
561 1105 647 1141 celsa
666 1113 712 1140 est
731 1104 765 1139 in
783 1102 856 1139 sede
876 1103 985 1140 locata
999 1120 1011 1140 .-

196 1159 310 1206 Atque
329 1171 396 1194 una
404 1157 476 1203 fixi
495 1172 536 1194 ae
553 1158 681 1207 signati
695 1157 846 1206 temporis
866 1155 947 1193 hora

199 1210 332 1259 Jupiter
349 1211 477 1248 excelsa
495 1211 653 1247 clarabat
670 1220 799 1259 secptra
817 1210 968 1246 columna
983 1225 996 1245 .-

199 1266 250 1298 At
269 1262 377 1300 clades
392 1264 854 1314 pat7·iae,flarnnzafirroque
866 1272 1011 1312 parata,

202 1316 339 1353 Vocibus
361 1317 577 1366 Allobrogum
591 1317 758 1367 patribus,
774 1316 955 1366 populoque
968 1315 1122 1366 patebat.

200 1369 277 1405 Rite
295 1370 401 1418 igitur
419 1381 559 1415 v‹·ttrc,s
579 1384 715 1421 qcorum
737 1375 946 1406 monumenta
965 1370 1094 1414 tenetis,

203 1423 271 1471 Qui
283 1424 418 1473 populos
436 1424 593 1475 urbesque
611 1437 673 1460 mot
668 1423 702 1459 lo
722 1437 763 1459 ae
780 1424 908 1458 virtute
926 1422 1099 1471 regebant,

198 1476 276 1512 Rite
294 1476 394 1513 etiam
413 1478 529 1519 vestri,
548 1489 685 1536 quorum
701 1486 872 1526 pietasque
878 1475 1033 1526 fidesque

197 1528 380 1573 Praestitit,
401 1540 431 1566 et
451 1531 546 1579 longe
563 1530 648 1566 vicit
666 1529 829 1579 sapientia
849 1535 992 1573 cunctos,

198 1581 371 1633 Praecipue
388 1584 510 1620 coluere
527 1584 658 1632 vigenti
675 1583 806 1619 numine
824 1581 934 1619 divos.

196 1634 287 1670 Haec
303 1637 382 1673 adeo
395 1637 529 1686 penitus
547 1649 632 1673 eura
649 1635 764 1673 videre
781 1636 911 1684 sagaci,

201 1688 283 1724 Otia
300 1691 357 1740 qui
372 1690 493 1726 studiis
513 1690 585 1725 laeti
604 1699 732 1725 tenuere
749 1688 886 1732 decoris,

1449 148 1523 182 52⁸

1538 1047 1588 1080 21

196 1741 300 1790 Inque
317 1742 504 1779 Academia
525 1742 721 1791 umbrifera,
740 1741 906 1792 nitidoque
923 1742 1027 1791 Lyceo

196 1793 369 1832 Fuderunt
387 1796 497 1832 claras
503 1796 664 1842 faecundi
676 1796 815 1845 pectoris
830 1804 933 1832 artes.

199 1847 234 1883 E
252 1848 372 1897 quibus
389 1858 533 1898 ereptum
546 1849 654 1898 primo
664 1848 742 1894 jam
764 1861 785 1884 a
792 1848 881 1895 flore
887 1849 1062 1894 juventae,

202 1900 249 1936 Te
262 1902 378 1951 patria
398 1903 433 1937 in
453 1901 560 1937 media
588 1908 628 1931 84
644 1902 811 1937 virtutum
828 1902 908 1937 mole
925 1902 1062 1939 locavit.

200 1953 252 1989 Tu
275 1961 386 1991 tamen
406 1955 580 2002 anxiferas
599 1967 696 1991 curas
713 1954 854 2004 requitte
872 1955 1020 1997 relaxas,

197 2012 236 2037 ³5
257 2007 356 2056 Quod
366 2008 495 2057 patriae
512 2008 602 2044 ‘vocis
621 2007 741 2043 studiis
761 2006 915 2057 nobisque
932 2007 1088 2044 sacrasti.

89 2058 157 2099 Tu
183 2057 315 2113 igitur
339 2059 524 2100 animum
548 2059 703 2114 poteris
728 2059 924 2100 inducere
942 2068 1088 2100 eontra
1106 2073 1168 2108 ea,
1188 2074 1281 2114 quae
1301 2075 1326 2100 a
1344 2075 1413 2101 me
1436 2061 1522 2104 dis-

91 2123 295 2169 putantur
332 2122 371 2147 36
388 2115 439 2156 de
469 2115 736 2166 divinatione,
765 2115 920 2167 dicere,
950 2116 1023 2172 qui
1053 2124 1096 2157 et
1124 2116 1302 2171 gesseris
1332 2131 1396 2168 ea,
1426 2134 1520 2175 quae

135 2265 172 2289 31
199 2260 271 2289 artis
281 2259 404 2301 scripta]
416 2261 498 2291 Artis
513 2261 684 2300 auguralis,
701 2268 732 2291 et
746 2262 784 2291 de

90 2302 302 2341 haruspicina.

135 2351 174 2375 :32
198 2345 285 2375 civili
316 2356 449 2385 generosa
486 2346 574 2385 stirpe
606 2345 779 2386 profectam]

90 2387 203 2417 ostam
219 2388 266 2418 vel
290 2389 458 2419 oriundam
475 2389 515 2418 ab
538 2389 659 2420 civibus
681 2397 712 2419 et
728 2399 783 2419 no-

88 2429 144 2458 bili
160 2440 271 2468 genere
287 2434 378 2462 natis.

133 2478 171 2502 33
199 2473 239 2502 Ni
257 2480 332 2512 post,
356 2473 496 2503 excelsum
518 2474 560 2503 ad
578 2474 703 2504 columen
713 2475 782 2514 for-

90 2514 184 2552 mata]
210 2516 290 2545 Dedi
315 2517 453 2546 excelsum
471 2527 527 2555 pro
543 2518 680 2554 excisum,
697 2518 782 2556 quod

88 2568 219 2588 sensum
236 2558 365 2588 nullum
378 2560 429 2589 hic
446 2560 552 2596 habet,
565 2570 581 2589 e
599 2561 663 2590 Ms.
675 2561 782 2590 Oxon.

90 2607 126 2631 ut
140 2601 209 2638 jam
222 2601 317 2630 edidit
333 2602 517 2632 Lambinus.
532 2603 703 2642 vestigium
720 2604 780 2633 hu-

88 2644 141 2682 Jus
158 2643 300 2673 lectionis
317 2650 363 2673 est
384 2645 417 2673 in
434 2645 511 2675 Mss.
526 2647 581 2684 qui
598 2646 717 2676 habent
733 2658 782 2676 ex—

90 2697 206 2720 cessum,
230 2692 265 2715 ut
288 2693 318 2716 et
341 2686 446 2716 Guelf.
469 2694 499 2717 et
521 2689 590 2719 edd.
605 2695 679 2718 vett.
695 2699 782 2728 quae-

91 2729 178 2763 dam,
195 2735 230 2758 ut
246 2729 326 2759 Ven.
347 2735 438 2761 1494.
462 2730 664 2770 intelligenda
679 2738 783 2761 statua

95 2772 217 2801 ieonica
242 2772 292 2801 vel
323 2772 471 2802 colossea.
498 2782 576 2802 mox
599 2781 645 2804 est
672 2774 782 2804 excelsa

94 2813 233 2844 columna.
249 2815 290 2844 cf.
307 2814 400 2845 Catil.
416 2814 476 2851 III,
495 2821 524 2844 8.

137 2863 177 2887 34
200 2857 346 2887 virtutum
370 2856 456 2898 mole]
481 2857 607 2898 Propter
627 2859 784 2890 virtutum

826 2267 956 2291 tuarum
984 2261 1226 2292 multitudinem
1259 2269 1291 2293 et
1327 2264 1520 2302 magnitudi-

827 2314 915 2333 nem.

869 2353 908 2377 35
935 2345 1019 2377 Quod
1032 2346 1144 2385 patriae
1166 2347 1245 2377 vocis
1265 2348 1368 2378 studiis
1390 2349 1522 2391 nobisque

828 2389 961 2428 sacrasti]
989 2390 1009 2420 i.
1025 2398 1052 2418 e.
1070 2389 1188 2428 linguae
1203 2397 1233 2420 et
1254 2390 1445 2429 eloquentiae
1464 2394 1521 2424 La-

824 2433 900 2461 tinae
916 2432 1114 2471 perficiendae
1125 2434 1245 2463 studiis.
1291 2434 1376 2463 Quod
1389 2436 1519 2467 referam

825 2475 863 2504 ad
879 2475 968 2503 otium
982 2476 1067 2513 quod
1090 2485 1143 2515 per
1162 2474 1262 2505 σύνεσιν
1282 2476 1383 2506 latet
1377 2487 1407 2507 m
1424 2479 1521 2510 verbo

827 2517 961 2558 requiete.
984 2518 1080 2548 aliam
1104 2520 1258 2549 rationem
1278 2521 1394 2550 horum
1410 2522 1531 2552 verbo--

827 2570 899 2590 rum
912 2560 1173 2599 explicandorum
1189 2572 1248 2592 nec
1263 2564 1373 2602 reperi,
1390 2573 1449 2594 nec
1465 2574 1519 2595 ex-

824 2604 959 2642 cogitare
975 2603 1073 2643 potui.

868 2651 907 2676 36
931 2647 964 2675 de
993 2646 1173 2676 divinatione
1200 2645 1304 2685 dicere]
1346 2648 1456 2678 Delevi
1491 2656 1519 2678 et

825 2698 903 2719 cum
926 2690 1067 2725 Davisio,
1084 2690 1170 2728 quod
1193 2690 1225 2719 in
1245 2690 1379 2729 vulgatis
1396 2692 1518 2721 additur

824 2738 898 2761 ante
920 2738 947 2760 et
970 2731 1014 2762 de.
1037 2741 1113 2762 nam
1136 2733 1302 2762 manifeste
1325 2735 1462 2764 cohaeret
1485 2733 1518 2761 an*

824 2774 917 2803 dicere
939 2784 1016 2804 cum
1039 2774 1167 2803 animum
1191 2775 1332 2813 inducere,
1357 2783 1454 2805 contra
1470 2787 1515 2812 ea,

824 2817 858 2845 de
880 2816 1061 2846 divinatione
1084 2823 1192 2846 autem
1218 2826 1295 2847 eum
1321 2819 1515 2857 disputantur„

825 2859 912 2890 abest
927 2865 955 2888 et
976 2859 1072 2890 etiam
1087 2859 1127 2890 ab
1142 2860 1191 2890 ed.
1205 2859 1292 2890 Aldi.
