1778 3095
578 94 760 131 LIBER
786 94 1068 132 TERTIUS.
1475 102 1548 134 511

125 204 256 245 tentia
274 203 565 260 perseverabat
583 218 592 241 τ
624 202 713 257 qui,
732 216 830 243 cum
851 200 905 241 ad
926 201 1262 256 Peloponnesum
1283 201 1459 243 classem
1478 217 1555 259 ap-

124 261 314 315 pulisset,
336 270 378 302 et
397 261 439 301 in
459 260 602 300 fanum
631 258 809 298 venisset
828 257 943 299 Jovis
960 257 1152 313 Olympii
1164 273 1176 308 3
1208 271 1382 299 aureum
1410 260 1449 300 ei
1478 260 1553 302 de—

123 317 248 358 traxit
269 317 512 367 amiculum,
531 314 682 370 grandi
703 313 903 370 pondere,
924 327 1010 368 quo
1030 315 1178 355 Jovem
1208 322 1376 355 ornarat
1395 329 1444 356 ex
1463 332 1555 357 ma-

126 373 264 414 nubiis
298 371 710 427 Karthaginiensium
743 379 944 427 tyrannus
967 369 1091 411 Gelo.
1121 379 1249 426 atque
1280 371 1322 411 in
1351 384 1403 411 eo
1428 373 1557 415 etiam

123 430 338 471 cavillatus
374 439 452 479 est,
484 437 629 470 aestate
660 442 787 483 grave
818 440 908 468 esse
938 440 1111 467 aureum
1145 427 1391 478 amiculum,
1417 427 1556 470 hieme

122 486 325 541 frigidum
346 503 356 528 ε
398 485 521 540 eique
559 484 730 525 laneum
764 483 938 539 pallium
972 481 1131 537 injecit,
1166 498 1264 523 cum
1301 484 1344 524 id
1379 498 1470 525 esse
1505 485 1558 526 ad

125 557 251 583 omne
268 543 365 583 anni
385 551 550 596 tempus
568 540 739 582 diceret.
769 540 965 596 idemque
985 538 1219 594 AEsculapii
1239 540 1441 595 Epidauri
1460 541 1558 582 bar-

125 598 223 640 bam
253 613 421 640 auream
449 597 563 638 demi
586 597 729 654 jussit.
759 611 893 652 neque
924 596 1036 637 enim
1068 596 1303 647 convenire,
1332 598 1557 640 barbatum
1569 609 1665 642 p-77·

125 669 217 696 esse
238 655 385 705 filium,
404 669 503 695 cum
519 655 561 695 in
580 654 777 695 omnibus
798 653 903 694 fanis
924 661 1041 708 pater
1061 652 1261 693 imberbis
1282 662 1405 694 esset.
1460 655 1485 695 J
1489 670 1555 695 am
1567 656 1605 710 δῇ

126 725 291 752 mensas
312 721 532 766 argenteas
553 711 606 752 de
626 711 822 752 omnibus
844 710 1029 760 delubris
1044 709 1172 766 jussit
1191 709 1345 750 auferri
1363 727 1372 751 ε
1403 710 1446 750 in
1468 713 1561 766 qui-
1572 694 1624 728 84

127 767 204 809 bus
234 768 350 824 quod
371 783 489 808 more
517 768 664 808 veteris
687 767 864 808 Graeciae
885 767 1134 821 inscriptum
1155 774 1280 817 esset,
1303 780 1558 809 BONORUM

129 838 300 865 DEORU
313 839 366 876 M,
388 824 451 865 uti
469 839 512 865 se
534 839 681 865 eorum
699 824 888 865 bonitate
906 823 1009 864 velle
1029 823 1210 864 dicebat.
1271 823 1390 864 Idem
1412 824 1563 865 Victo-

125 880 251 921 riolas
292 895 453 932 aureas,
487 890 529 922 et
567 890 746 937 pateras,
790 894 1066 934 coronasque,
1106 895 1200 935 quae
1242 880 1564 923 simulacrorum

125 938 329 992 porrectis
364 938 558 978 manibus
587 936 914 986 sustinebantur,
944 936 1032 976 sine
1066 935 1330 977 dubitatione
1360 937 1563 978 tollebat:

126 1007 260 1049 eaque
282 1008 325 1034 se
344 994 549 1049 accipere,
571 1008 654 1034 non
676 993 852 1044 auferre,
873 992 1054 1033 dicebat.
1086 1007 1175 1033 esse
1197 994 1307 1033 enim
1328 993 1565 1045 stultitiam,

127 1064 153 1091 a
172 1051 323 1106 quibus
343 1050 456 1091 bona
482 1064 766 1105 precaremur,
788 1049 840 1090 ab
873 1049 921 1090 iis
950 1049 1264 1104 porrigentibus
1297 1058 1338 1091 et
1369 1050 1567 1092 dantibus

129 1107 240 1147 nolle
261 1121 440 1147 sumere.
500 1107 778 1161 Eundemque
799 1106 939 1147 ferunt
961 1106 1067 1156 haec,
1088 1121 1182 1161 quae
1209 1105 1310 1155 dixi,
1330 1107 1495 1148 sublata
1515 1108 1566 1148 de

130 1163 235 1204 fanis
262 1163 305 1205 in
333 1163 474 1204 forum
504 1163 744 1219 protulisse,
764 1172 807 1204 et
836 1177 911 1218 per
939 1177 1177 1218 praeconem
1200 1163 1463 1204 vendidisse:
1494 1179 1567 1205 ex-

128 1229 306 1275 actaque
325 1221 503 1275 pecunia
524 1220 714 1270 edixisse,
734 1229 796 1271 ut,
818 1219 934 1275 quod
964 1219 1142 1275 quisque
1172 1235 1197 1260 a
1226 1220 1352 1260 sacris
1379 1220 1570 1272 haberet,

128 1275 174 1317 id
195 1286 291 1317 ante
312 1277 424 1317 diem
446 1286 604 1318 certam
627 1285 665 1308 14
681 1277 722 1316 in
753 1291 878 1317 suum
909 1275 1108 1331 quodque
1130 1276 1273 1317 fanum
1294 1277 1479 1318 referret.
1510 1277 1570 1318 ita

130 1332 186 1373 ad
204 1333 462 1388 impietatem
486 1333 526 1374 in
547 1333 664 1383 deos,
686 1333 729 1373 in
750 1331 942 1373 homines
963 1332 1154 1388 adjunxit
1173 1333 1385 1388 injuriam.
1438 1335 1568 1375 Hunc
1580 1335 1652 1386 35

129 1389 261 1444 igitur
290 1404 366 1430 nec
389 1390 615 1445 Olympius
635 1390 801 1445 Jupiter
825 1389 1002 1430 fulmine
1032 1391 1253 1444 percussit,
1274 1404 1350 1430 nec
1371 1390 1569 1431 AEscula-

130 1447 223 1500 pius
243 1446 411 1496 misero,
433 1447 716 1502 diuturnoque
737 1446 890 1486 morbo
919 1446 1204 1487 tabescentem
1233 1447 1472 1488 interemit:
1504 1456 1570 1488 at·

132 1517 215 1558 que
246 1502 289 1542 in
319 1518 395 1543 suo
426 1499 585 1544 lectulo
610 1512 818 1554 mortuus,
841 1511 877 1534 15
893 1503 935 1543 in
955 1502 1230 1559 Tympanidis
1252 1517 1406 1558 rogum
1429 1503 1570 1545 illatus

132 1570 226 1599 est:
257 1573 438 1614 eamque
465 1567 736 1615 potestatem,
758 1574 885 1614 quam
919 1559 1005 1614 ipse
1033 1573 1107 1614 per
1133 1560 1268 1600 scelus
1290 1569 1379 1601 erat
1409 1569 1571 1610 nactus,

132 1616 252 1670 quasi
283 1615 446 1671 justam
481 1625 523 1656 et
558 1616 809 1671 legitimam,
846 1615 1087 1657 hereditatis
1123 1615 1220 1656 loco
1260 1616 1345 1657 filio
1385 1616 1571 1658 tradidit.

134 1671 269 1712 Invita
300 1672 342 1712 in
375 1672 456 1713 hoc
489 1673 586 1714 loco
620 1681 806 1713 versatur
838 1672 986 1713 oratio.
1018 1672 1180 1713 videtur
1208 1672 1321 1713 enim
1342 1674 1570 1714 auctorita-
1582 1685 1631 1720 85

134 1736 222 1769 tem
243 1729 388 1769 afferre
414 1729 628 1784 peccandi.
661 1737 773 1770 recte
804 1728 1040 1778 videretur,
1073 1728 1151 1768 nisi
1181 1738 1223 1769 et
1254 1728 1430 1780 virtutis,
1450 1739 1493 1770 et
1511 1729 1571 1771 vi-

133 1785 307 1834 tiorum,
342 1786 430 1826 sine
467 1786 552 1827 ulla
586 1785 723 1826 divina
757 1786 931 1835 ratione,
967 1799 1093 1840 grave
1132 1785 1262 1840 ipsius
1303 1786 1573 1828 conscientiae

132 1841 302 1897 pondus
322 1850 445 1883 esset.
476 1857 558 1897 qua
579 1842 758 1892 sublata,
786 1841 931 1897 jacent
961 1842 1119 1882 omnia.
1180 1843 1242 1883 Ut
1267 1843 1378 1883 enim
1400 1857 1476 1884 nec
1495 1843 1573 1884 do-

134 1912 244 1947 mus,
266 1911 342 1938 nec
363 1899 599 1953 respublica
628 1898 789 1940 ratione
819 1897 1000 1953 quadam
1032 1907 1075 1939 et
1103 1898 1325 1954 disciplina
1355 1899 1575 1955 designata

134 1954 340 2004 videatur,
360 1954 394 1995 si
425 1955 467 1996 in
499 1969 548 1996 ea
582 1969 658 1995 nec
686 1962 798 1996 recte
827 1954 949 1995 factis
978 1955 1151 2009 praemia
1180 1964 1344 1997 exstent
1374 1956 1474 2008 ulla,
1495 1970 1574 1997 nec

135 2010 343 2066 supplicia
362 2012 571 2066 peccatis:
596 2018 632 2043 16
650 2011 708 2052 sic
729 2011 876 2052 mundi
895 2010 1032 2052 divina
1051 2012 1093 2052 in
1115 2012 1308 2054 homines
1336 2013 1573 2056 moderatio

136 2068 330 2122 profecto
351 2067 466 2110 nulla
484 2077 561 2120 est,
582 2068 616 2109 si
634 2068 676 2108 in
698 2082 747 2109 ea
766 2067 991 2108 discrimen
1017 2068 1180 2110 nullum
1202 2078 1268 2111 est
1288 2070 1500 2112 bonorum
1530 2078 1574 2112 et

138 2123 364 2165 malorum.

194 2180 257 2221 At
275 2180 388 2221 enim
409 2180 572 2222 minora
601 2180 659 2222 dii
690 2180 927 2236 negligunt,
948 2196 1083 2237 neque
1104 2181 1265 2236 agellos
1290 2182 1571 2238 singulorum,
1585 2189 1637 2228 86

136 2250 214 2278 nec
233 2236 423 2278 viticulas
443 2247 753 2294 persequuntur
771 2257 781 2278 :
813 2253 906 2289 nec,
925 2238 958 2279 si
982 2237 1128 2290 uredo,
1150 2247 1224 2279 aut
1251 2239 1417 2294 grando
1449 2239 1571 2295 quip-
1584 2243 1617 2273 b·

183 2370 222 2393 14
252 2363 282 2404 in
311 2373 392 2392 suum
422 2363 552 2404 quodque
576 2362 703 2404 fanum]
745 2363 833 2393 Edidi

137 2405 266 2448 quodque
280 2415 335 2445 pro
350 2405 479 2445 vulgato
501 2406 639 2449 quidque,
655 2407 740 2446 quod
756 2406 835 2436 olim

128 2447 301 2479 ⁴latinitatis
332 2450 487 2479 rationem
517 2450 675 2489 postulare
705 2450 834 2486 credidi,

140 2497 210 2530 post
231 2498 262 2521 et
286 2493 316 2521 in
344 2492 429 2522 libris
453 2493 561 2532 reperi,
580 2500 614 2523 ut
638 2495 670 2523 in
691 2494 740 2523 ed.
756 2493 836 2522 Ven.

144 2541 237 2566 1494.
254 2534 384 2564 Mediol.
399 2535 472 2566 Ald.

188 2583 224 2606 15
252 2576 282 2605 in
309 2577 490 2616 Tympanidis
521 2588 620 2618 rogum
650 2577 749 2608 illatus
779 2575 834 2617 est]

143 2618 327 2660 Tympanidis
352 2630 471 2650 nomen
494 2631 560 2652 esse
580 2622 744 2658 vitiosum,
767 2631 838 2651 om-

141 2672 197 2692 nes
223 2663 447 2693 consentiunt:
476 2664 509 2693 in
538 2665 721 2704 corrigendo
749 2664 838 2694 valde

143 2705 315 2741 fluctuant,
346 2715 405 2734 nec
435 2707 502 2736 sine
537 2706 624 2738 libris
654 2707 838 2738 melioribus

142 2748 317 2787 quicquam
342 2749 417 2778 certi
442 2749 574 2779 inveniri
598 2757 710 2789 potest.
754 2751 839 2781 Con-

140 2790 278 2827 jecturas
307 2792 417 2822 referre
445 2791 525 2821 nihil
552 2794 672 2823 attinet.
717 2794 840 2823 Recen-

145 2834 264 2864 tissima
284 2841 329 2866 est
346 2834 393 2865 Cl.
408 2835 623 2875 Cannegieteri
638 2837 676 2867 de
699 2837 790 2868 Notis
808 2846 838 2877 p-

879 2369 951 2397 317.
979 2374 1082 2392 verum
1109 2363 1197 2392 etiam
1224 2363 1401 2403 impunitus:
1425 2365 1512 2404 quod
1537 2365 1578 2396 Si-

881 2406 957 2436 mile
973 2413 1018 2435 est
1033 2406 1220 2436 Trilleriano
1236 2407 1268 2436 in
1285 2407 1362 2441 Obs.
1387 2418 1417 2447 p.
1435 2412 1487 2438 66.
1509 2408 1577 2438 vita

880 2449 1046 2488 impunitus.
1070 2459 1127 2479 cur
1149 2460 1214 2480 non
1241 2450 1427 2489 simpliciter
1453 2450 1578 2490 impuni-

882 2499 926 2521 tus
943 2503 972 2520 tn
986 2504 1025 2521 ro.
1042 2503 1066 2521 c.
1084 2503 1104 2522 t.

926 2540 963 2565 16
979 2535 1019 2564 sic
1034 2534 1133 2564 mundi
1147 2534 1253 2564 divina
1268 2535 1298 2564 in
1313 2535 1435 2565 homines
1451 2536 1578 2565 modera-

881 2575 935 2616 tio]
950 2578 1098 2608 Davisius
1110 2578 1204 2608 deleri
1215 2578 1284 2608 vult
1296 2578 1407 2615 mundi,
1422 2579 1578 2609 Buherius

881 2620 912 2649 in
927 2621 1059 2652 homines.
1083 2621 1195 2651 malim
1211 2621 1304 2658 illud,
1320 2623 1344 2652 si
1365 2628 1473 2651 tamen
1489 2622 1578 2652 alter-

882 2670 991 2694 utrum
1025 2664 1210 2695 delendum.
1237 2665 1291 2695 sed
1323 2671 1423 2704 potest
1451 2664 1580 2704 vulgata}

881 2708 925 2737 sic
949 2708 1060 2747 accipi,
1079 2714 1114 2737 ut
1135 2708 1277 2746 primum
1303 2708 1579 2741 universamode-

882 2751 959 2780 ratio
988 2752 1095 2781 divina
1125 2750 1317 2788 intelligatur
1351 2751 1384 2780 in
1417 2750 1579 2779 mundum

881 2803 927 2824 se.
952 2794 1153 2829 universum,
1177 2793 1290 2823 deinde
1317 2793 1483 2832 separatim
1510 2793 1578 2832 ejus

883 2845 964 2877 pars,
981 2846 1055 2876 quae
1069 2837 1107 2868 ad
1124 2837 1271 2869 homines
1286 2837 1429 2876 pertinet.
