1778 3095
253 68 333 100 350
610 62 863 101 TUSCUL.
894 64 1336 103 QUAESTIONUM

252 167 360 208 alius
391 166 574 210 habeat?
608 175 645 204 87
661 168 736 224 qui
760 168 804 210 id
833 170 1055 234 approbari
1085 171 1232 226 possit,
1257 180 1298 211 te
1329 178 1367 202 88
1386 170 1678 226 aegritudinem

253 224 462 280 suscipere
483 240 560 280 pro
580 226 846 281 experientia,
867 228 900 267 si
922 226 1022 282 quid
1043 227 1194 268 habere
1214 228 1312 267 velis
1331 229 1344 268 ,Ρ
1370 236 1408 261 89
1422 242 1518 268 nam
1539 228 1678 269 solum

189 289 238 330 57
253 280 406 322 habere
425 282 542 333 velle,
559 297 724 323 summa
742 283 953 325 dementia
970 294 1047 324 est.
1087 284 1406 325 Mediocritates
1426 294 1565 325 autem
1588 299 1679 325 rna·-

251 336 391 379 lorum
422 339 515 394 quis
544 339 716 379 laudare
744 349 855 380 recte
886 340 1048 394 possit?
1082 341 1173 396 quis
1204 341 1312 381 enim
1346 349 1501 396 potest,
1523 341 1565 381 in
1594 356 1679 396 quo

251 393 384 435 libido
404 395 659 450 cupiditasve
679 395 745 445 sit,
763 411 845 436 non
866 396 1113 437 libidinosus
1133 406 1175 437 et
1193 397 1372 452 cupidus
1393 397 1539 437 esse?
1530 412 1572 437 1n
1593 411 1678 452 quo

250 451 324 502 ira,
346 466 431 492 non
450 452 702 492 iracundus?
736 452 777 492 in
800 467 883 506 quo
904 467 1052 515 angor,
1074 468 1158 493 non
1177 454 1377 494 anxius?
1369 469 1408 494 1n
1431 468 1516 508 quo
1536 453 1678 503 timor,

251 522 336 548 non
357 508 558 549 timidus?
591 508 862 548 libidinosum
884 508 1027 562 igitur,
1049 518 1091 549 et
1116 510 1333 565 cupidum,
1353 519 1395 550 et
1415 526 1449 550 11
1451 509 1680 560 acundum,

249 573 292 604 et
321 564 506 615 anxium,
527 574 569 605 et
595 564 789 604 timidum
821 578 1041 605 censemus
1070 579 1159 605 esse
1189 567 1446 621 sapientem?
1481 566 1533 606 de
1555 566 1677 630 cujus

249 621 493 661 excellentia
512 621 646 661 multa
666 620 836 675 quidem
869 620 950 660 dici
981 622 1168 675 quamvis
1189 622 1279 662 fuse
1299 623 1464 678 lateque
1488 622 1677 678 possint·
1666 653 1678 673 ‚

249 677 322 717 sed
343 677 584 718 brevissime
606 676 677 717 illo
700 676 842 727 modo,
864 676 1110 741 sapientiam
1141 693 1231 718 esse
1260 693 1396 720 rerum
1430 679 1678 730 dixinarum,

246 742 289 774 et
310 733 588 774 humanarum
618 733 848 783 scientiam,
870 733 1255 798 cognitionemque,
1277 750 1370 790 quae
1393 735 1599 792 cujusque
1620 736 1679 777 rei

246 803 374 830 causa
393 789 461 829 sit.
491 803 541 830 ex
561 804 646 844 quo
668 789 857 840 efficitur,
878 801 926 830 ut
949 790 1087 830 divina
1112 791 1311 854 imitetur,
1334 791 1518 832 humana
1537 792 1680 833 omnia

246 845 444 886 inferiora
462 845 614 886 virtute
635 845 775 886 ducat.
820 847 867 886 In
888 846 996 887 hanc
1016 856 1062 888 tu
1083 846 1226 902 igitur,
1248 856 1463 902 tamquam
1485 849 1526 888 in
1548 863 1679 898 mare,

245 901 360 956 quod
381 912 444 942 est
464 902 594 943 ventis
615 902 871 958 subjectum,
892 904 1252 967 perturbationem
1271 904 1419 944 cadere
1439 904 1517 945 tibi
1537 903 1679 945 dixisti

246 958 405 998 videri?
447 958 548 1014 quid
583 968 660 1009 est,
696 959 811 1023 quod
848 967 1004 1000 tantam
1036 975 1134 1015 grax
1139 969 1284 1001 itatem
1314 961 1678 1025 constantiamque

244 1015 489 1069 perturbet.
482 1016 494 1046 Ρ
528 1030 579 1056 an
611 1015 883 1079 improvisum
918 1016 1089 1072 aliquid,
1122 1024 1195 1057 aut
1226 1017 1490 1071 repentinum
1511 1019 1524 1057 ?
1573 1017 1677 1073 quid

244 1079 385 1125 potest
406 1071 594 1112 accidere
613 1073 711 1136 tale,
729 1080 771 1112 et
792 1072 859 1112 cui
882 1072 998 1123 nihil,
1017 1072 1132 1128 quod
1155 1073 1316 1114 homini
1335 1074 1495 1115 evenire
1517 1074 1676 1128 possit?

243 1127 358 1168 Nam
382 1128 497 1194 quod
518 1128 649 1179 aiunt,
670 1129 799 1169 nimia
819 1129 994 1169 resecari
1015 1139 1223 1184 oportere,
1244 1130 1448 1170 naturalia
1471 1130 1677 1194 relinqui:

244 1185 347 1239 quid
375 1184 546 1225 tandem
580 1193 721 1240 potest
751 1199 841 1226 esse
869 1184 1072 1235 naturale,
1092 1185 1206 1241 quod
1235 1186 1350 1226 idem
1381 1186 1557 1227 nimium
1587 1201 1677 1227 esse

243 1241 406 1295 possit?
454 1250 553 1282 sunt
585 1242 695 1282 enim
736 1241 879 1282 omnia
912 1241 994 1282 ista
1024 1256 1074 1283 ex
1110 1256 1299 1283 errorum
1331 1251 1423 1283 orta
1453 1243 1676 1284 radicibus.

242 1298 353 1352 Quae
383 1297 597 1338 evellenda
629 1307 674 1339 et
709 1298 967 1339 extrahenda
992 1298 1174 1353 penitus,
1206 1313 1288 1340 non
1324 1299 1677 1351 circumcidenda,

242 1367 319 1394 nec
341 1354 600 1418 amputanda
620 1363 731 1395 sunt.

157 1410 226 1464 27
297 1410 380 1451 Sed
401 1411 600 1466 quoniam
623 1411 826 1475 suspicor,
845 1421 889 1452 te
910 1426 993 1453 non
1013 1421 1100 1452 tam
1120 1411 1172 1453 de
1192 1412 1393 1468 sapiente,
1415 1427 1542 1468 quam
1563 1411 1616 1454 de
1636 1421 1677 1454 te

178 1484 227 1516 58
241 1466 333 1522 ipso
354 1481 539 1523 quaerere
561 1468 696 1521 (illum
718 1483 829 1509 enim
851 1477 974 1523 putas
996 1469 1112 1509 omni
1131 1483 1204 1524 pei
1207 1470 1444 1510 turbatione
1462 1484 1552 1510 esse
1569 1469 1677 1511 libe·

111 1541 142 1570 p.
155 1538 228 1562 222.
241 1538 349 1573 rum,
370 1533 412 1565 te
433 1524 508 1576 vis)
536 1524 818 1575 90x1deamus,
840 1534 997 1580 quanta
1018 1526 1115 1575 sint,
1136 1541 1229 1581 quae
1260 1540 1285 1566 a
1311 1525 1581 1581 philosophia
1609 1540 1675 1567 re-

198 1584 227 1605 a.
239 1580 379 1621 media
398 1581 555 1621 morbis
577 1581 814 1622 animorum
836 1582 1125 1623 adhibeantur.
1157 1591 1221 1623 est
1240 1582 1351 1623 enim
1373 1583 1566 1637 quaedam
1584 1597 1674 1623 me-

239 1636 380 1677 dicina
409 1646 545 1678 certe:
579 1652 654 1678 nec
684 1647 771 1678 tam
801 1639 883 1679 fuit
912 1638 1132 1679 hominum
1165 1639 1310 1694 generi
1339 1639 1513 1703 infensa,
1544 1648 1672 1695 atque

237 1692 409 1734 inimica
425 1702 586 1744 natura,
606 1703 655 1735 ut
671 1695 918 1750 corporibus
937 1705 1002 1736 tot
1021 1710 1085 1735 res
1108 1695 1324 1746 salutares,
1343 1695 1493 1736 animis
1515 1696 1674 1737 nullam

236 1749 454 1791 invenerit.
514 1752 582 1792 De
616 1751 768 1806 quibus
801 1751 882 1792 hoc
916 1751 1043 1792 etiam
1077 1762 1141 1792 est
1173 1752 1323 1793 merita
1356 1751 1524 1802 melius,
1557 1751 1675 1808 quod

238 1821 466 1871 corporum
483 1807 729 1872 adjumenta
745 1808 997 1849 adhibentur
1016 1809 1286 1858 extrinsecus,
1303 1808 1541 1849 animorum
1562 1809 1674 1850 salus

237 1862 427 1904 inclusa
418 1879 461 1904 1n
482 1864 578 1904 his'
568 1878 667 1919 ipsis
688 1874 765 1905 est.
825 1864 908 1905 Sed
931 1879 1015 1920 quo
1037 1866 1172 1921 major
1191 1874 1255 1905 est
1276 1865 1317 1905 in
1338 1864 1397 1905 eis
1416 1865 1674 1920 praestantia,

236 1928 280 1960 et
300 1919 490 1971 divinior,
510 1936 562 1961 eo
583 1935 743 1976 majore
764 1921 954 1976 indigent
973 1921 1206 1976 diligentia.
1258 1923 1407 1977 Itaque
1428 1922 1533 1962 bene
1552 1922 1672 1963 adhi-

235 1975 325 2017 bita
344 1977 451 2018 ratio
471 1978 618 2028 cernit,
640 1977 741 2032 quid
761 1978 971 2042 optiinrun
994 1978 1067 2019 sit:
1095 1977 1303 2042 neglecta,
1322 1978 1467 2019 multis
1486 1979 1674 2043 implica-

170 2040 223 2081 59
236 2041 305 2074 tur
337 2034 561 2075 erroribus
620 2034 693 2074 Ad
726 2043 768 2074 te
800 2035 931 2090 igitur
965 2034 1070 2075 mihi
1096 2035 1188 2090 jam
1223 2035 1503 2078 convertenda
1535 2036 1671 2077 omnis

235 2090 371 2131 oratio
392 2100 468 2132 est.
500 2091 672 2131 simulas
700 2091 812 2132 enim
839 2105 1026 2147 quaerere
1047 2101 1089 2133 te
1109 2091 1162 2132 de
1181 2091 1390 2146 sapiente:
1423 2092 1574 2147 quaeris
1595 2106 1669 2133 au-

234 2155 318 2187 tem
342 2148 518 2188 fortasse
539 2147 592 2187 de
612 2156 667 2188 te.

290 2204 448 2245 Earum
484 2204 615 2259 igitur
649 2203 1028 2259 perturbationum,
1064 2218 1167 2259 quas
1201 2204 1389 2260 exposui,
1419 2204 1541 2245 variae
1572 2214 1670 2246 sunt

233 2261 486 2301 curationes.
518 2275 614 2301 nam
646 2275 782 2316 neque
810 2260 947 2301 omnis
973 2260 1182 2315 aegritudo
1202 2275 1285 2300 una
1305 2261 1464 2301 ratione
1485 2260 1669 2302 sedatur.

232 2317 314 2357 alia
334 2326 399 2358 est
417 2318 529 2358 enim
550 2317 729 2372 lugenti,
752 2316 833 2357 alia
858 2316 1085 2367 miseranti,
1107 2317 1188 2357 alia
1211 2316 1409 2358 invidenti
1429 2317 1669 2364 adhibenda

232 2373 454 2414 medicina.
487 2384 550 2415 est
585 2374 711 2414 etiam
745 2374 786 2414 in
820 2374 1016 2414 omnibus
1048 2383 1249 2429 quattuor
1279 2374 1666 2428 perturbationibus

232 2429 304 2470 illa
332 2430 576 2471 distinctio:
624 2432 783 2471 Utrum
813 2430 866 2470 ad
902 2430 1134 2471 unixeisam
1165 2430 1541 2484 perturbationem,
1571 2447 1666 2487 quae

231 2495 294 2526 est
326 2487 564 2541 aspernatio
599 2486 785 2537 rationis,
822 2495 895 2526 aut
928 2486 1140 2542 appetitus
1173 2486 1485 2528 vehementior·
1474 2519 1486 2539 ,
1529 2503 1580 2528 an
1613 2487 1667 2529 ad

275 2617 311 2646 87
331 2610 382 2652 qui
397 2610 431 2640 id
442 2611 596 2650 approbari
607 2613 708 2651 possit,
725 2612 763 2651 te]
780 2613 831 2643 Sic
847 2614 929 2644 Mss
970 2623 1158 2655 argumento
1173 2617 1351 2656 cupiditatis
1368 2624 1443 2648 tuae.

230 2653 333 2692 plures
358 2655 454 2684 etiam
479 2655 585 2684 Guelf.
603 2663 633 2684 et
649 2657 695 2686 ed.
712 2663 773 2685 vet
792 2666 846 2696 pro
863 2657 926 2697 quis
1015 2666 1053 2692 89
1077 2671 1143 2688 nam
1158 2659 1246 2688 solum
1261 2660 1364 2689 habere
1377 2660 1467 2700 velle]
1487 2661 1558 2691 Hoc
1574 2662 1667 2701 perti-

229 2696 263 2725 id
276 2697 432 2736 approbare
444 2698 545 2736 possit.
971 2709 1025 2731 net
1041 2703 1078 2732 ad
1094 2703 1366 2733 obtrectationem

275 2747 312 2770 88
336 2751 409 2780 aegr.
426 2740 564 2780 suscipere
574 2746 627 2779 pro
643 2739 836 2782 experientia]
863 2743 882 2772 i.
898 2752 926 2772 e.
1015 2753 1054 2777 90
1084 2745 1248 2782 wdenmus,
1280 2754 1390 2787 quanta
1418 2746 1489 2787 sint]
1518 2747 1666 2780 Davisius

231 2790 267 2813 ut
288 2783 457 2824 intelligas,
474 2790 504 2814 te
528 2784 643 2815 habere
665 2783 759 2823 velle,
776 2791 812 2815 ut
834 2795 871 2816 ea
887 2786 927 2817 sit
971 2794 1080 2828 quanta
1095 2795 1124 2818 ct
1139 2798 1204 2830 quae
1220 2789 1288 2819 sint.
