1778 3095
233 113 311 155 278
616 109 870 149 TUSCUL.
901 109 1339 147 QUAESTIONUM

285 230 341 254 nes
359 218 394 254 in
411 220 521 256 acutis
538 219 701 257 doloribus
730 234 793 257 non
818 220 965 258 viriliter
983 220 1214 257 lamentantes.
1232 232 1261 255 c.
1282 217 1392 255 6-10.
1449 217 1535 254 Jam
1557 217 1664 255 ratio-

285 284 353 313 nes,
370 272 491 322 quibus
512 274 547 310 in
551 273 760 324 frangendis
780 273 830 310 bis
846 273 1048 325 opinionibus
1066 283 1208 310 utantur
1228 271 1344 314 Stoici,
1363 270 1564 307 contortulas
1581 283 1663 314 esse,

285 324 428 376 decipere
452 328 563 377 magis
583 328 782 370 volentium,
810 335 872 364 aut
898 328 1097 378 optantium,
1125 340 1228 377 quam
1255 324 1451 367 docentium,
1471 338 1510 361 v.
1530 318 1559 360 ε’.
1579 323 1667 360 nihil

284 391 352 430 esse
371 381 509 422 malum,
529 380 619 432 quod
641 395 705 418 non
722 381 766 418 sit
783 391 878 431 turpe
896 391 998 432 atque
1015 381 1174 418 vitiosum
1190 396 1201 415 .·
1231 392 1333 429 neque
1350 378 1434 414 enim
1455 376 1492 413 id
1509 377 1665 426 ignorare

283 446 509 484 quemquam3
537 433 606 475 sed,
634 434 814 482 doleamus,
843 447 899 470 nee
925 448 975 477 ne,
1003 433 1089 470 nibil
1112 434 1275 476 interesse,
1304 430 1361 467 boe
1385 429 1565 467 docendum
1584 441 1664 468 esse.

284 500 313 523 c.
339 493 399 524 ll.
422 494 482 525 12.
540 488 668 525 M'elius
695 498 727 524 ct
753 489 867 524 verius
897 486 954 524 boe
982 501 1047 524 csse
1063 503 1075 523 .·
1109 487 1246 530 Omnia,
1266 499 1344 537 quae
1363 493 1490 521 natura
1509 493 1663 534 asperne-

283 549 354 583 tur,
381 540 416 576 in
443 541 541 577 malis
567 554 646 585 esse,
668 556 745 592 quae
771 540 949 585 adsciscat,
969 542 1004 576 in
1024 540 1125 577 bonis.
1188 541 1261 590 Quo
1283 538 1401 589 posito,
1428 547 1540 574 tamen
1564 535 1662 573 hone—

283 602 373 629 stum
397 602 430 630 et
456 601 580 631 rectum
599 596 649 631 ita
666 593 832 636 excellere,
851 603 889 630 ut
914 594 1024 630 omnia
1052 593 1190 644 eorporis
1217 602 1249 629 et
1262 593 1420 640 fhrtuuae
1446 590 1530 627 bona
1553 588 1603 627 ad
1625 588 1665 626 id

283 647 413 684 minuta
431 647 629 691 videantur,
649 661 707 684 nee
733 647 838 683 ullum
865 647 988 683 malum
1016 661 1091 683 cum
1119 645 1334 696 turpitudinis
1363 644 1448 681 malo
1467 654 1663 694 comparan-

281 700 374 738 dum.
435 702 561 751 Quare,
581 715 655 737 cum
684 710 777 750 turpe
805 701 849 736 sit
876 701 963 743 viro,
984 713 1127 750 gemere,
1156 700 1294 746 ejulare,
1309 699 1408 746 flere,
1437 707 1499 734 aut
1529 697 1662 734 nullam

281 754 458 791 virtutem
473 768 553 795 esse,
570 763 633 790 aut
659 752 923 790 contemnendum
947 753 1097 790 dolorem.
1152 752 1335 790 Prudentis
1356 763 1453 802 porro
1481 764 1560 794 esse,
1579 749 1666 787 nibil

269 808 401 856 facere,
421 821 483 857 quo
501 808 551 843 nil
562 806 740 857 proficiatg
770 806 829 843 sed
847 808 977 857 gemitu
996 817 1028 844 et
1046 806 1338 844 lamentationibus
1358 819 1420 841 non
1447 805 1552 841 minui
1571 804 1662 841 dolo·

281 873 348 897 rem
363 877 376 897 .·
409 861 673 911 Temperantiam
692 860 842 910 denique,
853 861 1106 909 fhrtitudinem,
1125 860 1314 908 justitiam,
1335 858 1663 908 magnitudinemque

281 914 387 950 animi
403 914 522 950 doloris
533 915 734 964 patientiam
752 913 948 952 desiderare.
968 928 996 952 c.
1021 921 1080 952 12.
1136 915 1213 950 Non
1240 923 1350 949 autem
1369 924 1490 961 negare
1506 925 1552 953 se,
1571 911 1661 947 dolo-

281 979 348 1004 rem
372 979 437 1004 esse
464 966 601 1004 dolorem
617 984 628 1012 3
657 981 810 1018 quorsum
827 969 911 1004 enim
941 979 1017 1018 opus
1034 981 1101 1004 esse
1114 966 1322 1014 fhrtitudine
1337 968 1358 1002 ?
1389 965 1448 1001 sed
1463 978 1535 1001 eum
1552 964 1659 1014 oppri-

280 1019 432 1057 mendum
451 1034 519 1057 esse
528 1021 707 1072 patientia.
763 1022 852 1058 Eam
872 1029 981 1058 aretem
1002 1020 1129 1058 duobus
1146 1020 1247 1056 modis
1265 1019 1463 1070 comparari,
1478 1018 1586 1068 primo
1600 1031 1659 1054 ex-

279 1074 466 1111 ercitatione
482 1084 513 1111 et
533 1074 784 1118 consuetudine3
807 1074 845 1111 id
865 1073 954 1125 quod
977 1074 1125 1124 exempla
1145 1074 1323 1110 multorum
1342 1071 1551 1118 confirmant,
1571 1081 1660 1107 tam-

279 1141 396 1178 quam,
432 1127 688 1178 Spartanorum,
722 1128 849 1171 Marii,
876 1127 1123 1177 gladiatorum,
1150 1136 1382 1162 «veteranorum
1420 1126 1558 1161 militum
1576 1141 1588 1160 .·
1630 1137 1660 1161 c.

283 1181 414 1218 13-16.
432 1181 548 1218 deinde
564 1182 701 1218 ratione.
761 1182 806 1217 Et
823 1180 911 1217 illud
928 1181 1067 1231 Epicuri
1085 1179 1216 1230 quidem
1232 1196 1243 1215 .·
1278 1179 1421 1227 Neglige
1437 1178 1574 1214 dolorem
1590 1195 1599 1221 ;
1629 1178 1660 1214 si

277 1233 395 1283 longus
412 1235 510 1278 levis,
531 1236 559 1271 si
572 1235 713 1284 gra-vis,
733 1233 844 1270 brevis
860 1250 871 1269 .·
901 1243 971 1270 tum
991 1247 1054 1270 non
1072 1232 1260 1282 respondere
1278 1233 1306 1268 ei
1325 1232 1463 1274 decreto,
1484 1244 1546 1280 quo
1569 1230 1658 1266 dolo-

277 1300 346 1323 rem
359 1301 525 1324 summum
543 1288 668 1324 malum
693 1296 798 1337 putet,
820 1294 889 1323 tum
907 1296 938 1323 et
957 1285 1128 1323 obscurum
1148 1295 1179 1322 et
1185 1285 1323 1332 salsum
1343 1298 1423 1328 esse,
1442 1283 1532 1334 quod
1547 1283 1588 1320 de
1603 1282 1662 1320 do-

275 1341 353 1376 loris
373 1339 528 1377 diuturni
544 1341 698 1382 levitate,
725 1348 756 1376 et
778 1341 906 1389 gra-vis
929 1339 1096 1377 brevitate
1116 1339 1262 1375 dicatur.
1282 1352 1310 1374 e.
1336 1344 1395 1376 18.
1453 1338 1571 1387 Itaque
1583 1337 1659 1386 pri-

273 1407 364 1429 mum
383 1401 524 1444 oportere
542 1394 599 1430 boe
616 1393 680 1430 sibi
703 1398 860 1444 quemque
875 1393 1087 1443 persuadere,
1106 1393 1191 1429 nibil
1210 1392 1371 1429 honestius
1391 1404 1457 1428 esse
1476 1405 1517 1428 ac
1534 1389 1657 1427 lauda-

275 1446 388 1491 bilius,
416 1447 560 1498 adeoque
577 1448 677 1484 etiam
699 1447 889 1497 optabilius,
907 1461 1009 1497 quam
1024 1448 1123 1495 serre
1141 1445 1279 1483 dolorem
1296 1461 1308 1481 .·
1336 1444 1453 1481 deinde
1470 1443 1533 1481 sibi
1550 1444 1658 1494 ipsum

274 1501 446 1551 imperare.
504 1502 599 1538 Nam
617 1514 689 1537 eum
718 1502 850 1536 animus
877 1501 923 1536 sit
950 1501 984 1536 in
1006 1510 1122 1550 partes
1150 1499 1295 1536 tributus
1314 1498 1414 1543 duas,
1435 1498 1577 1535 alteram
1597 1511 1656 1534 ra-

274 1555 371 1590 tionis
383 1555 593 1604 participem,
613 1554 755 1591 altcram
783 1563 957 1604 expertem,
977 1554 1072 1590 illam
1099 1553 1176 1590 huic
1203 1554 1376 1603 imperare,
1401 1562 1574 1601 tamquam
1598 1550 1658 1587 do-

274 1608 398 1644 minum
415 1622 526 1652 servo,
548 1608 580 1644 h.
600 1621 628 1644 e.
648 1622 670 1644 a
691 1608 817 1644 ratione
834 1608 976 1643 coercere
991 1607 1205 1643 temeritatem
1232 1615 1382 1656 oportere.
1441 1604 1480 1642 Si
1499 1617 1531 1641 se
1549 1605 1658 1654 turpi-

274 1669 324 1697 ter
335 1671 451 1710 gerat,
470 1671 501 1697 et
513 1660 694 1711 gemitibus
713 1674 754 1696 ac
759 1659 904 1708 fletibus
924 1659 1036 1701 dedat,
1056 1661 1236 1696 amicorum
1258 1659 1578 1709 propinquorumque
1595 1671 1655 1693 cu-

272 1715 384 1751 stodiis
403 1713 690 1764 constringendam
709 1727 812 1758 essse3
842 1714 872 1749 si
891 1723 1000 1749 autem
1017 1712 1154 1759 firmior
1172 1714 1228 1755 sit,
1258 1722 1431 1762 tamquam
1454 1710 1573 1747 bonum
1593 1711 1655 1747 mi-

272 1767 361 1803 litem
394 1768 565 1805 admonitu
596 1767 818 1804 revocandam
848 1780 915 1803 esse
941 1766 990 1803 ad
1018 1766 1216 1816 dignitatem
1243 1780 1272 1802 c.
1297 1773 1355 1812 19.
1382 1770 1446 1802 20.
1504 1764 1656 1801 Sermone

269 1822 385 1858 intimo
403 1836 444 1858 ac
460 1822 561 1858 tacito
587 1833 654 1857 esse
679 1822 826 1857 animum
845 1820 1107 1866 confirmandum
1121 1836 1133 1855 .·
1163 1819 1279 1869 species
1299 1818 1461 1861 honestas,
1480 1827 1654 1867 tamquam

273 1875 414 1912 Zenonis
449 1875 593 1916 Eleatae,
626 1873 842 1918 Anaxarchi,
876 1873 1013 1918 Calani,
1043 1886 1107 1910 esse
1135 1873 1245 1909 animo
1270 1870 1510 1922 proponendas.
1537 1884 1567 1908 c.
1589 1877 1654 1908 20.

271 1928 485 1965 Intentionem
511 1929 612 1964 etiam
636 1926 859 1964 adhibendam
886 1940 964 1970 esse,
992 1927 1100 1974 eujus,
1129 1935 1168 1962 ut
1197 1926 1231 1962 in
1262 1936 1401 1975 corpore,
1421 1925 1467 1961 sic
1485 1925 1520 1960 in
1545 1924 1654 1961 animo

270 1994 398 2030 magna
425 1982 482 2018 vis
506 1982 562 2018 sit.
583 1995 610 2018 e.
631 1988 695 2019 22.
717 1987 782 2018 23.
842 1979 1081 2017 Contemnendo
1112 1979 1192 2016 adeo
1221 1979 1332 2016 levari
1359 1991 1482 2015 omnem
1510 1977 1655 2014 laborem

203 2047 216 2060 ²
268 2034 482 2086 doloremque.
511 2048 540 2071 c.
569 2041 632 2072 24.
691 2034 785 2070 Illud
811 2033 948 2084 denique
970 2032 1216 2084 proponendum
1249 2033 1371 2076 animo,
1405 2030 1654 2081 amplitudinem

269 2088 388 2134 animi,
408 2102 486 2138 quae
511 2089 657 2125 maxime
682 2089 823 2125 emineat
850 2086 1086 2124 contemnendis
1105 2085 1286 2128 doloribus,
1306 2099 1407 2122 unam
1427 2097 1493 2121 esse
1511 2085 1655 2122 onmium

268 2154 337 2179 rem
350 2141 622 2192 pulcherrimam.
641 2155 670 2178 e.
691 2148 756 2179 25.
811 2140 1048 2178 Adhibendam
1066 2154 1147 2177 vero
1164 2152 1230 2176 esse
1247 2137 1417 2189 quandam
1435 2138 1554 2175 doloris
1573 2137 1652 2174 tole-

269 2194 371 2232 randi
386 2195 665 2247 aequabilitatem,
685 2209 762 2246 quae
780 2208 802 2231 a
820 2195 947 2232 ratione
963 2201 995 2231 et
1012 2194 1144 2230 consilio
1164 2190 1408 2243 proficiscatur.
1465 2192 1532 2229 Eos
1550 2191 1650 2235 enim,

268 2249 328 2299 qui
345 2248 576 2286 consuetudine
593 2258 726 2286 tantum
745 2248 861 2299 aliqua
880 2248 1020 2285 dolorem
1038 2248 1182 2298 aliquem
1196 2247 1335 2295 serant,
1354 2259 1417 2281 non
1436 2246 1471 2281 in
1489 2245 1575 2281 omni
1588 2257 1652 2294 ge·

268 2315 345 2339 nere
361 2302 479 2339 doloris
485 2303 599 2351 sortes
616 2315 694 2339 esse.
751 2303 905 2353 Denique
927 2301 1013 2338 hanc
1025 2299 1220 2350 frangendi
1239 2298 1356 2336 doloris
1374 2299 1533 2336 rationem
1550 2299 1652 2335 etiam

269 2354 320 2393 ad
338 2357 426 2393 alias
446 2357 554 2394 animi
562 2355 831 2407 perturbationes
848 2354 1013 2393 leniendas
1029 2353 1182 2392 adhiberi
1197 2364 1300 2404 posse.

174 2458 203 2508 1
217 2434 690 2505 NEOPTOLEMUS
710 2461 882 2518 quidem
901 2460 1015 2516 apud
1042 2459 1226 2500 Ennium
1255 2458 1545 2514 philosophari
1572 2458 1652 2501 sibi

182 2533 200 2565 1
216 2521 276 2563 ait
294 2534 465 2562 necesse
482 2533 586 2569 esse,
608 2518 683 2560 sed
701 2517 845 2574 paucis
864 2534 874 2559 z
904 2531 1002 2558 nam
1032 2516 1206 2557 omnino
1230 2515 1344 2556 haud
1364 2516 1543 2571 placere.
1566 2529 1651 2571 ego

213 2585 374 2629 autem,
390 2578 536 2627 Brute,
563 2585 576 2607 1
598 2588 766 2616 necesse
796 2574 901 2615 mihi
932 2572 1105 2630 quidem
1134 2587 1225 2614 esse
1253 2572 1434 2614 arbitror
1457 2571 1649 2628 philoso-

212 2635 362 2690 phari:
393 2647 491 2674 nam
520 2631 623 2688 quid
651 2645 839 2687 possum,
860 2630 1094 2686 praesertim
1113 2629 1218 2671 nihil
1237 2643 1381 2686 agens,
1402 2643 1529 2685 agere
1555 2643 1649 2670 me-

210 2691 322 2733 lius?
354 2689 430 2731 sed
458 2704 543 2730 non
576 2688 736 2744 paucis,
769 2696 818 2729 ut
845 2687 930 2729 ille.
960 2686 1128 2728 difficile
1164 2695 1228 2728 est
1264 2686 1392 2738 enim,
1429 2687 1473 2727 in
1507 2685 1647 2742 philo-

256 2811 270 2835 1
289 2814 395 2834 necesse
410 2803 481 2833 mihi
502 2802 618 2846 quidem
637 2802 706 2843 esse]
725 2802 840 2846 quidem
855 2802 909 2833 hic
932 2803 1034 2844 friget,
1050 2802 1234 2842 videturque
1249 2810 1289 2831 ex
1304 2800 1508 2841 antecedente
1531 2806 1649 2833 temere

210 2854 390 2888 repentum.
706 2863 709 2866 -
978 2852 985 2857 ‘¹
