1768 3095
518 93 698 130 LIBER
725 92 1006 131 TERTIUS.
1413 101 1484 142 157

49 204 94 252 in
111 202 285 245 libidine
314 216 417 252 esse,
444 208 666 256 peccatum
691 208 774 255 est,
803 199 932 241 etiam
961 200 1048 241 sine
1077 201 1245 255 effectu.
1270 216 1410 244 verum
1440 212 1489 245 ut

51 257 144 302 h'aec
163 275 246 302 non
266 258 309 300 in
329 256 522 314 posteris,
542 265 584 296 et
604 257 646 297 in
671 256 1041 311 consequentibus,
1062 256 1136 298 sed
1155 257 1198 297 in
1218 258 1365 312 primis
1385 274 1488 300 con-

50 317 170 358 tinuo
204 323 377 372 peccata
414 321 541 353 sunt:
575 313 633 354 sic
671 327 734 364 ea,
773 327 867 368 quae
904 312 1228 368 proficiscuntur
1260 328 1286 361 a
1319 314 1485 367 virtute,

51 373 314 428 susceptione
331 370 480 426 prima,
501 383 584 410 non
606 369 877 424 perfectione,
897 379 1011 411 recta
1031 379 1130 410 suut
1143 369 1387 425 judicanda.

107 429 274 471 Bonum
303 435 462 480 autem,
501 425 614 479 quod
645 426 690 466 in
724 426 808 466 hoc
846 440 1038 467 sermone
1077 428 1201 467 toties
1233 436 1484 482 usurpatum
1503 425 1568 472 lO

51 480 130 537 est,
151 484 191 535 id
221 484 343 525 etiam
381 481 622 531 definitione
653 482 898 537 explicetur.
932 489 971 514 64
984 482 1058 523 sed
1091 497 1238 524 eorum
1274 483 1545 534 definitio-‚33

52 557 124 584 nes
159 538 197 572 6⁵
213 539 400 595 paullum
431 538 590 594 oppido
622 539 730 580 inter
765 554 809 580 se
838 539 1051 590 differunt,
1085 550 1128 581 et
1155 539 1301 581 tamen
1334 540 1486 582 eodem

51 605 252 654 spectant.
312 596 408 651 Ego
429 596 633 637 assentior
652 596 855 651 Diogeni,
877 602 915 627 66
927 597 1000 652 qui
1031 597 1194 637 bonum
1220 597 1394 648 definiit,
1429 597 1487 650 id,

51 652 166 710 quod
184 661 292 694 esset
312 662 461 693 natura
490 652 746 693 absolutum.
777 652 821 694 id
851 662 992 694 autem
1019 653 1216 708 sequens,
1237 654 1341 696 illud
1361 654 1490 706 etiam

51 708 176 766 quod
196 708 413 764 prodesset
446 708 636 762 (ὠφέλημα
665 709 776 750 enim
808 709 867 750 sic
897 709 1173 765 appellemus)
1204 719 1386 764 motum,
1415 721 1492 763 aut

50 775 206 819 statu‘m
235 779 326 812 esse
358 765 476 816 dixit,
511 772 547 801 67
565 775 714 806 natura
745 766 944 808 absoluti.
1006 765 1204 822 Cumque
1238 781 1377 809 rerum
1408 775 1495 818 ηοξ

50 823 186 877 tiones
216 822 259 862 in
288 822 437 869 animis
471 821 586 872 fiant,
622 823 656 862 si
684 831 756 863 aut
787 837 866 863 usu
895 822 1053 877 aliquid
1082 824 1305 879 cognitum
1327 825 1498 876 sinaut

51 878 364 935 conjunctione,
396 887 469 922 aut
499 878 786 930 similitudine,
818 890 892 920 aut
921 880 1146 921 collatione
1175 880 1374 932 rationis3
1405 880 1490 923 hoc

52 945 215 991 quarto,
255 942 294 966 ⁶8
309 935 426 991 quod
463 945 698 985 extremum
738 936 876 991 posui,
915 935 1018 977 boni
1067 936 1218 977 notitia
1262 938 1374 978 facta
1409 948 1488 979 est.

52 988 149 1033 cuin
171 992 283 1032 enim
303 993 356 1042 ab
378 992 426 1032 iis
446 992 586 1043 rebus,
609 1008 703 1048 quae
724 1001 822 1034 sunt
852 992 1085 1034 secundum
1118 1003 1326 1044 naturam,
1359 1000 1398 1028 69
1414 994 1491 1045 ad-

54 1048 216 1103 scendit
245 1049 409 1090 animus
443 1049 669 1090 collatione
704 1049 891 1100 rationis,
924 1060 1015 1090 tum
1051 1048 1104 1090 ad
1139 1050 1357 1092 notionem
1388 1051 1497 1102 boni,

51 1102 251 1161 pervenit,
312 1107 412 1146 Hoc
433 1114 575 1146 autem
596 1106 735 1161 ipsum
756 1106 932 1157 bonum,
962 1121 1046 1146 non
1077 1107 1331 1158 accessione,
1353 1118 1551 1163 neque34

52 1162 295 1215 crescendo,
325 1171 399 1207 aut
427 1176 522 1213 cun]
556 1163 704 1203 ceteris
734 1163 1035 1218 comparando,
1066 1163 1139 1204 sed
1168 1164 1337 1219 propria
1355 1164 1393 1204 vi
1414 1179 1492 1205 sua

53 1227 96 1259 et
118 1219 336 1273 sentimus,
365 1228 409 1259 et
434 1218 695 1273 appellamus
723 1220 899 1269 bonum.
960 1220 1024 1260 Ut
1051 1219 1163 1260 enim
1184 1221 1282 1272 mel,
1304 1221 1382 1274 etsi
1395 1220 1492 1262 dul-

53 1274 269 1329 cissimum
289 1284 366 1328 est,
383 1289 461 1316 suo
481 1284 622 1325 tamen
642 1276 814 1330 proprio
841 1289 995 1330 genere
1014 1277 1188 1331 saporis,
1209 1291 1294 1318 non
1314 1292 1491 1333 compa-
1501 1286 1532 1317 b.

54 1331 214 1372 ratione
249 1346 347 1373 cum
378 1330 483 1381 aliis,
513 1330 635 1372 dulce
667 1346 756 1382 esse
791 1333 995 1373 sentitur:
1028 1332 1087 1373 sic
1116 1332 1278 1374 bonum
1306 1334 1406 1384 hoc,
1438 1333 1492 1375 de

55 1400 142 1442 quo
163 1388 344 1443 agimus,
366 1396 430 1439 est
448 1387 555 1428 illud
575 1387 747 1444 quidem
768 1388 939 1444 plurimi
967 1388 1276 1442 aestimandum,
1298 1390 1373 1431 sed
1394 1398 1434 1426 ⁷0
1443 1405 1494 1431 ea

56 1442 281 1499 :estimatio
312 1458 469 1500 genere
500 1443 622 1495 valet,
657 1459 741 1486 non
773 1444 1082 1500 magnitudine.
1117 1460 1214 1486 nam
1247 1461 1346 1488 cum
1380 1447 1495 1496 aesti-

55 1500 202 1552 matio,
233 1515 327 1556 quae
357 1500 446 1551 ἀξία
474 1499 644 1551 dicitur,
675 1515 811 1556 neque
840 1502 883 1542 in
916 1501 1038 1542 bonis
1072 1511 1290 1544 numerata
1319 1503 1386 1554 sit,
1418 1518 1491 1544 ne-

56 1570 139 1616 que
159 1571 301 1598 rursus
331 1557 373 1598 in
403 1556 552 1598 malis:
584 1567 975 1613 quantumcumque
1006 1572 1057 1598 eo
1087 1557 1311 1611 addideris,
1340 1559 1384 1601 in
1414 1575 1492 1601 suo

54 1614 209 1668 genere
238 1613 438 1667 manebit.
469 1613 552 1654 alia
580 1622 644 1655 est
673 1614 804 1669 igitur
837 1615 1007 1670 propria
1041 1614 1265 1657 aestimatio
1295 1616 1458 1658 virtutis
1481 1634 1492 1658 t

55 1669 150 1724 quae
180 1683 349 1725 genere,
384 1684 469 1711 non
503 1670 745 1721 crescentie,
776 1671 899 1715 valet.
957 1671 1051 1712 Nec
1082 1685 1178 1712 vero
1206 1673 1553 1727 perturbatio-35

56 1739 130 1778 nes
154 1727 406 1777 animorum,
437 1742 531 1783 quae
561 1727 688 1768 vitam
718 1727 1005 1783 insipientium
1035 1727 1246 1781 miseram,
1276 1730 1496 1771 acerbam·-

56 1779 138 1840 que
159 1783 364 1825 reddunt:
398 1798 502 1839 quas
533 1783 673 1825 Graeci
701 1784 794 1834 πάθη
824 1784 1041 1843 appejlant
1072 1787 1282 1840 (poteram
1302 1800 1384 1842 ego
1404 1801 1493 1828 ver-

54 1838 159 1891 bum
177 1838 316 1894 ipsum
342 1840 634 1896 interpretanS,
662 1841 836 1882 morbos
864 1840 1074 1897 appellare
1097 1858 1106 1882 :
1139 1849 1174 1878 71
1193 1842 1267 1883 sed
1288 1857 1374 1884 non
1391 1857 1495 1885 con-

98 2014 140 2042 64
163 2010 213 2040 sed
232 2021 325 2040 eorum
345 2009 535 2050 definitiones]
563 2021 656 2040 eorum
686 2020 752 2040 non

58 2053 154 2083 habet
189 2063 254 2093 quo
284 2054 443 2084 referatur.
490 2053 549 2083 Sed
588 2054 662 2092 quia
698 2063 753 2093 op-

58 2097 186 2136 ponitur
209 2107 269 2135 ego‚
293 2102 419 2136 apparet
442 2097 665 2135 corrigendum
688 2105 755 2126 esse

60 2138 193 2176 aliorum,
210 2140 259 2169 vel
274 2147 438 2169 ceterorum.

101 2187 139 2219 65
157 2182 293 2222 paullum
317 2182 417 2221 oppido
436 2181 591 2222 diffi’runt]
619 2180 754 2220 paullum

61 2226 141 2255 mihi
178 2233 364 2266 suspectum
401 2231 468 2255 est:
509 2234 568 2254 nec
606 2224 755 2254 convenit

59 2269 145 2298 enim
163 2269 205 2307 τῷ
224 2276 329 2299 tamen.
352 2269 554 2308 aptissimum
577 2269 629 2303 sit,
653 2269 677 2297 si
702 2269 755 2297 de-

60 2310 182 2341 leatur:
208 2313 240 2342 in
270 2322 336 2351 quo
362 2312 483 2341 laborat
508 2311 674 2340 Davisius:
700 2321 756 2341 ne-

59 2363 121 2393 que
136 2355 223 2385 enim
234 2354 370 2394 paullum
393 2355 435 2392 τῷ
449 2354 548 2394 oppido
562 2355 724 2384 convenit.

104 2402 143 2427 66
167 2397 218 2439 qui
240 2397 398 2437 definierit]
424 2398 505 2436 Lege
527 2407 604 2427 cum
628 2398 756 2427 Davisio

61 2439 183 2478 dgfiniitl
206 2450 283 2470 nam
307 2448 376 2481 post
400 2448 446 2470 est
465 2442 503 2470 de
526 2441 639 2470 eodem
665 2440 755 2477 dixit,

63 2486 127 2513 non
136 2482 263 2514 dixerit.

105 2529 143 2561 67
169 2537 184 2555 e
205 2534 312 2556 natura
338 2523 484 2566 absoluta]
513 2526 658 2557 Pearcius
689 2535 758 2556 cor—

63 2568 134 2608 rigit
155 2569 278 2598 absolun·
298 2575 329 2599 et
357 2569 439 2600 delet
462 2581 487 2599 e.
510 2570 605 2606 bene,
635 2571 759 2608 opinor.

64 2612 177 2648 pendet
192 2613 279 2642 enirn
295 2622 313 2642 e
334 2619 440 2642 motum
461 2619 492 2642 et
507 2619 625 2642 statum.
642 2622 759 2652 nempe

64 2659 162 2684 status
184 2661 215 2685 et
236 2662 342 2685 motus
366 2655 551 2694 intelligitur
573 2655 655 2693 ejus,
673 2656 758 2694 quod

67 2695 314 2731 dixerat³natura
335 2697 494 2727 ahsolutum
518 2699 551 2727 in
573 2699 759 2728 definitione

66 2737 152 2773 boni.
168 2749 214 2770 res
230 2748 275 2770 est
294 2741 433 2771 evidens.
456 2741 562 2780 itaque
584 2743 629 2772 sic
652 2742 760 2772 rescri-

68 2779 139 2810 bere
155 2791 218 2812 non
234 2783 386 2813 dubitavi.

111 2826 149 2853 68
173 2825 248 2865 quod
256 2826 338 2864 posui
354 2826 465 2862 bonum,
484 2826 588 2855 notitia
594 2826 686 2865 facta
702 2825 758 2866 est]

796 2010 872 2040 Non
894 2009 994 2039 bonum
1018 2009 1146 2050 aliquod
1170 2019 1282 2050 quarto
1305 2012 1354 2042 vel
1380 2012 1496 2044 ultimo

796 2053 868 2083 loco
883 2053 986 2092 posuit
1001 2066 1006 2082 :
1031 2055 1084 2083 sed
1096 2064 1197 2092 genus
1213 2055 1351 2085 notionis
1367 2066 1376 2083 .·
1401 2056 1496 2095 igitur

798 2097 829 2126 id
853 2097 1002 2126 vitiosum
1027 2105 1082 2127 est.
1109 2105 1155 2127 est
1177 2104 1285 2128 autem
1310 2099 1377 2128 sine
1399 2100 1497 2129 dubio

799 2140 1021 2178 corrigendum
1045 2139 1128 2168 honi:
1153 2141 1228 2170 dicit
1248 2149 1360 2180 quarto
1388 2143 1495 2178 modo,

797 2192 921 2221 semper
947 2192 1001 2221 per
1028 2182 1232 2213 collationem
1257 2185 1386 2214 rationis
1416 2187 1498 2215 noti-

800 2226 876 2254 tiam
892 2235 917 2255 s.
933 2227 1099 2255 notionem
1120 2226 1183 2254 honi
1207 2227 1324 2257 factam
1341 2235 1397 2257 est.
1414 2236 1500 2267 pater.

799 2269 895 2297 etiam
912 2277 928 2296 e
944 2269 1162 2306 sequentibus.

843 2316 883 2343 69
906 2310 1053 2339 adxccndit
1067 2311 1179 2340 animus
1196 2310 1343 2341 collatione
1361 2313 1494 2351 rationis]

800 2354 998 2383 Adscendere
1028 2355 1156 2383 animus
1186 2355 1312 2391 dicitur,
1348 2365 1425 2385 cum
1457 2358 1498 2386 ab

802 2397 970 2426 individuis
1010 2398 1048 2426 ad
1085 2398 1236 2433 formam,
1267 2408 1285 2427 a
1316 2398 1423 2429 formis
1460 2400 1499 2429 ad

801 2449 901 2478 genus
930 2440 1026 2469 venit.
1059 2441 1088 2470 id
1120 2440 1156 2469 fit
1187 2440 1336 2469 collatione
1366 2442 1499 2477 rationis,

802 2492 879 2512 cum
904 2483 990 2521 quod
1018 2483 1053 2512 iis
1081 2492 1259 2513 commune
1285 2491 1343 2520 est,
1376 2492 1500 2524 propter

802 2527 887 2565 quod
904 2533 939 2555 ut
952 2526 986 2554 h.
1003 2526 1024 2556 l.
1041 2532 1117 2555 sunt
1138 2527 1322 2557 secundum
1337 2536 1499 2563 naturam,

802 2578 903 2608 genus
917 2569 1002 2605 facit,
1018 2569 1051 2598 in
1068 2571 1130 2598 hoc
1147 2568 1258 2598 bonum.

846 2617 886 2646 70
909 2624 933 2641 e.
948 2622 984 2641 ιε.
1005 2622 1108 2650 genere
1131 2611 1214 2641 valer
1237 2623 1290 2641 mn
1313 2612 1364 2651 m.]
1389 2613 1408 2642 i.
1426 2623 1452 2643 e.
1467 2614 1500 2642 in

802 2664 838 2684 ea
854 2664 918 2684 non
935 2655 1123 2694 magnitudo
1144 2657 1185 2684 rei
1211 2662 1370 2694 spectatur
1385 2664 1415 2686 et
1431 2665 1501 2685 mo-

802 2704 952 2727 mentum
969 2698 1054 2733 facit,
1071 2697 1125 2727 sed
1141 2707 1241 2736 genus
1258 2699 1311 2728 rei.

849 2748 885 2775 71
905 2740 1013 2769 sednon
1023 2741 1203 2779 conveniret]
1219 2742 1281 2770 Ms.
1299 2741 1393 2772 Paris.
1407 2741 1502 2771 habet

805 2783 950 2819 convenit,
965 2784 1041 2813 item
1058 2784 1106 2813 ed.
1122 2784 1205 2813 Vict.
1230 2784 1338 2813 Davis.
1363 2784 1433 2813 edd.
1454 2794 1499 2820 pr.

805 2826 963 2867 conveniet.
1009 2826 1087 2860 Puto
1105 2826 1278 2864 legendum
1295 2827 1469 2865 cori-uenerit.
