1778 3095
600 119 783 158 LIBER
813 118 1108 156 QUINTUS.
1493 123 1568 155 215

136 228 268 270 animi
290 230 432 281 virtus,
452 227 639 283 corporis
658 227 799 267 virtuti
829 233 1123 281 anteponatur,
1153 223 1368 278 animique
1397 225 1569 266 virtutes

141 300 226 327 non
264 286 511 328 voluntarias
548 284 714 324 vincant
751 283 921 324 virtutes
961 280 1229 323 voluntariae:
1262 294 1357 335 quae
1395 282 1568 335 quidem

137 344 305 397 proprie
325 344 492 384 virtutes
510 340 788 395 appellantur,
809 339 1078 392 multumque
1100 336 1324 386 excellunt,
1346 347 1568 390 propterea

137 400 253 452 quod
282 413 332 440 ex
364 398 522 438 ratione
553 398 816 452 gignuntur3
849 409 933 451 qua
960 394 1065 435 nihil
1094 403 1158 434 est
1187 394 1228 434 in
1258 392 1429 433 homine
1461 392 1566 433 divi-

138 455 245 495 nius.
264 455 418 496 etenim
438 453 629 494 omnium
650 467 805 503 rerum,
826 466 930 508 quas
959 459 1003 491 et
1029 458 1144 491 creat
1163 459 1325 499 natura,
1346 457 1389 489 et
1409 458 1564 499 tuetur,

137 517 176 542 ⁵⁶
190 526 282 566 quae
315 519 387 551 aut
419 510 506 550 sine
537 509 678 550 animo
715 519 824 558 sunt,
860 517 933 549 aut
964 522 1049 548 non
1083 507 1219 547 multo
1255 520 1388 555 schS,
1420 519 1564 546 earum

133 581 342 607 summum
365 567 524 607 bonum
546 566 588 606 in
607 580 782 621 corpore
803 574 868 605 est
888 581 896 605 :
929 573 975 605 ut
997 578 1082 604 non
1106 564 1254 604 inscite
1276 562 1381 603 illud
1402 561 1564 602 dictum

131 622 318 663 videatur
350 622 391 663 in
426 637 515 674 sue,
549 622 781 663 ⁵7ani111am
807 621 866 663 illi
901 620 1055 677 pecudi
1091 619 1233 661 datam
1267 634 1345 675 pro
1377 619 1479 670 sale,
1512 633 1564 659 ne

131 687 372 732 putisceret.

183 734 291 775 Sunt
311 745 453 776 autem
474 736 620 776 bestiae
639 735 849 791 quaedam,
868 734 911 775 in
932 734 1086 790 quibus
1114 733 1223 774 inest
1246 731 1404 788 aliquid
1428 731 1561 772 simile
1582 720 1647 767 14

127 791 303 842 virtutis,
325 803 373 833 ut
392 793 434 833 in
454 792 663 843 leonibus,
685 800 732 833 ut
752 792 792 832 in
814 792 1003 841 canibus,
1031 801 1080 832 ut
1101 790 1142 831 in
1165 790 1282 844 equis
1303 806 1312 831 :
1343 789 1385 829 in
1406 788 1560 844 quibus

126 862 209 888 non
247 862 474 904 corporum
507 850 660 899 solum,
692 860 740 890 ut
774 849 818 888 in
853 848 1014 898 suibus,
1051 847 1123 887 sed
1159 847 1285 887 etiam
1321 846 1558 886 animorum

123 904 263 960 aliqua
283 920 333 945 ex
354 915 471 961 parte
499 916 641 946 motus
673 904 881 961 quosdam
910 903 1113 945 videmus.
1148 903 1189 943 in
1222 903 1394 944 homine
1414 910 1559 944 autem

124 974 290 1001 summa
308 962 446 1003 omnis
467 963 595 1003 animi
616 972 691 1010 est,
712 972 754 1002 et
776 962 817 1001 in
845 961 1001 1010 animo,
1023 960 1196 1001 rationis
1214 976 1223 1000 :
1257 974 1307 1000 ex
1328 974 1411 1015 qua
1431 959 1558 1000 virtus

122 1025 211 1057 est:
251 1033 346 1074 quae
375 1019 547 1059 rationis
576 1018 788 1059 absolutio
818 1016 1036 1058 definitur:
1078 1025 1116 1048 ⁵8
1128 1031 1256 1072 quam
1283 1016 1411 1056 etiam
1430 1025 1558 1072 atque

120 1073 247 1114 etiam
270 1075 559 1130 explicandam
580 1084 743 1130 putant.
804 1076 963 1116 Earum
990 1074 1116 1114 etiam
1147 1087 1301 1125 rerum,
1323 1087 1427 1128 quas
1447 1081 1556 1114 terra
1568 1086 1620 1128 39

118 1130 274 1185 gignit,
310 1132 504 1173 educatio
544 1131 752 1188 quaedam,
788 1141 830 1173 et
864 1130 1068 1186 perfectio
1103 1140 1181 1180 est,
1220 1145 1302 1169 non
1342 1129 1555 1171 dissimilis

119 1188 410 1229 animantium.
441 1189 583 1244 itaque
613 1198 656 1230 et
683 1188 817 1229 vivere
843 1189 994 1238 vitem,
1025 1196 1069 1227 et
1102 1186 1211 1227 mori
1250 1185 1457 1237 dicimus,
1488 1201 1555 1228 ar-

120 1243 350 1299 boremque
370 1254 412 1286 et
432 1245 654 1296 novellam,
676 1255 719 1285 et
738 1244 936 1295 vetulam,
956 1252 999 1284 et
1018 1243 1167 1290 vivere,
1188 1252 1231 1284 et
1251 1257 1482 1284 senescere.
1504 1258 1554 1284 cx
1567 1252 1597 1282 Ρ·
1619 1249 1688 1273 134·

118 1314 206 1354 quo
228 1315 312 1341 non
333 1311 397 1342 est
416 1302 615 1352 alienum,
635 1311 682 1342 ut
702 1300 1000 1351 animantibus,
1032 1300 1091 1340 sic
1122 1299 1203 1340 illis
1234 1309 1277 1340 et
1307 1309 1405 1354 apta
1435 1314 1552 1354 quae-
1565 1295 1595 1316 ³·

117 1356 215 1396 dam
236 1357 288 1398 ad
304 1367 509 1409 naturam,
532 1367 571 1392 ⁵9
580 1367 737 1413 aptare,
754 1366 796 1398 et
809 1357 968 1407 aliena3
1000 1371 1229 1411 earumque
1245 1356 1553 1411 augendarum,

116 1421 160 1452 et
180 1413 422 1455 alendarum
439 1415 649 1470 quandam
668 1414 887 1455 cultricem
903 1428 1008 1463 esse,
1025 1428 1120 1468 quae
1142 1414 1196 1453 sit
1216 1412 1403 1463 scicntia,
1424 1423 1553 1469 atque

113 1482 179 1509 ars
198 1470 497 1524 agricolarum,
519 1486 613 1526 quae
644 1470 934 1520 circumcidat,
962 1478 1167 1524 amputet,
1189 1469 1339 1524 erigat,
1361 1470 1552 1521 extollat,

113 1524 452 1577 adminiculetur,
484 1536 545 1577 ut,
579 1542 664 1582 quo
705 1536 853 1568 natura
886 1527 1006 1577 ferat,
1041 1532 1141 1566 ⁶0eo
1176 1526 1340 1580 possint
1374 1526 1458 1567 irc:
1501 1537 1551 1569 ut

110 1580 214 1637 ipsae
235 1582 352 1633 vites,
384 1589 420 1614 61
434 1583 467 1623 si
497 1584 615 1639 loqui
644 1583 821 1638 possint,
849 1583 908 1623 ita
943 1597 987 1623 se
1020 1582 1258 1622 tractandas
1287 1582 1550 1639 tuendasque

111 1652 200 1679 esse
218 1639 440 1681 fateantur.
460 1650 502 1681 et
523 1655 633 1681 nunc
664 1639 850 1695 quidem,
881 1638 996 1695 quod
1025 1653 1119 1679 eam
1150 1647 1305 1689 tuetur,
1328 1648 1376 1679 ut
1396 1639 1448 1680 de
1466 1640 1549 1681 vite

109 1695 377 1750 potissimum
409 1697 573 1753 loquar,
603 1705 668 1738 est
693 1696 735 1738 id
760 1696 1032 1737 extrinsecus.
1063 1695 1105 1735 in
1133 1694 1224 1750 ipsa
1252 1695 1364 1736 enim
1397 1710 1546 1751 parum

108 1766 265 1807 magna
293 1752 352 1794 vis
381 1761 459 1803 est,
490 1762 538 1794 ut
567 1768 695 1810 quam
727 1753 887 1809 optime
919 1767 963 1793 se
999 1752 1156 1792 habere
1187 1752 1336 1807 possit,
1369 1753 1400 1793 si
1431 1753 1548 1794 nulla

108 1808 275 1849 cultura
295 1809 559 1852 adhibeatur.
617 1811 679 1851 At
699 1824 796 1850 vero
825 1810 859 1850 si
888 1809 943 1850 ad
973 1809 1098 1849 vitem
1130 1822 1275 1849 sensus
1306 1809 1610 1861 accesserit,40

107 1872 155 1905 ut
175 1866 408 1920 appetitum
431 1866 640 1922 quendam
662 1866 830 1917 habeat,
850 1875 892 1906 et
910 1880 986 1921 per
1011 1879 1054 1906 se
1078 1866 1167 1921 ipsa
1187 1875 1418 1916 moveatur,
1440 1866 1544 1922 quid

107 1921 311 1962 facturam
332 1923 484 1976 putas?
516 1938 568 1964 an
590 1938 653 1974 ea,
679 1938 774 1978 quae
804 1936 876 1978 per
905 1923 1126 1963 vinitorem
1156 1932 1279 1963 antea
1308 1937 1543 1978 conseque-

105 1977 244 2027 batur,
265 1987 308 2019 et
327 1986 364 2010 6‘2
374 1993 450 2034 per
481 1993 524 2020 se
555 1980 644 2034 ipsa
678 1980 870 2021 curabit?
904 1979 978 2020 scd
1010 1979 1179 2020 videsne
1209 1993 1471 2020 accessuram
1502 1980 1541 2021 ei

103 2048 265 2085 curam,
295 2043 343 2076 ut
373 2050 517 2077 sensus
548 2050 717 2093 quoque
748 2050 861 2086 suos,
891 2050 1124 2092 eorumque
1153 2035 1347 2076 omnium
1377 2037 1540 2092 appeti-

147 2165 186 2190 56
210 2171 275 2201 quae
295 2170 348 2191 aut
370 2162 429 2191 sine
451 2162 545 2191 animo
568 2160 648 2202 sunt]
667 2162 796 2202 Vulgati
840 2173 900 2198 am,
928 2172 1000 2201 quae
1026 2172 1042 2192 e
1067 2161 1210 2192 clausula
1237 2162 1442 2201 praeccdentis
1471 2169 1540 2193 orta

100 2202 166 2233 sint.
185 2203 278 2234 male.
295 2215 370 2234 narn
388 2213 418 2235 et
433 2213 505 2235 ante
521 2212 566 2235 est
582 2213 672 2241 creat,
689 2213 797 2237 tuetur.
839 2206 889 2235 sit.
917 2214 944 2233 et
969 2205 1064 2234 alima
1080 2217 1088 2243 ;
1123 2205 1246 2244 plenior
1275 2212 1355 2237 esset
1383 2206 1481 2235 oratio
1511 2207 1537 2235 si

145 2253 181 2281 57
221 2247 561 2289 animam—putisceret]
603 2249 681 2278 Edd.
720 2256 794 2278 vett.
839 2255 919 2278 esset
935 2257 962 2276 et
978 2248 1013 2276 ab
1030 2260 1062 2276 ea
1078 2248 1184 2278 aliena.

102 2290 227 2318 animum
243 2296 273 2319 et
288 2291 350 2320 sere
368 2292 445 2321 Mss.
462 2301 585 2321 omnes.
605 2292 733 2320 animam
749 2298 794 2321 est
882 2296 922 2321 60
945 2303 973 2319 co
986 2291 1094 2330 possint
1110 2290 1168 2330 ire]
1197 2290 1248 2320 Sic
1266 2291 1376 2320 Cicero
1399 2292 1533 2330 scripsit,

98 2342 117 2361 a
133 2333 298 2362 Lambino.
310 2334 466 2372 putisceret
485 2341 531 2364 cst
546 2345 562 2364 e
578 2334 703 2365 Nonio:
728 2344 794 2372 quo
837 2344 901 2363 non
914 2334 1014 2372 possit.
1036 2334 1166 2363 refertur
1188 2334 1276 2363 enim
1299 2334 1337 2362 ad
1360 2333 1450 2369 vites,
1468 2344 1532 2364 non

98 2376 194 2405 verbo
210 2382 240 2405 et
255 2376 333 2406 Cato
355 2378 393 2406 de
418 2377 454 2406 R.
480 2377 516 2407 R.
542 2387 618 2407 usus
640 2385 696 2407 est.
722 2378 791 2407 edd.
836 2378 874 2406 ad
898 2385 1065 2409 naturam:
1092 2377 1151 2406 nisi
1174 2384 1247 2406 ante
1270 2386 1325 2415 pro
1336 2376 1426 2416 strat
1448 2376 1533 2416 legas

98 2425 173 2448 vett.
186 2425 370 2457 putresceret.
387 2422 461 2459 quia
481 2428 569 2451 vetus
595 2420 717 2450 dictum
732 2421 791 2450 fuit
825 2419 962 2459 feratur.

98 2467 129 2490 et
164 2462 378 2500 proverbium,
418 2463 470 2492 ille
498 2464 696 2493 archaismus
727 2473 792 2498 non
880 2468 916 2492 61
943 2462 968 2491 si
991 2460 1067 2502 loqui
1082 2460 1209 2500 possint]
1238 2461 1316 2491 Edd.
1343 2471 1388 2500 pr.
1405 2468 1435 2491 et
1452 2462 1530 2494 Mss.

97 2504 219 2534 alienus
235 2505 368 2536 videtur.
835 2504 977 2544 plerique
987 2511 1116 2543 possunt,
1141 2505 1225 2543 quod
1249 2511 1279 2534 et
1303 2506 1417 2543 recepit
1432 2505 1530 2535 Davi-

141 2554 178 2577 58
197 2558 282 2588 quam
292 2549 378 2576 etiam
391 2555 478 2588 atque
490 2548 577 2577 etiam
591 2548 791 2589 explicandam
833 2549 909 2578 sius.
938 2548 991 2578 sed
1014 2547 1150 2577 latinitas
1175 2557 1241 2577 non
1270 2547 1345 2577 sinit
1374 2549 1416 2578 ita
1446 2548 1528 2588 legi:

92 2588 139 2628 p.]
160 2590 238 2620 Mss.
249 2592 380 2629 quidam
392 2591 684 2631 qua—explicanda.
702 2593 787 2631 quod
831 2593 905 2631 quia
919 2591 1061 2630 sequitur
1070 2591 1240 2630 fateantur.

98 2634 211 2672 recepit
240 2634 400 2668 Davisius,
435 2642 469 2663 ut
500 2634 614 2665 melius
644 2635 786 2674 vulgato,
875 2640 914 2664 62
934 2641 987 2673 per
1002 2645 1029 2662 se
1045 2633 1107 2672 ipsa
1123 2631 1251 2672 curabit]
1278 2632 1316 2662 In
1329 2632 1464 2672 vulgatis
1481 2641 1527 2663 est

97 2676 172 2713 quia
186 2676 280 2706 latius
297 2684 410 2715 pateat.
833 2684 860 2706 et
868 2684 924 2716 per
937 2688 965 2706 se
979 2677 1082 2715 ipsam,
1099 2683 1130 2705 et
1146 2683 1173 2704 et
1187 2677 1274 2705 abest
1289 2677 1358 2705 edd.
1372 2686 1418 2715 pr.
1433 2677 1525 2715 ipsam

141 2725 179 2750 59
201 2718 314 2757 aptare]
335 2720 406 2749 Hoc
420 2720 554 2750 verbum
569 2721 705 2750 omnino
721 2730 788 2750 non
832 2720 967 2750 latinitas
984 2729 1049 2749 non
1065 2720 1132 2749 fert.
1151 2726 1181 2748 et
1204 2719 1311 2758 paullo
1327 2726 1400 2748 ante
1416 2726 1462 2749 est
1470 2726 1527 2758 per-

96 2766 206 2797 aptum
222 2769 267 2791 est
283 2763 358 2791 huic
374 2763 454 2792 loco.
478 2763 555 2793 Edd.
569 2771 641 2793 vett.
660 2772 690 2793 et
708 2764 785 2794 Mss.
830 2774 857 2791 se
881 2763 943 2801 ipsa
967 2770 1132 2798 moveatur,
1164 2762 1220 2791 ubi
1248 2763 1361 2801 pariter
1390 2762 1424 2792 in
1454 2762 1525 2791 edd‚

96 2802 234 2841 plerique
250 2805 368 2834 habent
389 2812 539 2844 amputare
553 2817 562 2833 .·
586 2807 671 2836 unde
694 2807 787 2836 Lam·
828 2812 905 2836 vett.
919 2805 1112 2845 quibusdam
1129 2804 1212 2834 male
1229 2813 1274 2835 est
1291 2804 1393 2843 ipsam.

95 2845 189 2876 binus
206 2847 298 2877 edidit
307 2854 415 2886 putare
428 2856 544 2879 resecta
556 2850 657 2888 prima
667 2849 787 2889 syllaba

840 2901 908 2940 1²4
