1778 3095
246 130 322 167 262
589 131 841 169 TUSCUL.
872 130 1317 169 QUAESTIONUM

250 239 360 280 fert?
392 247 433 272 ³4
449 240 603 283 adsunt
623 242 749 292 enim,
770 242 841 298 qui
860 241 951 284 haec
972 257 1057 284 non
1077 241 1270 297 probent.
1329 240 1397 280 Μ.
1418 239 1514 293 Ego
1535 246 1677 279 autem

251 311 479 353 numquam
513 298 572 339 ita
603 308 644 339 te
675 299 716 339 in
747 299 829 340 hoc
859 313 1051 340 sermone
1081 298 1289 339 dimittam
1317 295 1403 338 ulla
1423 294 1486 335 uti
1504 294 1679 344 ratione,

189 364 238 405 77
251 360 291 385 8⁵
309 362 358 395 ut
389 369 503 395 mors
536 355 613 396 tibi
645 355 772 396 videri
804 355 961 396 malum
986 355 1132 410 possit.
1193 355 1249 394 A.
1273 354 1358 409 Qui
1381 359 1550 408 potest,
1581 365 1680 391 cum

251 409 332 451 ista
352 411 621 466 cognoverim
641 414 654 451 ?
688 413 754 452 Μ.
776 413 862 454 Qui
896 412 1041 467 possit,
1063 425 1188 466 rogas
1206 412 1219 450 ?
1253 415 1292 441 3⁶
1309 419 1483 450 catervae
1513 407 1682 447 veniunt

252 476 400 508 contra
430 467 677 518 dicentium,
712 483 795 508 non
827 469 965 508 solum
999 468 1318 522 Epicureorum,
1349 479 1454 520 quos
1485 462 1682 519 equidem

253 538 337 564 non
369 523 570 579 despicio,
602 524 673 565 sed
707 524 848 564 nescio
879 538 964 580 quo
995 523 1126 564 modo
1151 530 1188 559 37
1205 523 1474 563 doctissimus
1505 519 1684 575 quisque

252 581 514 620 contemnit:
547 581 748 621 acerrime
777 588 917 620 autem
950 579 1110 619 deliciae
1142 593 1262 630 meae,
1284 576 1558 620 Dicaearchus
1580 590 1683 616 con-

252 643 318 676 tra
337 635 445 676 hanc
475 637 838 676 immortalitatem
869 635 1076 676 disseruit.
1108 635 1141 675 is
1172 636 1281 675 enim
1313 646 1396 675 tres
1426 634 1557 675 libros
1583 632 1685 673 scri—

251 691 349 746 psit,
370 693 441 747 qui
464 692 655 733 Lesbiaci
675 701 890 742 vocantur,
920 691 1036 747 quod
1066 691 1286 747 Mytilenis
1317 705 1453 732 sermo
1476 690 1683 739 habetur3

251 748 294 789 in
316 749 469 803 quibus
491 749 579 788 vult
598 748 774 797 efficere,
808 748 969 788 animos
1000 761 1090 788 esse
1117 746 1332 788 mortales.
1390 747 1522 787 Stoici
1541 754 1682 787 autem

253 819 424 845 usuram
444 804 566 844 nobis
584 804 835 859 largiuntur,
855 813 1071 860 tamquam
1092 803 1352 844 cornicibus:
1373 803 1446 843 diu
1465 816 1686 843 mansuros

172 861 240 909 32
254 860 372 901 aiunt
392 861 569 910 animos,
590 875 768 916 semper,
791 871 960 916 negant.
1019 862 1140 901 Num
1169 860 1228 900 vis
1259 859 1388 914 igitur
1416 859 1575 907 audire,
1597 873 1687 908 cur,

255 916 381 957 etiam
405 920 437 957 si
460 918 515 957 ita
537 919 603 967 sit,
625 932 739 958 mors
760 928 901 958 tamen
920 932 1004 958 non
1025 917 1078 957 sit
1096 917 1137 957 in
1159 916 1303 957 malis?
1337 917 1392 955 A.
1414 916 1478 956 Ut
1497 915 1686 956 videturz

195 987 243 1027 75
256 973 330 1014 sed
360 988 427 1013 me
458 988 583 1014 nemo
606 974 657 1014 de
679 974 995 1015 immortalitate
1017 973 1213 1029 depellet.
1273 973 1338 1012 M.
1362 972 1509 1012 Laudo
1531 970 1574 1011 id
1594 970 1688 1026 qui-

255 1029 379 1070 dem:
412 1030 490 1070 etsi
512 1038 551 1062 88
569 1030 674 1071 nihil
699 1031 847 1071 animis
878 1038 1046 1086 oportet
1074 1029 1297 1071 confidere.
1328 1043 1547 1068 movemur
1576 1026 1688 1068 enim

254 1100 366 1142 saepe
390 1086 532 1142 aliquo
562 1096 683 1128 acute
712 1087 915 1128 concluso
933 1104 947 1127 ε·
973 1086 1181 1137 labamus,
1203 1094 1502 1140 mutamusque
1524 1093 1690 1124 senten-

254 1142 355 1183 tiam
390 1143 637 1184 clarioribus
669 1144 795 1184 etiam
827 1144 868 1183 in
901 1143 1039 1184 rebus.
1071 1143 1112 1182 in
1143 1142 1207 1182 his
1236 1150 1299 1182 est
1319 1142 1431 1181 enim
1452 1142 1592 1196 aliqua
1612 1141 1689 1181 ob-

254 1199 444 1240 scuritas.
477 1200 518 1240 id
548 1200 679 1255 igitur
709 1200 742 1239 si
773 1199 984 1247 acciderit,
1007 1198 1137 1239 simus
1169 1198 1332 1238 armati.
1390 1199 1446 1238 A.
1469 1198 1577 1237 Sane
1597 1197 1690 1252 qui-

255 1255 380 1297 dem:
412 1256 501 1305 sed,
521 1270 573 1296 ne
595 1254 772 1304 accidat,
794 1255 1035 1310 providebo.

313 1313 380 1352 M.
401 1313 520 1352 Num
543 1312 645 1368 quid
669 1312 798 1367 igitur
823 1319 886 1352 est
911 1326 1062 1359 causae,
1085 1309 1186 1365 quin
1206 1309 1365 1350 amicos
1387 1316 1554 1350 nostros
1577 1308 1691 1349 Stoi-

256 1382 329 1409 cos
361 1368 649 1418 dimittamus3
682 1383 754 1408 eos
782 1368 893 1418 dico,
915 1368 988 1423 qui
1017 1367 1134 1408 aiunt
1159 1366 1321 1407 animos
1348 1380 1530 1415 manere,
1551 1380 1575 1406 e
1596 1380 1692 1406 cor-

257 1438 359 1480 pore
389 1439 488 1465 cum
514 1426 779 1475 excesserint,
802 1425 874 1466 sed
906 1439 989 1465 non
1011 1424 1203 1478 semper?
1237 1423 1292 1463 A.
1317 1423 1427 1464 Istos
1449 1437 1572 1463 vero:
1603 1422 1690 1478 qui,

128 1481 375 1538 p·16⁵·q'uod
406 1490 497 1522 tota
526 1482 568 1522 in
598 1481 677 1522 hac
707 1496 834 1522 causa
861 1480 1155 1521 difficillimum
1186 1488 1263 1530 est,
1295 1479 1536 1534 suscipiant,
1567 1493 1692 1534 posse

218 1538 448 1579 ³·animum
477 1553 648 1579 manere
672 1552 850 1593 corpore
878 1545 1094 1578 vacantem
1115 1553 1123 1576 :
1155 1536 1261 1577 illud
1287 1544 1442 1586 autem,
1465 1535 1580 1591 quod
1606 1549 1691 1575 non

259 1595 390 1636 modo
421 1594 543 1635 facile
572 1595 627 1636 ad
656 1594 913 1635 credendum
941 1602 1017 1643 est,
1050 1592 1124 1634 sed
1153 1606 1204 1633 eo
1235 1607 1451 1642 concesso,
1473 1591 1591 1647 quod
1619 1606 1693 1632 vo-

259 1651 367 1702 lunt,
389 1665 666 1707 consequens,
689 1651 729 1691 id
760 1659 873 1691 certe
899 1665 982 1690 non
1008 1649 1123 1699 dant,
1150 1658 1211 1699 ut,
1233 1664 1331 1689 cum
1356 1649 1430 1689 diu
1450 1663 1693 1704 permanse-

260 1707 328 1756 rit,
350 1721 402 1748 ne
422 1707 613 1748 intereat.
673 1708 738 1747 M.
756 1708 870 1748 Bene
902 1705 1195 1761 reprehendis:
1228 1715 1277 1745 ut
1302 1720 1346 1746 se
1373 1705 1455 1746 isto
1475 1705 1605 1746 modo
1626 1720 1691 1746 res

197 1762 403 1808 79habet.
462 1771 502 1798 39
518 1763 751 1804 Credamus
781 1764 914 1819 'igitur
948 1763 1146 1811 Panaetio,
1178 1776 1202 1801 a
1233 1762 1405 1802 Platone
1437 1777 1513 1802 suo
1531 1762 1694 1803 dissen-

261 1820 410 1861 tienti?
444 1834 570 1876 quem
599 1820 712 1860 enim
744 1820 941 1861 omnibus
968 1819 1072 1859 locis
1103 1818 1303 1868 divinum,
1324 1833 1450 1873 quem
1473 1818 1694 1873 sapientis-

260 1876 432 1927 simum,
463 1891 589 1932 quem
631 1877 956 1924 sanctissimum,
987 1890 1113 1930 quem
1145 1876 1385 1914 Homerum
1416 1873 1696 1930 philosopho-

261 1947 355 1974 rum
376 1933 574 1988 appellat,
595 1933 721 1989 hujus
748 1933 855 1973 hanc
884 1946 1011 1972 unam
1033 1930 1280 1971 sententiam
1305 1930 1357 1971 de
1377 1930 1697 1973 immortalitate

262 1989 502 2031 animorum
532 2005 616 2030 non
647 1989 811 2044 probat.
842 1988 930 2029 vult
959 1987 1087 2037 enim,
1117 1986 1233 2042 quod
1264 2001 1387 2027 nemo
1412 1996 1555 2043 negat,
1575 1988 1698 2044 quid-

263 2046 365 2102 quid
385 2054 528 2087 natum
552 2047 620 2096 sit,
640 2046 834 2086 interire:
868 2045 981 2085 nasci
1000 2054 1141 2085 autem
1164 2043 1341 2094 animos,
1363 2052 1403 2075 40
1417 2044 1532 2099 quod
1553 2044 1696 2086 decla-

264 2111 329 2144 ret
361 2117 508 2144 eorum
530 2102 778 2152 similitudo,
801 2102 871 2157 qui
899 2108 1201 2157 procreantur:
1231 2115 1326 2155 quae
1355 2099 1482 2140 etiam
1511 2101 1551 2141 in
1577 2101 1698 2156 inge-

264 2158 358 2209 niis,
378 2174 463 2200 non
484 2158 620 2200 solum
652 2159 693 2199 in
722 2158 969 2213 corporibus
989 2165 1201 2212 appareat.
1222 2156 1396 2197 alteram
1417 2166 1558 2198 autem
1578 2158 1698 2199 affert

264 2215 471 2256 rationem
493 2233 502 2256 z
534 2215 638 2256 nihil
657 2229 762 2266 esse,
781 2214 897 2270 quod
917 2213 1074 2264 doleat,
1095 2213 1195 2268 quin
1223 2212 1266 2253 id
1296 2227 1456 2268 aegrum
1478 2227 1567 2254 esse
1589 2228 1698 2270 quo-

312 2380 351 2404 84
365 2373 469 2403 adsunt
485 2371 571 2411 enim]
590 2372 747 2402 Buherius
763 2370 902 2401 malebat
913 2370 964 2399 ab·
1050 2374 1090 2398 38
1107 2367 1183 2396 nihil
1193 2366 1297 2396 animis
1313 2374 1420 2406 oportet
1431 2368 1581 2408 cotfidere]
1608 2371 1702 2402 Bent-

267 2423 343 2447 ψῃ,
1006 2411 1085 2440 leius
1120 2410 1270 2450 probabat
1299 2410 1468 2440 lectionem
1501 2412 1639 2444 Manutii
1672 2423 1702 2446 et

312 2466 398 2490 3511!
414 2457 498 2496 mors]
518 2464 550 2487 ut
565 2457 738 2487 delendum
754 2463 811 2492 est,
822 2461 877 2485 aut
891 2461 964 2485 ante
1008 2453 1154 2483 Lambini
1181 2452 1258 2481 nihil
1279 2453 1373 2482 nimis.
1397 2455 1483 2492 quod
1506 2454 1575 2492 jam
1599 2457 1701 2489 Aldus

269 2502 324 2533 uti,
1006 2497 1110 2526 edidit.
1138 2497 1191 2525 sed
1222 2502 1252 2525 et
1285 2495 1451 2534 vulgatum
1489 2501 1702 2532 commodum

311 2549 352 2575 36
369 2550 498 2572 caterva>
513 2541 647 2580 veniunt]
666 2543 717 2572 An
733 2540 875 2570 venient?
1006 2549 1137 2569 sensum
1155 2538 1260 2568 habet.

313 2593 350 2622 37
380 2586 408 2615 d.
437 2587 555 2627 quisque
581 2582 744 2621 contemnit]
771 2582 922 2612 contemnit
947 2591 965 2611 a
1051 2588 1091 2614 39
1111 2580 1500 2620 Credamus—dissentienti]
1527 2583 1592 2620 Sic,
1610 2586 1706 2616 inter·

271 2630 419 2660 Manutio
444 2635 475 2658 et
497 2628 653 2658 Lambino
675 2628 707 2656 in
733 2626 811 2656 Mss.
834 2625 966 2664 quibus·
1009 2625 1157 2663 rogadve,
1174 2624 1234 2653 hoc
1251 2623 1435 2662 legendum,
1452 2634 1497 2655 res
1515 2627 1615 2657 docet.

270 2674 345 2703 dam
370 2681 435 2701 non
461 2678 620 2711 repertum
641 2676 697 2699 est.
720 2669 890 2698 commode
912 2667 966 2696 ab·
1051 2675 1092 2698 40
1108 2666 1184 2708 quod
1195 2665 1320 2695 declaret
1335 2678 1427 2696 eorum
1442 2667 1520 2706 sirm]
1548 2669 1599 2699 Sic
1623 2671 1705 2701 edidi

271 2716 375 2745 fuerit.
398 2714 500 2753 placet
523 2714 618 2743 etiarn
645 2712 799 2743 Buherio:
824 2711 877 2750 qui
903 2711 964 2740 hoc
1008 2720 1086 2740 cum
1101 2710 1230 2740 Davisio
1247 2719 1301 2748 pro
1316 2709 1444 2748 vulgato
1462 2710 1591 2741 declarat
1607 2714 1702 2744 etiam

271 2759 361 2788 refert
377 2758 415 2787 ad
431 2768 482 2785 non
499 2756 599 2791 solum,
621 2765 660 2785 ne
682 2755 779 2785 oratio
801 2755 841 2784 sit
864 2751 965 2782 imnb-
1007 2754 1075 2783 sine
1102 2753 1199 2782 libris.
1226 2761 1256 2781 re
1282 2760 1311 2782 et
1339 2752 1490 2782 latinitate
1510 2755 1702 2793 postulante.

272 2801 387 2836 λουὲος,
399 2807 429 2829 et
445 2810 500 2839 pro
515 2798 636 2838 despicio
648 2799 722 2838 legit
738 2796 866 2837 respicio,
879 2805 966 2827 curo.
1009 2796 1143 2826 alterum
1154 2802 1344 2834 procreantur
1358 2805 1421 2826 non
1445 2799 1566 2828 mutavi
1584 2799 1615 2829 in
1632 2805 1701 2838 pro-

271 2845 317 2875 sic
335 2844 397 2874 Ms.
415 2843 565 2873 Manutii.
1010 2846 1150 2876 creantur,
1165 2844 1201 2868 ut
1217 2837 1280 2868 ille.
