1768 3095
639 122 819 159 LIBER
850 121 1188 159 SECUNDUS.
1557 129 1626 161 133

199 229 364 271 dantur.
387 236 425 264 56
438 238 480 271 et
497 237 637 271 tamen
661 229 787 270 tantis
807 228 1083 284 vectigalibus
1104 228 1157 270 ad
1177 228 1466 271 liberalitatem
1490 241 1627 282 utens,

196 287 323 327 etiam
355 288 442 328 sine
471 286 549 326 hac
582 285 763 342 Pyladea
793 285 991 336 amicitia,
1023 286 1254 326 multorum
1277 294 1317 326 te
1339 286 1628 329 benevolentia

197 343 395 398 praeclare
425 352 467 384 et
496 342 684 391 tuebere,
714 350 756 382 et
785 342 962 382 munies.
1022 343 1083 382 At
1112 342 1284 397 quicum
1299 343 1415 398 joca,
1438 345 1557 394 seria,
1579 356 1625 386 ut
1640 357 1687 388 85

196 400 362 450 dicitur,
381 400 550 455 quicum
582 413 746 448 arcana,
769 398 940 454 quicum
971 399 1140 439 occulta
1160 399 1331 440 omnia?
1362 400 1524 441 Tecum
1547 415 1624 455 op-

194 457 295 496 time
315 474 324 497 :
357 454 506 496 deinde
527 455 655 495 etiam
681 469 778 495 cum
809 455 1013 495 mediocri
1033 454 1185 495 amico.
1245 456 1330 496 Sed
1349 456 1414 496 fac
1436 457 1514 497 ista
1534 471 1624 497 esse

195 527 277 553 non
318 513 627 567 inopportuna:
673 519 708 547 ⁵7
726 511 828 566 quid
867 511 920 552 ad
960 511 1186 553 utilitatem
1227 520 1354 553 tantae
1394 513 1620 568 pecuniae?

191 569 319 609 Vides
348 568 492 623 igitur,
528 567 562 609 si
596 568 824 608 amicitiam
857 583 933 609 sua
967 568 1140 609 caritate
1173 568 1360 620 metiare,
1394 569 1499 610 nihil
1532 584 1622 611 esse

188 624 452 679 praestantius
470 641 478 665 :
501 624 564 665 sin
584 624 889 675 emolumento,
910 639 1097 666 summas
1118 624 1435 677 familiaritates,
1459 635 1497 658 ⁵8
1511 641 1621 682 prae-

187 680 352 721 diorum
386 680 667 735 pretiosorum
710 681 905 722 mercede
938 681 1137 736 superari.
1199 682 1276 722 Me
1309 682 1441 738 igitur
1479 684 1616 739 ipsum

186 750 300 777 ames
322 746 504 792 oportet,
534 752 618 778 non
646 751 756 786 mea,
778 738 812 778 si
844 738 927 778 veri
953 738 1077 778 amici
1102 737 1234 778 futuri
1253 753 1413 780 sumus.
1473 740 1557 782 Sed
1574 740 1617 781 in
1633 735 1699 789 27

185 793 306 834 rebus
337 793 609 849 apertissimis
640 794 818 836 nimium
848 793 967 849 longi
997 808 1158 835 sumus.
1188 795 1378 849 perfecto
1416 796 1543 850 enim,
1574 806 1617 838 et

181 850 397 901 concluso,
428 865 565 905 neque
595 850 831 901 virtutibus,
863 865 996 906 neque
1027 850 1223 892 amicitiis
1253 866 1430 907 usquam
1472 854 1616 895 locum

179 919 282 956 esse,
305 906 337 947 si
369 907 422 948 ad
443 906 703 962 voluptatem
726 907 869 947 omnia
888 907 1120 948 referantur
1138 923 1147 948 ε
1180 907 1282 948 nihil
1303 918 1505 963 praeterea
1524 925 1615 951 ma-

177 976 365 1018 gnopere
396 964 638 1005 dicendum.
669 973 871 1014 attamen,
904 978 954 1004 ne
984 963 1052 1005 cui
1081 963 1180 1004 loco
1211 979 1295 1004 non
1315 965 1504 1007 videatur
1524 981 1614 1008 esse

178 1033 441 1074 responsum,
463 1034 599 1076 pauca
631 1020 758 1061 etiam
787 1035 897 1061 nunc
918 1020 1056 1061 dicam
1078 1020 1130 1061 ad
1151 1020 1356 1076 reliquam
1376 1023 1611 1066 orationem

173 1083 304 1116 tuam.

230 1133 443 1189 Quoniam
474 1133 606 1189 igitur
635 1133 771 1174 omnis
801 1147 968 1174 summa
996 1132 1294 1188 philosophiae,
1316 1134 1368 1175 ad
1398 1135 1520 1176 beate
1550 1137 1608 1177 vi-
1622 1140 1673 1178 86

172 1190 354 1230 vendum
384 1190 577 1240 refertur,
598 1189 724 1245 idque
751 1204 883 1230 unum
911 1198 1151 1244 expetentes
1172 1190 1365 1232 homines
1388 1206 1432 1233 se
1451 1192 1503 1233 ad
1527 1192 1608 1234 hoc

174 1246 361 1287 studium
393 1247 689 1287 contulerunt:
723 1246 845 1286 beate
873 1255 1017 1286 autem
1045 1246 1178 1287 vivere
1199 1247 1269 1288 alii
1289 1248 1330 1288 in
1351 1248 1450 1299 alio,
1473 1263 1544 1290 vos
1565 1250 1608 1291 in

172 1301 386 1357 voluptate
406 1303 575 1358 ponitis,
597 1302 698 1342 item
720 1310 881 1353 contra,
905 1310 943 1335 ⁵9
964 1317 1132 1342 omnem
1154 1304 1442 1345 infelicitatem
1463 1305 1505 1346 in
1526 1306 1606 1347 do-

170 1358 290 1399 lore:
320 1358 361 1398 id
391 1359 576 1414 primurn
606 1358 835 1408 videamus,
866 1359 988 1399 beate
1018 1359 1151 1399 vivere
1181 1370 1363 1400 vestrum
1386 1361 1511 1416 quale
1539 1363 1605 1404 sit.

170 1416 316 1470 Atque
333 1415 413 1456 hoc
429 1415 596 1466 dabitis,
610 1425 658 1455 ut
675 1415 839 1470 opinor,
856 1415 890 1455 si
907 1414 1038 1455 modo
1055 1415 1108 1456 sit
1124 1415 1297 1471 aliquid,
1310 1431 1400 1458 esse
1418 1418 1605 1470 beatum,

167 1471 211 1512 id
234 1479 428 1525 oportere
457 1481 595 1512 totum
630 1472 730 1526 poni
751 1471 792 1511 in
813 1479 1024 1526 potestate
1045 1471 1255 1527 sapientis.
1277 1487 1389 1524 nam,
1412 1474 1445 1514 si
1466 1475 1605 1517 amitti
1664 1522 1670 1527 .

167 1529 250 1569 vita
280 1527 403 1568 beata
432 1537 586 1583 potest,
617 1528 740 1568 beata
769 1542 858 1568 esse
889 1542 974 1568 non
1003 1536 1158 1583 potest.
1180 1529 1273 1583 quis
1294 1530 1407 1570 enim
1427 1531 1603 1573 confidit

168 1598 333 1639 semper
360 1584 439 1625 sibi
466 1584 570 1625 illud
601 1584 750 1625 stabile
770 1592 813 1624 et
834 1584 1002 1624 firmum
1022 1598 1360 1638 permansurum,
1381 1587 1497 1642 quod
1518 1588 1602 1629 fra-

163 1641 250 1697 gile
279 1648 321 1681 et
351 1640 559 1681 caducum
590 1641 671 1681 sit?
706 1640 778 1695 qui
809 1650 952 1680 autem
982 1639 1140 1681 diffidet
1168 1643 1440 1696 perpetuitati
1466 1644 1602 1685 bono-

164 1712 258 1739 rum
279 1712 469 1747 suorum,
489 1698 636 1738 timeat
654 1711 824 1738 necesse
851 1706 928 1747 est,
958 1711 1010 1737 ne
1040 1697 1282 1752 aliquando,
1312 1699 1476 1741 amissis
1502 1700 1598 1752 illis,
1611 1718 1642 1747 p.
1657 1716 1708 1741 ευ,

163 1755 217 1796 sit
253 1753 392 1795 miser.
427 1753 576 1795 beatus
607 1763 750 1794 autem
777 1767 867 1794 esse
896 1753 940 1793 in
967 1753 1245 1794 maximarum
1274 1769 1413 1796 rerum
1447 1757 1598 1798 timore
1611 1761 1640 1781 ³·

161 1825 285 1851 nemo
308 1819 462 1865 potest.

220 1869 362 1907 Nemo
395 1866 526 1920 igitur
558 1879 650 1905 esse
683 1865 830 1906 beatus
871 1874 1026 1920 potest.
1066 1880 1201 1921 neque
1234 1868 1346 1908 enim
1380 1868 1422 1908 in
1458 1868 1660 1925 aliqua87

161 1932 295 1979 parte,
326 1922 399 1963 sed
429 1922 472 1962 in
500 1922 780 1976 perpetuitate
811 1922 1013 1977 temporis
1044 1927 1084 1954 60
1099 1923 1181 1963 vita
1212 1923 1335 1965 beata
1355 1924 1439 1966 dici
1460 1925 1596 1966 solet:

161 1995 298 2035 neque
330 1978 564 2034 appellatur
591 1977 764 2018 omnino
784 1978 868 2018 vita
885 1978 1023 2028 beata,
1047 1979 1124 2019 nisi
1145 1981 1355 2032 confecta,
1375 1991 1503 2037 atque
1523 1983 1600 2023 ab-

161 2036 326 2077 soluta:
359 2049 434 2075 nec
462 2043 604 2089 potest
636 2033 859 2089 quisquam
888 2035 988 2075 alias
1018 2035 1166 2076 beatus
1192 2051 1299 2087 esse,
1327 2038 1429 2078 alias
1457 2038 1598 2083 miser.

204 2198 242 2225 56
266 2199 400 2222 ettamen
416 2203 468 2221 non
485 2191 575 2221 tantis
590 2202 622 2221 v.
639 2191 680 2220 ad
693 2190 856 2220 libertatem

159 2234 254 2276 utens]
279 2236 391 2265 Delevi
415 2236 558 2274 primurn
581 2245 634 2263 non
649 2235 735 2273 quod
752 2244 769 2263 a
785 2234 856 2274 plu-

159 2279 243 2309 ribus
270 2278 346 2308 Mss.
370 2279 469 2314 abest,
493 2277 652 2316 delerique
674 2277 801 2307 volebat
824 2284 855 2307 et

159 2322 322 2352 Gruterus.
358 2328 429 2351 tum
467 2320 673 2349 liberalitatem
711 2321 854 2350 revocavi

158 2371 316 2394 mutatam
341 2364 373 2393 in
391 2363 553 2394 libertatem
569 2373 587 2392 a
604 2363 752 2400 Grutero‚
769 2364 855 2402 quod

158 2413 189 2436 et
213 2407 292 2437 Mss.
316 2407 436 2436 habent
457 2412 488 2435 et
510 2406 580 2435 edd.
604 2412 678 2436 vett.
700 2413 730 2435 et
745 2416 856 2436 sensus

157 2449 318 2479 desiderat.
364 2449 467 2479 Verbo
490 2456 570 2478 utens
593 2449 714 2478 addunt
730 2450 809 2480 Mss.
826 2456 856 2479 et

155 2493 224 2522 edd.
250 2502 294 2531 pr.
318 2492 367 2522 eis.
393 2493 478 2522 unde
501 2492 649 2521 Davisius
665 2493 856 2531 conjiciebat

156 2533 328 2573 legendum
344 2535 388 2563 uti
403 2535 427 2564 si
443 2535 502 2564 vis.
545 2547 548 2550 ⁴

201 2583 237 2611 57
263 2577 335 2618 quid
348 2577 388 2606 ad
400 2577 559 2607 utilitatem
576 2584 667 2606 tantae
674 2577 811 2616 pecuniae
818 2576 848 2616 ἓ]

156 2619 177 2648 i.
187 2628 215 2649 e.
226 2620 251 2649 si
270 2622 338 2649 haee
351 2621 524 2650 commoda
535 2628 760 2659 comparentur
775 2630 853 2651 cum

158 2663 252 2692 tantis
267 2664 381 2692 divitiis
398 2663 472 2699 tuis,
488 2663 570 2693 levia
585 2664 658 2693 sint.

201 2712 240 2734 58
273 2705 449 2744 praediorum
481 2706 671 2745 pretiosorum
710 2705 848 2744 mercede]

148 2747 339 2785 pretiosorum
366 2749 435 2778 edd.
472 2755 548 2778 vett.
578 2749 738 2778 Victorius
768 2749 853 2779 dedit

144 2788 374 2828 fructuosorum,
391 2792 485 2830 idque
501 2798 531 2821 et
547 2792 578 2820 in
596 2792 674 2821 Mss.
692 2798 851 2830 repertum

154 2830 311 2870 pluribus.
336 2834 388 2864 sed
413 2844 477 2864 non
504 2835 578 2864 satis
603 2834 752 2864 convenit
775 2844 852 2865 cum

900 2192 1036 2230 mercede,
1065 2195 1152 2232 quod
1175 2202 1220 2225 est
1230 2195 1338 2235 fructu
1352 2207 1357 2225 :
1383 2196 1468 2226 unde
1495 2202 1596 2226 tauto·

899 2235 981 2274 logia
997 2238 1148 2267 nascitur·
1164 2244 1194 2267 et
1210 2237 1357 2268 videntur
1372 2238 1505 2277 intelligi
1515 2245 1597 2278 prae-

898 2278 949 2306 dia
965 2279 1088 2316 urbana,
1106 2286 1178 2310 ante
1194 2280 1306 2310 insulae.
1323 2291 1461 2319 quarum
1479 2282 1595 2311 reditus

897 2321 1012 2351 dicitur
1027 2331 1159 2359 merces,
1175 2332 1218 2352 sc.
1237 2332 1253 2352 e
1269 2323 1492 2359 locationibus,
1509 2326 1595 2362 quod

899 2365 938 2393 de
953 2365 1075 2404 praediis
1096 2366 1219 2395 rusticis
1234 2375 1300 2396 non
1317 2367 1451 2396 memini
1468 2367 1540 2397 dici.
1557 2367 1596 2396 ad

902 2407 964 2436 Att.
988 2407 1060 2442 XV,
1088 2414 1136 2442 17.
1161 2415 1206 2438 est
1227 2420 1332 2437 merces
1354 2408 1526 2438 insularum.
1541 2410 1597 2440 sed

899 2456 929 2478 et
945 2451 1032 2480 verr.
1049 2451 1109 2487 111,
1128 2459 1178 2482 50.
1192 2458 1236 2481 est
1252 2462 1356 2481 merces
1371 2452 1488 2492 efundo
1504 2453 1596 2483 rusti·

901 2502 951 2529 co,
968 2502 1068 2532 eoque
1085 2503 1151 2524 non
1167 2494 1281 2524 locato.

942 2543 980 2568 59
1003 2547 1110 2565 omnem
1131 2536 1347 2575 infelicitatem]
1367 2536 1446 2567 Mss.
1463 2538 1595 2575 quidam

897 2579 971 2608 boni
989 2579 1133 2608 miseriam
1154 2581 1283 2610 habent.
1301 2587 1331 2609 et
1347 2580 1416 2611 edd.
1433 2580 1503 2610 Aldi
1522 2590 1594 2620 nep.

896 2620 1006 2655 Davis.

942 2669 982 2694 60
1005 2663 1073 2693 vita
1097 2663 1180 2694 beata
1207 2664 1274 2694 duci
1297 2663 1379 2705 solet]
1413 2665 1491 2695 Edd.
1518 2673 1594 2695 vett.

894 2716 1007 2736 omnes
1029 2707 1100 2737 dici.
1123 2707 1188 2736 duci
1204 2714 1252 2737 est
1266 2717 1283 2737 a
1300 2708 1435 2739 Grutero
1449 2720 1455 2737 ε
1480 2709 1534 2738 sed
1550 2716 1594 2738 ta—

896 2759 972 2779 men
987 2756 1018 2779 et
1033 2751 1081 2780 ed.
1098 2760 1142 2789 pr.
1160 2750 1266 2781 habet.
1283 2751 1328 2780 nil
1352 2751 1529 2781 admodum
1546 2752 1594 2780 in—

897 2799 1000 2823 terest.
1022 2794 1076 2824 sed
1099 2793 1157 2822 dici
1181 2794 1388 2832 praetulerim,
1406 2795 1481 2832 quia
1496 2802 1527 2823 et
1541 2800 1593 2832 ap-

890 2834 1002 2874 pellari
1015 2837 1167 2875 sequitur.

888 2889 968 2930 ¹43
