1768 3095
253 91 328 127 ΗΟ
559 87 631 125 DE
658 88 814 128 F1N113.
833 89 1037 129 BONOR.
1058 89 1127 128 ET
1152 90 1365 130 MALOR.

245 201 433 253 possent,
454 195 714 261 appellarent
731 198 989 256 voluptatem
1009 215 1020 241 z
1052 207 1140 252 aut,
1161 198 1196 242 si
1226 199 1363 256 magis
1391 197 1576 255 placeret
1603 200 1683 263 suo

236 266 367 295 more
383 251 516 309 loqui,
537 261 577 286 2⁵
595 268 722 310 quam

356 344 479 383 Omnes
504 345 621 383 Danai
639 346 862 394 lWycenenses,
883 345 1004 384 Attica
1015 346 1135 398 pubes,
1173 337 1176 341 ⁵
1201 337 1206 341 ’

243 428 392 486 reliqui
424 444 476 471 ue
501 431 658 482 Graeci,
678 427 750 486 qui
780 429 863 470 hoc
893 430 1110 489 anapaesto
1141 430 1355 472 citanturz
1387 431 1471 472 hoc
1500 416 1683 475 nendo:

234 483 328 540 flere
361 500 407 541 so
427 501 499 528 um
532 486 758 543 voluptatis
790 486 960 527 nomine
990 486 1235 543 appellaret,
1254 487 1357 529 illud
1388 486 1682 547 Aristippeum

232 552 561 585 contemneret:
592 551 679 594 aut,
700 542 734 583 si
753 551 983 598 utrumque
1008 543 1219 599 probaret,
1244 544 1482 603 utbprobat,
1502 544 1682 604 conjuri—

243 613 346 656 gere
380 599 538 641 doloris
572 598 820 640 vacuitatem
851 612 950 641 cum
985 599 1217 655 voluptate,
1246 608 1290 641 et
1322 600 1487 642 duobus
1520 599 1682 642 ultimis

188 651 445 711 19-uteretur.
504 655 637 697 Multi
654 655 783 706 enim,
803 661 846 696 et
867 655 1011 711 magni
1039 656 1282 711 philosophi
1306 656 1397 697 haec
1414 656 1577 697 *ultima
1604 657 1683 698 bo-

200 1007 233 1037 b.

244 711 396 753 norum
411 712 564 769 juncta
583 709 786 767 fecerunt,
804 719 852 753 ut
872 711 1233 769 Aristoteleffiqui
1253 713 1416 754 virtutis
1437 726 1560 754 usum
1581 727 1681 754 cum

240 769 553 824 vitaeperfectae
574 767 861 825 vprosperitate
889 767 1122 824 conjunxit.
1182 769 1381 824 Callipho
1411 767 1608 825 adjunxit*
1629 768 1684 813 ad

242 824 523 876 honestatem,
555 824 1092 881 voluptatemtDiodorus
1123 825 1179 867 ad
1207 825 1385 867 eandem
1418 824 1682 867 honestatem

241 881 405 923 addidit
424 881 676 925 vacuitatem
696 881 869 923 doloris.
891 881 1004 924 idem
1024 882 1192 924 fecisset
1216 882 1438 939 Epicurus,
1458 881 1493 922 si
1513 881 1682 923 sente'n‘-

241 937 345 979 tiam
376 937 499 989 hanc,
521 954 616 995 quae
647 953 759 980 nunc
788 938 1039 994 Hieronymi
1058 947 1136 990 est,
1157 939 1444 995 conjunxisset
1463 951 1562 979 cum
1583 937 1683 980 Ari-

243 994 371 1051 stippi
398 1003 537 1037 vetere
567 994 787 1037 sententia.
818 993 879 1036 illi
908 994 1020 1037 enim
1051 995 1161 1037 inter
1192 1010 1237 1037 se
1268 994 1548 1046 dissentiunt3
1579 995 1680 1050 prd-

241 1059 386 1107 pterea
405 1051 582 1108 singulis
602 1051 752 1093 finibus
774 1059 971 1094 utuntur:
997 1061 1054 1103 et,
1071 1066 1167 1094 cum
1189 1060 1368 1108 uterque
1388 1052 1539 1093 Graece
1558 1052 1681 1107 egre-

240 1108 311 1164 gie
331 1108 554 1164 loquatur3
586 1123 663 1150 nec
692 1107 958 1164 Aristippus,
971 1109 1043 1165 qui
1073 1108 1332 1164 voluptatem
1363 1121 1580 1149 summum
1600 1108 1680 1149 bo·-

242 1179 342 1205 num
358 1164 475 1215 dicit,
494 1165 536 1206 in
553 1164 770 1220 voluptate
788 1164 911 1220 ponit
929 1178 1013 1207 non
1034 1164 1192 1216 dolere,
1215 1179 1349 1220 neque
1371 1164 1681 1220 Hieronymus,

240 1221 313 1278 qui
346 1236 560 1262 summum
589 1221 751 1262 bonum
782 1220 932 1262 statuit
950 1235 1046 1262 non
1074 1221 1232 1271 dolere,
1250 1220 1478 1276 voluptatis
1509 1219 1681 1262 nomine

239 1291 442 1332 umquam
475 1277 622 1328 utitur,
682 1290 729 1318 ro
756 1275 830 1318 illa
859 1275 1120 1318 indolentia:
1151 1278 1307 1333 quippe
1327 1277 1399 1332 qui
1419 1290 1472 1317 ne
1492 1276 1535 1318 in
1554 1290 1680 1332 expe-

195 1343 227 1397 7
241 1334 378 1374 tendis
399 1333 571 1390 quidem
601 1348 644 1375 re
677 1348 725 1375 us
759 1343 954 1375 numeret
979 1333 1255 1390 voluptatem.
1314 1333 1426 1375 Duae'
1449 1337 1547 1374 sunt
1566 1333 1680 1374 enirn

179 1417 231 1448 20
240 1395 305 1431 res
328 1397 514 1447 quoque,
534 1405 587 1431 ne
607 1398 654 1431 tu
675 1390 801 1431 verba
819 1390 959 1431 solum
990 1398 1126 1446 putes.
1152 1405 1284 1432 unum
1315 1397 1394 1441 est,
1415 1390 1505 1431 sine
1532 1388 1680 1431 dolore

239 1460 361 1488 esse:
393 1447 586 1497 alterum,
612 1461 711 1488 cum
739 1446 972 1502 voluptate.
1032 1448 1122 1488 Vos
1142 1461 1192 1487 ex
1212 1447 1277 1488 his
1297 1445 1679 1488 tamdissimilibus

237 1504 363 1544 rebus
396 1518 481 1554 non
512 1503 641 1554 modo
673 1517 829 1544 nomen
858 1517 991 1544 unum
1012 1505 1124 1557 (nam
1149 1503 1191 1544 id
1213 1502 1377 1560 facilius
1402 1503 1580 1558 paterer)
1605 1501 1680 1544 sed

239 1560 371 1606 etiam,
390 1567 429 1592 26
446 1575 535 1600 rem
556 1574 683 1600 unam
704 1574 756 1600 ex
778 1559 943 1600 duabus
973 1559 1110 1601 facere
1140 1560 1367 1601 conamini.
1399 1566 1436 1596 27
1456 1558 1571 1616 quod
1593 1558 1681 1601 fieri

239 1617 357 1658 nullo
389 1615 520 1657 modo
555 1624 709 1671 potest.
769 1615 871 1667 Hic,
907 1615 980 1672 qui
1014 1625 1240 1672 utramque
1270 1616 1438 1672 probat,
1470 1614 1679 1656 ambobus

223 1672 386 1714 ‘debuit
414 1672 491 1724 uti,
524 1672 635 1714 sicut
662 1672 764 1713 facit
793 1687 851 1724 re,
882 1686 1018 1728 neque
1048 1682 1190 1714 tamen
1220 1672 1369 1714 dividit
1397 1672 1548 1713 verbis.
1579 1681 1678 1713 cum

222 1729 350 1770 'senim
384 1744 479 1770 eam
512 1728 647 1784 ipsam
680 1728 956 1783 voluptatem,
986 1743 1112 1784 quam
1146 1729 1295 1771 eodem
1328 1728 1500 1770 nomine
1532 1738 1679 1772 omnes

185 1812 196 1814 —
226 1785 513 1841 appellamus,
534 1785 680 1826 laudat
707 1785 812 1826 locis
843 1785 1050 1840 plurimis,
1072 1785 1200 1826 audet
1224 1786 1380 1836 dicere,
1402 1798 1453 1826 ne
1473 1783 1677 1840 suspicari

170 1872 173 1873 γ
190 1867 197 1870 ·
236 1842 407 1897 quidem
429 1857 473 1883 se
494 1842 628 1883 ullum
650 1842 812 1883 bonum
830 1841 1068 1897 sejunctum
1089 1842 1143 1883 ab
1163 1842 1237 1884 illo
1253 1842 1500 1897 Aristippeo
1518 1853 1676 1905 genere

234 1899 487 1954 voluptatis:
519 1907 647 1954 atque
666 1898 725 1939 ibi
747 1897 829 1938 hoc
861 1897 979 1949 dicit,
1004 1898 1077 1939 ubi
1109 1898 1247 1939 omnis
1267 1898 1359 1954 ejus
1379 1907 1443 1939 est
1467 1907 1604 1938 oratlo
1624 1896 1678 1938 de

235 1969 405 1996 summo
438 1956 566 1996 bono.
629 1956 678 1995 In
710 1954 794 1995 alio
825 1969 923 1995 vero
950 1954 1073 2004 libro,
1096 1955 1138 1995 in
1169 1969 1253 2010 quo
1284 1954 1463 1996 breviter
1482 1964 1677 2008 compre-

233 2010 375 2053 hensis
392 2011 648 2068 gravissimis
668 2011 903 2062 sententiis,
922 2010 1041 2067 quasi
1062 2011 1233 2052 oracula
1259 2010 1439 2052 edidisse
1460 2009 1676 2065 sapientiae

190 2088 195 2090 ν
233 2067 402 2118 dicitur,
424 2068 570 2110 scribit
588 2067 654 2109 his
674 2067 836 2110 verbis:
868 2082 963 2122 quae
984 2076 1086 2108 nota
1114 2067 1191 2109 tibi
1216 2067 1424 2122 profect0‚
1443 2065 1676 2122 Torquate,

170 2320 217 2351 21

233 2133 347 2166 sunt.
381 2125 475 2181 quis
508 2124 620 2166 enim
650 2132 836 2165 vestrum
873 2138 957 2165 non
991 2123 1165 2165 edidicit
1195 2123 1367 2179 Epicuri
1400 2122 1525 2178 κυρίας
1554 2121 1673 2174 δόξας,

233 2189 274 2214 28
288 2181 331 2223 id
352 2192 430 2232 est,
451 2181 571 2238 quasi
590 2181 772 2222 maxime
792 2189 902 2221 ratas
923 2181 934 2221 ?
970 2180 1067 2236 quia
1095 2179 1350 2235 gravissimae
1378 2178 1462 2221 sint
1480 2177 1532 2219 ad
1552 2178 1676 2232 beate

232 2238 452 2279 vivendum
485 2237 664 2279 breviter
693 2237 920 2278 enuntiatae
953 2236 1186 2278 sententiae.
1217 2235 1499 2278 animadverte
1527 2235 1674 2290 igitur,

233 2303 402 2336 rectene
436 2295 545 2336 hanc
577 2293 826 2334 sententiani
857 2293 1117 2348 interpreter.
1178 2297 1204 2317 ‘⁶
1227 2292 1271 2332 Si
1303 2307 1366 2343 ea,
1396 2300 1436 2325 29
1453 2306 1548 2346 quae
1576 2301 1675 2333 sunt

234 2355 264 2376 ‘⁶
283 2351 506 2392 luxuriosis
528 2349 750 2392 efficientia
781 2349 1061 2404 voluptatum,
1082 2349 1307 2390 liberarent
1326 2363 1398 2390 eos
1418 2347 1610 2400 deorum,
1632 2357 1675 2389 et

233 2412 261 2432 “
281 2408 446 2459 mortis,
466 2416 510 2448 et
538 2406 697 2449 doloris
728 2415 859 2456 metu,
881 2405 1180 2460 docerentque,
1202 2405 1275 2461 qui
1306 2413 1444 2446 essent
1469 2403 1571 2445 fines
1597 2418 1674 2446 cu-

276 2523 315 2547 2‘5
333 2528 420 2557 quam
441 2517 486 2555 ut]
513 2518 625 2548 Delevi
641 2525 682 2551 nt,
699 2518 784 2557 quod
803 2519 841 2548 ab
859 2519 891 2548 h.
909 2518 929 2547 l.
975 2524 1031 2547 est.

232 2559 326 2599 plane
342 2566 388 2589 est
404 2559 557 2589 alienum.
581 2561 693 2590 deinde
708 2563 740 2590 in
758 2561 824 2599 ipso
841 2571 930 2590 versu
1019 2566 1055 2595 27
1076 2560 1234 2601 quodfieri
1257 2559 1334 2588 nullo
1355 2559 1433 2588 modo
1454 2558 1559 2598 poflest]
1577 2559 1675 2591 Davi·

233 2610 285 2631 aut
308 2610 380 2631 ante
398 2603 592 2642 Mycenenses,
619 2610 655 2632 ut
674 2604 746 2632 fecit
771 2612 801 2634 et
826 2604 932 2633 Mark-
976 2603 1040 2633 sius
1057 2603 1191 2642 proficri
1208 2603 1265 2642 legi
1282 2601 1449 2642 vultferri.
1467 2602 1561 2633 bene.

231 2644 346 2674 landus
373 2646 411 2674 ad
436 2645 572 2675 Statium
600 2656 630 2685 p.
655 2652 728 2677 330.
749 2647 780 2677 b.
807 2648 861 2686 qui
889 2648 933 2676 sic
1020 2653 1058 2676 28
1092 2646 1123 2673 id
1150 2644 1394 2684 css—sententis]
1430 2644 1509 2674 Haec
1545 2644 1676 2675 insititia

231 2687 526 2718 distinxit—Omnes
544 2689 646 2717 Danai
976 2695 1065 2728 putat
1080 2689 1240 2725 Davisius,
1258 2689 1308 2718 cui
1325 2688 1484 2718 assentior.

319 2732 513 2771 Myon-nemas,
533 2731 634 2760 Attica
646 2731 746 2770 pubes.
1020 2739 1060 2764 ⁴29
1077 2742 1142 2772 quae
1161 2739 1225 2760 sun!
1248 2731 1400 2761 luxuriosis
1424 2728 1675 2770 ‘fficientialA'd-

276 2779 315 2803 26
333 2785 391 2802 rem
407 2784 492 2802 unam
509 2786 544 2802 ex
559 2773 680 2812 duabus]
707 2784 742 2803 ex
757 2773 865 2803 duabus
886 2775 932 2804 in-
976 2775 1039 2805 didi
1056 2780 1132 2809 sunt,
1150 2776 1235 2813 quod
1253 2775 1409 2804 exciderat
1436 2780 1554 2804 temere
1579 2774 1612 2803 in
1636 2772 1675 2802 li-

231 2816 364 2846 sititium
389 2823 444 2847 est.
468 2826 545 2846 nam
570 2817 599 2847 id
622 2818 691 2856 jam
715 2824 787 2847 ante
809 2819 932 2849 dictum
977 2818 1038 2848 bris
1055 2817 1248 2857 quibusdam
1263 2827 1322 2848 scr.
1337 2823 1367 2847 et
1382 2816 1512 2856 edd.pr.'
1538 2829 1544 2836 »
1634 2822 1635 2825 ’
