1778 3095
573 168 751 205 LIBER
781 166 1020 205 PRIMUS.
1447 171 1525 213 399

98 283 171 315 aut
190 274 290 330 quid
308 283 392 316 tam
413 275 695 327 temerarium,
715 285 885 330 tamque
916 273 1139 329 indignum
1169 271 1366 327 sapientis
1386 274 1523 328 gravi-

97 337 198 381 tate,
230 341 354 387 atque
381 332 628 383 constantia,
650 347 778 388 quam
810 340 884 372 aut
911 331 1064 371 falsum
1095 328 1261 377 sentire,
1292 337 1377 378 aut,
1409 330 1523 384 quod

99 400 181 427 non
205 388 303 429 satis
323 388 533 442 explorate
559 397 803 443 perceptum
825 387 892 438 sit,
913 397 957 428 et
975 386 1209 442 cognitum,
1231 384 1318 425 sine
1338 384 1424 424 ulla
1444 385 1523 426 du-

97 443 298 485 bitatione
317 444 538 485 defendere
556 446 568 485 ?
602 444 732 486 Velut
752 445 792 485 in
815 443 893 484 hac
912 443 1160 499 quaestione,
1181 441 1367 496 plerique
1393 442 1557 496 (quod2

99 500 278 541 maxime
297 499 514 541 verisimile
534 511 612 552 est,
628 510 675 543 et
699 509 713 537 7
730 515 815 556 quo
838 514 983 541 omnes
1004 499 1111 540 duce
1134 507 1281 538 natura
1301 496 1520 549 vehimur,)

98 555 199 596 deos
235 571 324 597 esse
361 555 581 599 dixerunt:
624 557 815 599 dubitare
848 571 892 597 se
931 557 1211 611 Protagoras:
1256 553 1393 594 nullos
1433 568 1524 595 esse

100 613 271 653 omnino
299 611 509 667 Diagoras
540 614 697 655 Melius
728 623 769 654 et
798 612 1048 654 Theodorus
1072 609 1331 667 Cyrenaicus
1350 619 1524 665 putave-

100 677 210 710 runt.
208 682 248 732 s
269 668 354 724 Qui
384 683 480 709 vero
509 670 609 711 deos
644 686 733 711 esse
764 669 971 720 dixerunt,
992 677 1108 710 tanta
1128 675 1226 708 sunt
1257 666 1299 707 in
1329 667 1526 708 varietate

99 739 147 765 ac
177 724 446 775 d1ssensione,
474 735 521 767 ut
548 742 693 768 eorum
725 726 952 767 molestum
983 727 1036 766 sit
1066 725 1330 766 dinumerare
1357 732 1524 764 senten-

100 781 191 821 tias.
249 782 362 822 Nam
395 790 437 822 et
464 783 517 823 de
546 784 688 839 figuris
719 784 911 833 deorum,
933 791 975 822 et
1002 782 1054 823 de
1083 781 1186 822 locis
1212 789 1339 836 atque
1359 779 1526 821 sedibus

99 845 140 877 et
159 837 324 878 actione
345 837 437 879 vitae
463 840 597 881 multa
627 841 825 881 dicuntur
841 855 853 890 3
884 839 1020 894 deque
1049 839 1113 879 his
1142 851 1309 879 summa
1337 836 1527 892 philoso-

99 893 279 948 phorum
303 894 558 937 dissensione
587 906 797 938 certatur:
829 895 945 951 quod
976 910 1070 936 vero
1097 895 1277 936 maxime
1307 908 1394 934 rem
1426 908 1527 934 cau-

100 964 274 1006 samque
297 951 498 1002 continet,
522 962 661 994 utrum
686 952 789 994 nihil
819 960 960 1007 agant,
980 952 1084 992 nihil
1112 951 1354 1001 moliantur,
1380 958 1396 982 8
1411 949 1571 995 omnib,

100 1007 315 1048 curatione
345 1017 388 1048 et
419 1008 778 1051 administratione
804 1023 941 1050 rerum
971 1017 1131 1058 vacent,
1152 1023 1202 1048 an
1225 1016 1372 1048 contra
1391 1007 1442 1049 ab
1463 1007 1528 1047 his

98 1072 142 1103 et
161 1077 186 1104 a
204 1064 408 1119 principio
437 1066 578 1107 omnia
607 1067 718 1107 facta
749 1074 790 1107 et
821 1065 1051 1106 constituta
1070 1065 1166 1114 sint,
1186 1072 1228 1104 et
1246 1064 1299 1104 ad
1321 1063 1528 1104 infinitum

99 1128 271 1184 tempus·
306 1131 520 1176 regantur,
562 1132 688 1179 atque
733 1131 991 1172 moveantur,
1033 1131 1050 1155 9
1066 1121 1339 1177 inprimisque
1377 1134 1533 1176 magna

99 1175 302 1218 d1ssensio
332 1187 424 1219 est:
457 1193 589 1234 eaque
620 1180 698 1220 nisi
728 1179 997 1235 dijudicetur,
1026 1179 1067 1219 in
1098 1192 1265 1219 summo
1294 1191 1433 1217 errore
1459 1191 1530 1217 ne-

99 1246 214 1274 cesse
243 1243 306 1275 est
326 1234 533 1286 homines,
562 1246 687 1291 atque
720 1237 760 1277 in
792 1237 1066 1277 maximarum
1098 1249 1237 1275 rerum
1267 1232 1532 1289 ignoratione

101 1291 289 1344 versari.„1
327 1291 435 1332 Sunt
462 1293 574 1333 enim
606 1293 864 1349 philosophi,
885 1302 927 1333 et
946 1293 1129 1342 fuerunt,
1152 1291 1223 1346 qui
1243 1290 1415 1331 omnino
1437 1289 1531 1330 nul·
1545 1297 1575 1343 2

102 1345 185 1385 lam
226 1345 382 1388 habere
420 1360 637 1390 censerent
684 1349 962 1390 humanarum
1012 1363 1150 1389 rerum
1191 1347 1566 1402 procurationem3

102 1401 218 1444 deos.
279 1406 474 1460 Quorum
497 1406 530 1446 si
548 1419 642 1446 vera
662 1406 867 1447 sententia
886 1415 963 1456 est,
986 1420 1079 1461 quae
1099 1413 1240 1460 potest
1259 1417 1349 1443 esse
1368 1403 1529 1458 pietas?

101 1473 196 1514 quae
217 1460 439 1502 sanctitas?
473 1477 566 1517 quae
587 1462 760 1518 religio?
791 1462 882 1503 haec
905 1462 1016 1502 enim
1037 1461 1193 1510 omnia,
1214 1474 1330 1515 pure,
1351 1473 1399 1500 ac
1421 1468 1535 1500 caste

101 1515 325 1558 tribuenda
358 1517 534 1558 deorum
564 1519 731 1560 numini
763 1519 821 1559 ita
855 1527 965 1569 sunt,
998 1518 1032 1559 si
1063 1517 1451 1558 animadvertuntur
1480 1515 1534 1555 ab

102 1571 182 1621 his,
202 1582 244 1613 et
265 1574 298 1614 si
319 1584 383 1614 est
403 1574 561 1630 aliquid
582 1590 605 1615 a
625 1575 702 1616 diis
722 1574 1031 1616 immortalibus
1053 1574 1273 1614 hominum
1294 1572 1440 1628 generi
1459 1572 1536 1612 tri-

102 1627 267 1670 butum.
328 1630 400 1671 Sin
442 1640 583 1672 autem
621 1631 678 1672 dii
714 1646 849 1688 neque
888 1640 1065 1686 possunt
1099 1645 1174 1671 nos
1203 1630 1365 1685 juvare,
1399 1642 1536 1684 neque

88 1684 245 1726 'volunt
262 1702 272 1736 ;
304 1701 379 1727 nec
401 1688 574 1728 omnino
604 1697 751 1729 curant
767 1705 779 1739 3
812 1703 902 1738 nec,
931 1687 1034 1743 quid
1064 1701 1254 1742 agamus,
1275 1684 1535 1726 animadver-

100 1750 220 1792 tunt;
252 1757 328 1783 nec
357 1753 434 1794 est,
463 1744 577 1800 quod
613 1746 666 1785 ab
698 1744 761 1785 his
791 1744 843 1786 ad
877 1744 1099 1785 hominum
1135 1744 1261 1784 vitam
1293 1755 1536 1798 permanare

101 1799 235 1852 possit
254 1817 263 1840 ε
296 1800 399 1855 quid
418 1810 495 1851 est,
517 1801 633 1856 quod
655 1801 763 1842 ullos
792 1801 872 1842 diis
893 1800 1202 1841 immortalibus
1223 1798 1379 1849 cultus,
1399 1797 1537 1839 hono-

103 1869 182 1904 res,
210 1870 355 1911 preces
381 1857 684 1899 adhibeamus?
718 1859 768 1899 In
790 1858 926 1913 specie
947 1866 1089 1898 autem
1113 1857 1218 1897 fictae
1241 1854 1534 1905 simulationis,

103 1911 212 1952 sicut
242 1912 411 1968 reliquae
442 1914 628 1965 virtutes,
649 1915 708 1955 ita
734 1914 866 1970 pietas
895 1915 1029 1955 inesse
1056 1928 1139 1954 non
1158 1920 1313 1968 potest,
1333 1926 1431 1952 cum
1453 1926 1536 1967 qua

103 1968 228 2009 simul
248 1978 291 2010 et
310 1969 592 2021 sanctitatem,
612 1980 654 2012 et
674 1971 922 2027 religionem
953 1970 1045 2011 tolli
1071 1983 1239 2011 necesse
1260 1978 1350 2018 est;
1380 1968 1533 2024 quibus

104 2024 293 2076 sublatis,
313 2027 573 2082 perturbatio
602 2027 694 2069 vitae
726 2027 927 2083 sequitur,
947 2035 990 2068 et
1010 2040 1164 2082 magna
1183 2025 1390 2067 confusio.
1449 2025 1532 2065 At·
1545 2035 1571 2067 4

105 2096 186 2136 que
207 2082 321 2124 haud
342 2083 443 2134 scio,
466 2097 517 2124 an
538 2084 692 2139 pietate
721 2084 916 2125 adversus
943 2083 1044 2125 deos
1064 2082 1244 2132 sublata,
1267 2081 1367 2122 fides
1388 2081 1532 2132 etiam,

104 2148 146 2179 et
168 2140 346 2180 societas
366 2140 531 2195 generis
563 2140 736 2181 humani
755 2150 797 2181 et
816 2154 900 2182 una
918 2139 1438 2188 excellentissimaivirtus,
1462 2138 1535 2194 ju-

103 2196 216 2237 stitia
249 2197 435 2238 tollatur.
495 2198 602 2238 Sunt
633 2206 774 2238 autem
810 2197 877 2238 alii
912 2195 1168 2252 philosophi,
1203 2204 1246 2236 et
1280 2195 1324 2235 hi
1362 2194 1534 2251 quidem

104 2349 181 2368 cum
208 2339 336 2370 Davisio
359 2339 450 2368 edere
473 2337 583 2376 turpius
606 2348 660 2377 pro
672 2336 798 2377 fortius,

105 2384 190 2421 quod
219 2389 265 2412 est
295 2382 388 2421 plane
417 2381 571 2410 alienum.
598 2388 629 2410 et
658 2381 735 2410 illud
766 2380 798 2410 in

107 2425 186 2455 Mss.
209 2425 402 2463 quibusdam
432 2431 590 2464 repertum
619 2431 677 2460 est,
705 2433 723 2453 a
748 2433 799 2453 me

104 2469 200 2498 etiam
215 2469 247 2497 in
265 2468 372 2498 Guelf.

149 2516 164 2545 7
183 2521 236 2552 quo
247 2521 338 2539 omnes
349 2510 418 2540 duce
431 2518 536 2539 natura
551 2508 698 2548 vehimur]
714 2509 799 2539 Alias

106 2554 138 2583 in
156 2554 215 2583 hae
231 2555 386 2583 sententia
407 2554 520 2583 dicitur
531 2553 675 2592 ferimur.
721 2553 799 2582 Mss.

106 2597 293 2635 discrepant.
338 2597 402 2626 Ms.
440 2596 546 2626 Guelf.
584 2596 691 2632 habet,
728 2594 804 2636 quod

107 2650 198 2668 omnes
213 2645 319 2667 natura
339 2638 408 2668 duce
429 2639 571 2668 novimus.
593 2639 648 2668 sed
669 2639 801 2667 novimus

108 2692 172 2712 non
197 2682 277 2711 bene
300 2683 447 2711 convenit
461 2682 555 2712 verbo
570 2681 639 2711 duce
652 2692 663 2710 .·
686 2691 797 2720 quam-

106 2734 206 2763 quam
233 2733 292 2754 nec
323 2724 456 2753 vehimur
487 2725 646 2754 convenit.
692 2725 802 2763 Itaque

109 2767 264 2807 perplacet
280 2767 372 2797 lectio
386 2767 449 2796 Ms.
466 2768 498 2796 in
515 2777 560 2797 m.
577 2768 612 2797 L.
629 2766 772 2796 venimus.

155 2817 171 2840 8
188 2811 263 2839 omni
287 2810 432 2839 curatione
455 2816 482 2837 et
505 2821 533 2840 a.
555 2821 580 2840 r.
603 2809 725 2849 vacent]
750 2810 802 2839 Sic

110 2854 189 2882 edidi
216 2863 232 2882 e
262 2853 324 2883 Ms.
353 2852 459 2883 Guelf.
486 2859 518 2881 et
541 2853 590 2882 ed.
615 2854 700 2883 Med.
725 2861 803 2882 cum

109 2895 204 2935 vulgo
223 2896 358 2927 habeant
374 2896 443 2925 libri
458 2895 527 2925 edd.
551 2902 684 2924 vacant.-
707 2895 803 2925 Davi-

842 2337 906 2367 sius
929 2336 1013 2366 dedit
1035 2347 1069 2364 ac
1092 2335 1129 2364 ab
1152 2340 1352 2365 a.-·vacent:
1375 2335 1427 2364 sed
1445 2345 1479 2363 ac
1500 2333 1538 2363 ab

843 2389 908 2409 non
937 2386 983 2408 est
1012 2379 1259 2408 Cieeronianum
1288 2386 1325 2407 ac
1352 2377 1432 2406 bene
1470 2377 1539 2407 lati-

844 2432 936 2452 num.
982 2421 1042 2452 Sed
1057 2421 1131 2460 quia
1154 2428 1261 2451 tamen
1285 2419 1380 2450 multi
1396 2420 1466 2450 libri
1482 2420 1540 2450 ha·

841 2466 917 2495 bent
931 2471 1042 2494 vacant
1057 2471 1087 2494 et
1102 2471 1209 2494 carent
1223 2463 1339 2503 copula
1353 2470 1426 2493 ante
1442 2463 1516 2492 omni
1529 2473 1540 2492 .·

842 2517 919 2548 puto
932 2508 1119 2537 Ciceronem
1134 2507 1291 2547 scripsisse
1302 2513 1451 2536 vacantes.

888 2559 906 2585 9
932 2551 1120 2592 inprimisque
1145 2561 1184 2580 m.
1210 2549 1342 2579 dissensio
1368 2556 1427 2578 est.-
1444 2560 1540 2590 ‚eaque

844 2595 900 2624 nisi
917 2593 991 2632 &c.]
1016 2594 1095 2624 Haec
1111 2603 1177 2623 non
1197 2593 1278 2623 bene
1293 2603 1325 2623 se
1342 2592 1471 2622 habent.
1495 2592 1541 2621 fa-

844 2637 1065 2668 cillimum'sit
1089 2636 1191 2666 delere
1218 2647 1272 2678 que
1295 2643 1326 2666 et
1347 2635 1480 2666 scribere
1496 2634 1541 2664 in-

839 2681 956 2721 primis.
980 2680 1077 2720 possis
1100 2680 1196 2709 etiam
1220 2679 1408 2720 inprimisque
1433 2688 1540 2716 magna

844 2723 976 2754 dissensio
991 2729 1032 2752 est
1047 2735 1093 2759 ea,
1112 2733 1178 2764 quae
1201 2722 1258 2751 nisi
1274 2723 1332 2752 Ere.
1378 2721 1438 2751 Sed
1461 2720 1541 2750 illud

846 2766 962 2797 melius
988 2773 1047 2802 est,
1074 2773 1130 2795 aut
1155 2775 1233 2795 cum
1260 2765 1388 2794 Davisio
1415 2773 1433 2793 e
1459 2763 1539 2792 Mss.

846 2810 1038 2849 quibusdam
1054 2808 1084 2837 in
1092 2808 1200 2847 primis
1220 2819 1339 2849 quoque.
1363 2817 1429 2837 non
1444 2814 1541 2835 ausus

845 2862 921 2883 sum
937 2853 1113 2882 decernere.
