1768 3095
601 113 783 151 LIBER
814 114 1056 152 PRIMUS.
1498 121 1541 156 11

116 238 188 266 mo
206 222 385 273 duobus,
405 229 453 263 ut
470 219 570 272 dixi,
590 220 830 262 nominibus
858 235 956 261 una.
983 219 1088 262 nihil
1119 219 1230 260 enim
1250 219 1358 261 inter
1379 222 1547 278 Peripa-

115 280 280 331 teticos,
307 287 350 319 et
378 277 493 319 illam
521 284 702 319 veterem
732 277 1010 319 Academiam
1031 276 1262 318 differebat.
1292 277 1548 321 abundantia

115 336 296 393 quadam
325 334 480 389 ingenii
501 335 742 389 praestabat,
770 343 819 376 ut
846 334 952 375 mihi
981 333 1144 375 videtur
1170 333 1356 389 quidem,
1375 333 1544 376 Aristo-

115 393 242 435 teles:
271 390 342 432 sed
363 390 472 431 idem
494 392 588 431 fons
607 400 695 432 erat
713 391 918 446 utrisque,
938 400 981 432 et
999 389 1147 431 eadem
1177 405 1316 431 rerum
1346 400 1543 445 expeten-

115 449 259 491 darum
277 447 654 503 fugiendarumque
671 447 855 503 partitio.

172 504 252 546 Sed
273 503 374 559 quid
392 505 503 559 ago?
535 504 695 559 inquit:
727 513 801 544 aut
829 516 977 544 sumne
1007 517 1146 554 sanus,
1168 502 1241 557 qui
1260 502 1351 543 haec
1371 517 1443 543 vos
1464 502 1542 544 do-
1554 502 1586 532 b·

113 562 218 603 ceo?
251 575 347 601 nam
378 561 456 600 etsi
485 575 570 600 non
601 575 671 601 sus
704 560 955 610 Minervam,
974 569 1022 600 ut
1051 561 1194 615 ajunt:
1227 568 1365 599 tamen
1387 559 1542 616 inepte,

112 617 298 673 quisquis
330 617 564 657 Minervam
599 616 738 658 docet.
794 617 905 657 Tum
938 616 1126 666 Atticus,
1156 616 1224 656 Tu
1253 630 1363 667 vero,
1390 616 1583 672 inquit,5

110 687 237 729 perge
263 674 414 714 Varro.
443 673 560 714 valde
589 673 699 713 enim
727 687 824 714 amo
853 682 996 714 nostra
1023 681 1150 728 atque
1170 680 1359 713 nostros:
1391 687 1542 728 meque

109 731 188 771 ista
221 729 444 780 delectant,
478 744 575 771 cum
609 730 759 771 Latine
793 728 1004 780 dicuntur,
1035 738 1078 770 et
1108 730 1190 770 isto
1222 728 1366 770 modo.
1425 728 1542 786 Quid

109 800 192 838 me,
222 786 407 842 inquam,
444 795 581 842 putaS,
619 787 693 842 qui
729 785 1040 841 philosophiam
1071 786 1163 842 jam
1199 786 1412 840 professus
1446 786 1540 837 sim,

107 842 266 898 populo
297 852 439 884 nostro
470 842 784 884 exhibiturum?
819 843 1046 898 Pergamus
1078 842 1220 897 igitur,
1249 842 1399 898 inquit,
1431 857 1538 898 quo-

108 898 217 939 niam
238 899 388 954 placet.
439 900 535 941 Fuit
553 913 656 954 ergo
669 899 760 956 jam
781 909 953 954 accepta
972 913 996 939 a
1017 898 1189 940 Platone
1212 898 1540 954 philosophandi
1554 907 1601 948 19

107 955 213 996 ratio
244 956 418 1011 triplex:
450 970 548 1007 una,
575 956 627 996 de
658 956 741 997 vita
772 965 816 997 et
846 955 1061 996 moribus:
1089 956 1219 996 altera
1243 955 1296 995 de
1324 964 1473 996 natura
1496 965 1539 996 et

107 1011 228 1053 rebus
259 1012 460 1053 occultis:
492 1012 627 1064 tertia,
659 1012 710 1053 de
745 1012 1002 1063 disserendo,
1034 1021 1077 1054 et
1111 1011 1212 1068 quid
1245 1026 1403 1061 verum,
1439 1021 1478 1044 45
1495 1020 1539 1053 et

106 1067 206 1122 quid
226 1068 377 1109 falsum
394 1085 406 1120 3
437 1069 540 1125 quid
560 1077 721 1110 rectum
743 1069 784 1109 in
806 1069 1010 1119 oratione,
1031 1082 1254 1123 pravumve
1271 1083 1282 1119 3
1314 1067 1414 1123 quid
1434 1083 1537 1110 con-

106 1125 299 1175 sentiens,
330 1125 431 1181 quid
461 1135 680 1181 repugnet,
692 1125 939 1182 judicando.
998 1124 1064 1166 Ac
1094 1126 1273 1180 primam
1302 1124 1416 1165 illam
1445 1140 1539 1180 par-

103 1189 187 1221 tem
208 1181 315 1222 bene
333 1182 506 1233 vivendi,
528 1196 552 1223 a
571 1191 720 1223 natura
738 1182 952 1237 petebant,
972 1181 1093 1237 eique
1112 1180 1343 1237 parendum
1365 1195 1454 1221 esse
1473 1181 1538 1222 di-

104 1237 256 1278 cebant
275 1254 284 1278 :
317 1252 450 1294 neque
471 1239 558 1279 ulla
576 1238 656 1279 alia
675 1239 716 1279 in
737 1253 793 1289 re,
814 1238 891 1279 nisi
911 1238 953 1278 in
973 1248 1135 1290 natura,
1156 1237 1427 1295 quaerendum
1448 1251 1539 1279 esse

104 1293 208 1334 illud
224 1308 436 1335 summum
456 1295 631 1344 bonum,
651 1309 735 1350 quo
765 1295 908 1335 omnia
936 1295 1186 1336 referrentur
1204 1312 1214 1336 :
1247 1301 1286 1326 46
1304 1294 1538 1336 constitue-

103 1349 303 1405 bantque,
323 1359 555 1391 extremum
588 1364 677 1390 esse
706 1364 845 1390 rerum
877 1350 1216 1405 expetendarum,
1236 1360 1279 1392 et
1309 1351 1432 1391 finem
1458 1351 1536 1392 bo-

104 1420 269 1456 norum,
289 1405 488 1460 adeptum
507 1420 597 1448 esse
615 1406 758 1446 onmia
778 1420 800 1446 e
820 1415 969 1447 natura
987 1416 1029 1447 et
1049 1407 1204 1458 animo,
1224 1416 1268 1447 et
1286 1421 1475 1461 corpore,
1495 1417 1539 1448 et

102 1462 198 1502 vita.
228 1462 413 1517 corporis
433 1471 572 1503 autem
604 1462 686 1502 alia
713 1463 927 1517 ponebant
946 1476 1035 1502 esse
1054 1464 1096 1503 in
1116 1472 1223 1514 toto,
1244 1463 1324 1503 alia
1343 1463 1384 1503 in
1406 1464 1536 1517 parti-

101 1517 195 1559 bus.
223 1517 510 1569 valitudinem,
538 1519 656 1568 vires,
688 1518 1028 1573 pulcritudinem,
1060 1518 1100 1559 in
1129 1528 1249 1559 toto:
1278 1519 1320 1559 in
1348 1520 1536 1573 partibus

102 1582 259 1625 autem,
280 1588 423 1615 sensus
443 1574 645 1630 integrOS,
665 1584 707 1615 et
724 1576 1009 1630 praestantiam
1030 1576 1213 1631 aliquam
1244 1576 1428 1630 partium
1451 1576 1534 1616 sin-

98 1630 294 1685 gularum
315 1647 324 1672 :
356 1638 404 1671 ut
419 1631 462 1671 in
480 1631 672 1687 pedibus,
693 1631 975 1673 celeritatem:
1006 1633 1105 1683 vim,
1124 1632 1166 1672 in
1196 1632 1415 1673 manibus:
1448 1632 1534 1673 cla·
1547 1642 1599 1673 20

100 1687 283 1738 ritatem,
311 1687 354 1728 in
380 1702 506 1728 voce:
538 1688 579 1729 in
605 1687 752 1744 lingua
782 1689 908 1729 etiam
930 1696 967 1725 47
987 1689 1253 1744 explanatam
1282 1703 1432 1729 vocum
1453 1689 1535 1730 im-

98 1743 368 1798 pressionem.
424 1744 572 1785 Animi
591 1754 747 1796 autem,
768 1760 862 1801 quae
887 1755 1025 1786 essent
1045 1745 1097 1786 ad
1120 1754 1158 1777 48
1174 1745 1533 1800 comprehenden-

99 1798 197 1840 dam
226 1800 402 1856 ingeniis
433 1801 628 1842 virtutem
660 1800 835 1844 idonea:
866 1816 997 1857 eaque
1027 1803 1079 1842 ab
1111 1802 1159 1843 iis
1187 1802 1228 1842 in
1258 1811 1468 1852 naturam,
1492 1812 1536 1845 et

97 1870 235 1898 mores
267 1856 570 1899 dividebantur.
627 1859 805 1899 Naturae
832 1858 1087 1900 celeritatem
1120 1858 1173 1899 ad
1202 1857 1463 1910 discendum,
1492 1868 1534 1900 et

98 1913 345 1954 memoriam
379 1913 562 1956 dabant:
603 1929 783 1970 quorum
820 1924 1061 1971 utrumque,
1097 1915 1248 1956 mentis
1287 1925 1396 1956 esset
1432 1930 1532 1971 pro-

98 1968 252 2023 prium,
282 1977 325 2010 et
353 1969 523 2025 ingenii.
581 1971 757 2012 Morum
788 1981 929 2012 autem
962 1972 1168 2027 putabant
1197 1971 1337 2012 studia
1365 1985 1468 2022 esse,
1489 1981 1533 2012 et

96 2025 215 2080 quasi
234 2026 602 2068 consuetudinem:
624 2042 750 2083 quam
769 2028 920 2083 partim
942 2028 1249 2070 exercitationis
1273 2027 1531 2080 assiduitate,

95 2081 249 2135 partim
279 2083 438 2123 ratione
468 2082 732 2135 formabant,
763 2085 805 2125 in
835 2085 987 2141 quibus
1017 2094 1106 2126 erat
1132 2084 1400 2140 philosophia
1426 2085 1571 2140 ipsa.p.
1589 2102 1639 2125 43.

96 2137 139 2178 in
176 2153 259 2193 qua
289 2139 403 2195 quod
438 2139 681 2181 inchoatum
718 2150 795 2192 est,
830 2155 965 2196 neque
999 2141 1256 2192 absolutum,
1291 2141 1530 2196 progressio
1542 2147 1571 2168 ὃ·

96 2194 290 2249 quaedam
311 2195 364 2236 ad
383 2197 575 2237 virtutem
602 2197 859 2251 appellatur:
893 2197 1007 2253 quod
1035 2207 1177 2239 autem
1208 2196 1467 2248 absolutum,
1487 2196 1531 2238 id

96 2259 161 2291 est
192 2251 336 2303 virtus,
365 2253 484 2308 quasi
508 2253 711 2308 perfectio
742 2262 916 2304 naturae,
939 2254 1214 2309 omniumque
1242 2268 1397 2305 rerum,
1427 2268 1530 2309 quas

96 2305 139 2347 in
173 2308 321 2349 animis
358 2319 535 2364 ponunt,
570 2324 654 2351 una
691 2324 756 2351 res
795 2310 970 2364 optima.
1008 2324 1110 2365 ergo
1147 2311 1240 2351 haec
1277 2310 1530 2350 animorum.

97 2362 137 2404 V
138 2362 208 2405 itae
234 2374 376 2407 autem
409 2365 467 2419 (id
494 2366 606 2407 enim
637 2376 726 2408 erat
755 2366 943 2420 tertium)
976 2365 1176 2422 adjuncta
1202 2380 1293 2407 esse
1320 2365 1589 2417 dicebant,21

138 2505 177 2529 45
194 2505 222 2528 et
237 2499 445 2542 quidfalsum]
463 2510 490 2532 et
513 2511 589 2543 puto
605 2504 790 2534 delendum.
833 2504 910 2533 forte
937 2513 954 2534 e
977 2503 1049 2534 loco
1073 2503 1140 2534 Cic.
1168 2503 1223 2534 Or.
1246 2503 1306 2533 111.
1330 2510 1381 2534 48.
1408 2503 1533 2533 defendi

96 2549 150 2580 pro
168 2542 240 2583 quid
259 2550 395 2584 repugnet
418 2546 585 2577 Manutius
609 2554 639 2577 et
663 2547 790 2577 Lambi-
832 2548 953 2585 poterit.
969 2556 999 2578 v.
1016 2547 1105 2577 Clav.
1151 2546 1190 2576 Et
1217 2547 1303 2585 quod
1326 2546 1408 2575 bene
1424 2546 1533 2585 impri-

97 2593 157 2614 nus
172 2584 281 2615 dedere
298 2593 469 2627 repugnans.
832 2590 942 2626 mitur,
965 2596 1001 2620 ut
1022 2589 1164 2629 sigillum
1186 2590 1218 2619 in
1239 2598 1320 2625 cera,
1345 2589 1375 2619 id
1399 2595 1429 2619 et
1451 2589 1533 2619 bene

138 2631 178 2656 46
192 2628 453 2672 constituebantque
467 2639 624 2661 extremum
648 2631 715 2670 esse]
735 2643 790 2662 esse
832 2633 1029 2672 exprimitur.

95 2668 274 2708 deleverim.
872 2682 912 2706 48
929 2675 1067 2715 compreh.
1092 2674 1215 2714 ingeniis
1230 2671 1389 2713 virtutem]
1408 2673 1532 2712 ingeniis

138 2718 175 2759 47
201 2713 278 2754 expl.
300 2726 402 2745 vocum
426 2715 647 2757 impressionem]
665 2718 698 2748 P.
715 2718 786 2747 Ma·
828 2725 1014 2757 suspectum
1037 2724 1084 2749 est
1104 2718 1177 2748 viris
1198 2718 1318 2748 doctis:
1343 2717 1419 2756 quia
1433 2717 1531 2747 virtus

97 2761 203 2784 nunus
227 2758 447 2797 corrigendum
474 2760 604 2799 putabat
633 2760 786 2799 expressio-
830 2770 895 2791 non
913 2762 1008 2791 modo
1032 2762 1064 2791 in
1088 2761 1215 2800 ingenio
1231 2768 1289 2798 est,
1304 2761 1357 2790 sed
1379 2760 1475 2790 etiam
1498 2759 1529 2788 in

95 2807 168 2833 mm,
192 2798 285 2838 idque
310 2808 339 2831 et
363 2803 395 2831 in
420 2803 498 2833 Mss.
522 2803 716 2841 quibusdam
741 2813 786 2833 re·
829 2804 892 2833 vita
922 2805 1077 2836 universa.
1130 2804 1278 2835 Davisius
1309 2803 1400 2834 uncis
1428 2801 1530 2833 inclu-

96 2845 219 2877 penum
248 2850 304 2873 est·
354 2844 436 2876 Sane
466 2846 589 2884 arridet,
617 2846 784 2886 vulgatum
829 2848 879 2877 sit.
