1778 3095
185 143 261 176 508
570 140 648 178 DE
676 139 935 180 NATURA
964 139 1233 181 DEORUM

120 251 172 293 74
185 252 266 287 tor.
298 245 432 302 quid?
464 254 513 288 ut
537 247 769 303 judicetur,
799 248 872 304 qui
902 249 1156 291 tabularium
1186 247 1431 291 incenderit.
1488 249 1621 295 Quod

185 302 349 344 facinus
369 303 606 346 occultius?
640 305 703 346 At
721 319 764 345 se
786 305 843 348 Q.
866 306 1025 357 Sosius,
1046 306 1292 362 splendidus
1313 320 1442 362 eques
1463 306 1621 348 Roma-

183 374 262 400 nus
282 367 332 401 e'x
353 375 457 416 agro
480 360 646 412 Piceno,
664 361 813 403 fecisse
830 363 1045 404 confessus
1061 372 1138 405 est.
1193 373 1210 395 ‘2
1223 363 1311 406 Qui
1332 364 1624 419 transscripse-

182 416 237 457 rit
258 417 421 458 tabulas
443 418 662 471 publicas?
697 418 746 459 Id
768 434 938 474 quoque
962 421 1010 460 L.
1030 419 1192 461 Alenus
1224 421 1336 471 fecit,
1357 434 1456 460 cum
1481 420 1623 460 chiro-

181 473 396 528 graphum
434 474 773 530 Sex-primorum
814 476 1000 516 imitatus
1037 486 1115 517 est.
1184 477 1301 533 Quid
1337 475 1419 517 hoc
1452 475 1624 517 homine

183 529 424 570 sollertius?
460 530 686 586 Cognosce
716 531 816 572 alias
848 531 1119 586 quaestiones,
1143 542 1160 564 ³
1175 533 1264 574 auri
1283 532 1498 583 Tolosani,
1519 547 1623 574 con-

175 584 404 641 jurationis
423 587 708 642 Jugurthinae.
768 589 927 642 Repete
957 588 1199 642 superiora:
1231 588 1388 631 Tubuli
1419 588 1472 629 de
1493 603 1622 644 pecu-

184 641 252 682 nia
281 651 405 698 capta
434 644 490 684 ob
525 658 612 684 rem
636 644 910 699 judicandam
932 660 941 684 z
973 645 1219 697 posteriora,
1241 645 1291 685 de
1312 646 1474 686 incestu
1495 659 1623 701 roga-

182 698 296 739 tione
333 699 561 740 Peducaea:
593 709 684 740 tum
720 700 811 740 haec
843 699 1102 755 quotidiana,
1130 702 1274 752 4sicae,
1305 701 1464 752 veneni,
1494 716 1625 757 pecu-

73 768 104 799 Ρ·
120 754 308 806 7⁵·latus,
344 764 694 796 testamentorum
732 756 859 796 etiam
895 765 910 787 ⁵
928 755 1024 810 lege
1053 771 1160 798 nova
1190 759 1457 813 quaestiones.
1519 758 1624 800 Inde

141 810 257 852 a‘illa
276 813 402 862 actio,
426 825 518 852 ope
553 825 903 853 CONSILIOQUE
929 825 1030 852 TUO
1058 827 1269 855 FURTUM
1297 828 1384 854 Alo
1411 828 1619 856 FACTUM

186 880 332 909 Esse:
365 867 461 908 inde
495 876 560 907 tot
584 868 748 924 judicia
778 868 830 909 de
864 868 944 909 fide
976 868 1101 920 mala,
1123 870 1283 920 tutelae,
1315 869 1517 920 mandati,
1546 885 1624 926 pro

184 924 316 974 socio,
337 923 502 964 fiduciae
522 940 530 964 :
562 923 737 980 reliqua,
761 940 853 980 quae
885 940 937 966 ex
966 935 1097 977 emto,
1120 935 1194 968 aut
1222 926 1407 976 vendito,
1429 936 1503 967 aut
1522 941 1625 969 con-

185 979 331 1030 ducto,
352 989 425 1021 aut
445 979 586 1021 locato
603 991 751 1022 contra
772 981 895 1022 fldem
918 981 1043 1023 fiunt:
1067 983 1164 1024 inde
1176 983 1386 1040 judicium
1406 982 1625 1038 publicum

182 1035 243 1076 rei
264 1037 434 1091 privatae
456 1036 553 1092 lege
573 1038 786 1079 Laetoria:
818 1037 914 1079 inde
945 1039 1219 1081 everriculum
1250 1039 1503 1080 malitiarum
1531 1054 1623 1080 orn-

184 1091 318 1143 nium,
343 1093 553 1149 judicium
576 1094 628 1135 de
649 1094 749 1135 dolo
772 1094 910 1135 malo:
943 1095 1058 1151 quod
1089 1096 1140 1137 C.
1162 1096 1388 1151 Aquillius,
1410 1095 1628 1137 familiaris

186 1157 344 1201 noster,
378 1150 584 1206 protulit3
620 1165 748 1207 quem
787 1151 932 1192 dolum
969 1151 1082 1193 idem
1118 1153 1332 1208 Aquillius
1367 1161 1458 1193 tum
1492 1151 1625 1193 teneri

120 1213 169 1253 75
184 1214 322 1260 putat,
343 1220 441 1248 cum
472 1207 587 1247 aliud
621 1207 675 1249 sit
707 1207 966 1258 simulatum,
987 1208 1102 1250 aliud
1132 1219 1290 1251 actum.
1350 1209 1474 1249 Hanc
1494 1208 1625 1264 igitur

184 1270 346 1303 tantam
377 1278 402 1303 a
432 1262 511 1304 diis
542 1263 855 1305 immortalibus
886 1264 1138 1307 arbitramur
1162 1266 1370 1307 malorum
1393 1275 1623 1306 sementem

184 1332 277 1359 esse
296 1319 452 1360 factam
472 1321 484 1359 ?
518 1319 563 1360 Si
581 1321 690 1361 enim
714 1320 922 1361 rationem
953 1320 1196 1363 hominibus
1216 1322 1274 1363 dii
1293 1321 1514 1372 dederunt,
1533 1335 1624 1362 ma-

182 1374 317 1416 litiam
339 1374 561 1417 dederunt.
593 1385 657 1418 est
687 1377 799 1418 enim
830 1377 1006 1428 malitia,
1026 1388 1190 1420 versuta
1219 1387 1262 1420 et
1291 1378 1416 1419 fallax
1445 1377 1625 1420 nocendi

181 1431 305 1472 ratio.
359 1438 376 1463 6
394 1431 527 1473 Iidem
559 1434 686 1475 etiam
719 1433 777 1474 dii
809 1434 1003 1475 fraudem
1031 1435 1250 1484 dederunt,
1269 1434 1445 1484 facinus,
1465 1443 1624 1476 cetera-

182 1502 280 1542 que,
302 1503 482 1544 quorum
515 1489 616 1531 nihil
640 1504 716 1531 nec
742 1490 896 1546 suscipi
929 1491 1018 1533 sine
1048 1492 1224 1544 ratione,
1245 1507 1323 1535 nec
1341 1491 1447 1533 effici
1468 1498 1622 1549 potest.

182 1545 359 1587 Utinam
381 1545 528 1601 igitur,
549 1556 599 1588 ut
617 1547 688 1590 illa
708 1561 811 1588 anus
831 1556 965 1603 optat,

414 1652 454 1675 nc
474 1640 508 1675 in
527 1653 652 1676 nemore
673 1641 764 1677 Pelio
783 1640 949 1677 securibus

291 1691 394 1728 Caesa
413 1692 576 1730 cecidisset
595 1693 742 1743 abiegna
759 1693 807 1729 ad
823 1703 947 1730 terram
967 1692 1078 1730 trabes
1095 1708 1107 1729 .-

181 1776 241 1817 sic
258 1777 385 1818 istam
406 1777 681 1819 calliditatem
701 1778 945 1819 hominibus
971 1778 1028 1819 dii
1059 1792 1111 1818 ne
1141 1776 1380 1818 dedissent!
1414 1791 1498 1833 qua
1523 1793 1622 1834 per-

179 1833 304 1888 pauci
325 1834 432 1874 bene
454 1843 657 1885 utuntur3
690 1835 762 1890 qui
796 1844 938 1875 tamen
967 1834 1046 1889 ipsi
1066 1848 1177 1889 saepe
1207 1849 1231 1874 a
1262 1833 1373 1874 male
1405 1836 1624 1878 utentibus

179 1890 503 1945 opprimuntur:
541 1891 867 1932 innumerabiles
908 1900 1051 1932 autem
1089 1890 1282 1945 improbe
1321 1899 1536 1933 utuntur:
1573 1901 1624 1935 ut

180 1946 341 1988 donum
363 1947 445 1988 hoc
468 1947 655 1988 divinum
677 1948 848 1988 rationis
879 1956 921 1987 et
951 1947 1130 1997 consilii,
1150 1946 1203 1987 ad
1222 1946 1415 1988 fraudem
1437 1947 1622 1991 homini-

181 2003 277 2053 bus,
304 2010 318 2040 7
337 2018 419 2045 non
438 2003 491 2045 ad
513 2005 748 2046 bonitatem
770 2004 1034 2059 impertitum
1056 2018 1146 2044 esse
1166 2003 1369 2045 videatur.

96 2061 164 2108 31
239 2059 323 2101 Sed
353 2061 515 2116 urgetis
545 2060 789 2111 identidem,
810 2061 1033 2101 hominum
1053 2074 1145 2101 esse
1165 2060 1289 2101 istam
1320 2060 1505 2117 culpam,
1536 2074 1622 2103 non

117 2128 170 2173 75
182 2115 359 2157 deorum
376 2148 388 2167 ,
419 2127 469 2158 ut
497 2117 530 2157 si
563 2116 750 2158 medicus
782 2118 1029 2172 gravitatem
1062 2117 1215 2165 morbi,
1244 2117 1506 2172 gubernator
1537 2117 1622 2160 vim

181 2174 443 2228 tempestatis
464 2185 647 2215 accuset.
677 2173 755 2215 etsi
788 2173 830 2214 hi
864 2173 1034 2229 quidem
1066 2173 1314 2214 homunculi
1331 2189 1343 2224 3
1375 2174 1449 2216 sed
1480 2182 1621 2215 tamen

178 2229 359 2271 ridiculi.
417 2231 524 2288 Quis
551 2231 663 2272 enim
695 2240 736 2272 te
765 2229 1043 2282 adhibuisset,
1064 2229 1213 2271 dixerit
1235 2230 1461 2286 quispiam,
1483 2230 1517 2272 si
1538 2229 1618 2271 ista

920 2389 1074 2419 Norbano
1086 2398 1116 2418 v.
1133 2389 1220 2419 Orat.
1238 2389 1281 2425 11,
1300 2393 1351 2422 47.

179 2394 215 2417 ut
235 2394 307 2418 ante
319 2389 360 2429 *in
386 2390 517 2420 theatro.
564 2389 689 2429 Vulgo:
715 2389 755 2419 ite
776 2400 877 2420 sessum

965 2439 983 2462 4
1000 2429 1358 2468 sicce—testamentorum]
1385 2430 1428 2460 Hi
1451 2436 1527 2460 sunt
1542 2431 1620 2460 meri

174 2437 287 2470 precor.

223 2480 240 2502 2
259 2473 317 2503 Qui
340 2474 567 2514 transscripserit
591 2474 668 2504 tabb.
689 2473 834 2514 publicas]
855 2476 874 2505 i.

179 2525 203 2545 e-
222 2516 350 2551 falsam,
368 2519 549 2556 corruperit.
573 2527 650 2548 nam
665 2519 876 2557 transscriptio

179 2559 383 2597 intelligenda
409 2567 466 2596 est,
494 2570 567 2598 quae
592 2561 647 2589 fiat
673 2561 711 2590 ad
735 2569 877 2590 corrum-

179 2603 334 2641 pendum.
379 2601 430 2632 Sic
447 2602 664 2641 transscriptum
679 2609 877 2631 testamentum

179 2645 293 2674 dicitur
315 2654 371 2683 pro
394 2645 542 2674 Cluentio
566 2654 594 2675 c.
612 2653 661 2675 24.
688 2646 809 2674 Graecia
832 2653 877 2674 et-

180 2689 244 2717 iam
269 2689 313 2717 sic
328 2688 539 2728 μεταγράφειν,
557 2689 641 2718 unde
669 2687 806 2718 latinum
832 2688 876 2717 fa-

179 2737 270 2760 ctum
286 2736 343 2760 est.

223 2780 240 2803 :3
266 2773 331 2802 auri
360 2772 502 2811 Tolosam]
532 2774 559 2802 A
589 2774 627 2803 Q.
654 2773 802 2812 Caepione
825 2782 879 2811 per

179 2816 300 2846 furtum
325 2826 343 2846 e
365 2815 485 2855 templo
499 2816 659 2846 Tolosano
683 2815 796 2845 ablati:
814 2826 879 2854 quo

179 2861 310 2890 nomine
335 2869 406 2890 reus
430 2861 531 2891 factus
546 2866 593 2890 est
615 2866 645 2889 et
666 2860 836 2889 damnatus
861 2869 879 2889 a

919 2475 1060 2513 genitivi.
1083 2484 1156 2512 ergo
1182 2480 1213 2503 et
1235 2473 1339 2503 veneni
1366 2483 1432 2503 esse
1456 2473 1559 2509 debet,
1584 2480 1620 2504 ut

920 2523 1001 2547 recte
1039 2527 1055 2547 e
1093 2518 1156 2546 Ms.
1188 2517 1264 2555 Reg.
1295 2517 1431 2556 reposuit
1460 2517 1619 2547 Davisius.

920 2560 1026 2598 Vulgo
1039 2565 1084 2588 est
1099 2570 1222 2588 venena.

965 2610 981 2632 5
1009 2601 1070 2641 lege
1092 2600 1184 2641 nova]
1214 2601 1348 2631 Pertinet
1369 2601 1407 2631 ad
1432 2608 1622 2632 testamenta

919 2644 1005 2674 sola:
1030 2652 1138 2674 contra
1160 2654 1300 2683 quorum
1326 2651 1535 2683 corruptores,
1556 2650 1620 2674 erat

921 2688 972 2717 lex
988 2687 1135 2717 Cornelia
1151 2688 1395 2717 testamentaria.
1420 2689 1506 2717 Verr.
1523 2688 1549 2723 1,
1568 2694 1619 2717 24.

964 2735 982 2760 6
998 2729 1089 2760 Iidem
1106 2730 1205 2769 etiam]
1226 2731 1276 2759 Sic
1294 2731 1372 2760 MSS.
1384 2729 1492 2760 Guelf.
1506 2737 1537 2759 et
1552 2729 1618 2767 alii,

921 2780 951 2803 et
967 2773 1037 2804 edd.
1053 2780 1128 2802 vett.
1146 2783 1210 2803 non
1228 2779 1263 2803 ut
1278 2773 1374 2812 vulgo
1390 2779 1495 2801 autem.

965 2821 979 2850 7
999 2827 1051 2844 non
1074 2816 1115 2844 ad
1135 2815 1300 2853 bonitatem]
1321 2816 1342 2846 1-
1360 2816 1398 2846 ad
1414 2815 1523 2847 fidem.
1540 2825 1617 2846 nam

921 2860 1091 2899 opponitur
1095 2859 1217 2900 fraudi.
1233 2869 1264 2890 v.
1280 2858 1369 2889 Clav.
