1778 3095
515 118 691 155 LIBER
729 117 1116 156 SINGULARIS.
1446 117 1520 156 611

106 234 191 266 non
220 224 352 279 possit
381 224 561 266 converti
591 224 632 264 in
662 224 828 265 falsum.
861 224 912 264 de
940 225 1110 265 homine
1135 222 1246 264 enim
1267 223 1431 275 dicitur,
1452 224 1521 265 cui

104 294 272 321 necesse
293 291 356 321 est
376 281 496 321 mori.
554 280 622 319 Sic
653 281 686 319 si
718 280 937 329 diceretur,
958 281 1166 321 Morietur
1190 288 1318 320 noctu
1339 280 1380 320 in
1401 281 1519 321 cubi·
1535 287 1581 319 18

103 337 200 377 culo
231 352 307 377 suo
339 337 477 391 Scipio
506 335 542 375 vi
573 349 821 390 oppressus·
812 366 822 385 ,
854 350 946 375 vere
975 336 1194 376 diceretur.
1226 335 1267 375 id
1292 336 1402 376 enim
1430 336 1520 376 fore

101 392 324 439 diceretur,
345 393 458 448 quod
479 401 588 432 esset
607 392 822 432 futurum:
854 391 1043 432 futurum
1064 400 1202 432 autem
1225 391 1366 442 fuisse,
1384 406 1432 432 ex
1453 406 1647 443 eo,p.144·

101 449 199 503 quia
220 449 374 490 factum
397 458 472 497 est,
492 448 671 500 11110111σὶ
691 448 829 488 debet.
860 462 935 487 nec
965 449 1100 502 magis
1122 458 1210 488 erat
1239 462 1394 498 verum,
1418 450 1560 489 Mo-a·

98 505 228 545 rietur
249 505 402 559 Scipio,
423 519 563 560 quam,
585 505 795 545 Morietur
811 504 883 544 illo
906 503 1063 544 modo:
1096 517 1171 543 nec
1193 503 1330 544 minus
1353 518 1520 544 necesse

99 562 207 601 mori
229 561 481 624 Scipionem,
502 576 626 616 quam
656 561 728 601 illo
751 561 879 600 modo
900 561 1035 600 mori.
1067 573 1142 599 nec
1164 560 1298 613 magis
1320 559 1521 600 immuta-

98 616 182 656 bile
209 632 258 656 ex
286 632 381 656 vero
412 618 453 657 in
486 618 651 681 falsum,
674 618 861 657 Necatus
881 625 944 656 est
964 617 1118 670 Scipio,
1141 630 1266 670 quam
1289 616 1522 657 Necabitur

99 672 262 736 Scipio:
294 688 384 723 nec,
406 688 503 714 cum
528 673 617 714 haec
637 674 695 714 ita
716 674 810 723 sint,
831 682 894 713 est
915 687 1053 722 causa,
1070 687 1144 712 cur
1166 672 1367 726 Epicurus
1387 673 1522 713 fatum

97 729 355 779 extimescat,
377 739 420 769 et
448 731 500 770 ab
528 731 676 770 atomis
702 738 816 794 pmetat
836 728 1092 784 praesidium,
1113 742 1266 782 easque
1289 727 1340 767 de
1362 728 1426 768 via
1446 728 1521 769 de-

97 783 235 834 ducat,
253 794 295 825 et
314 801 398 826 uno
419 795 609 841 tempore
627 786 824 840 suscipiat
844 800 907 826 res
927 785 1030 826 duas
1051 784 1357 834 inenodabile53
1379 799 1522 848 unam,

96 849 144 881 ut
169 841 256 881 sine
287 857 411 882 causa
440 843 509 883 fiat
535 843 707 907 aliquid,
728 858 777 882 ex
799 857 884 897 quo
904 842 1087 891 exsistet,
1108 852 1154 881 ut
1175 841 1225 881 de
1246 840 1377 880 nihilo
1398 841 1522 896 quip-

95 897 207 951 piam
231 898 313 948 fiat,
335 899 449 953 quod
480 913 553 939 nec
580 900 619 953 ip
606 900 669 947 si,
692 913 765 938 nec
795 913 991 962 cuiquam
1021 897 1199 953 physico
1221 897 1383 951 placet3
1416 897 1521 938 alte-

94 967 198 1003 ram,
217 964 277 1004 ut,
296 969 390 995 cum
408 955 492 995 duo
511 955 718 995 individua
733 969 805 1010 per
825 955 1064 995 inanitatem
1087 954 1285 1003 ferantur,
1303 953 1478 994 alterum
1498 968 1521 994 e

93 1010 264 1064 regione
298 1022 524 1061 moveatur,
556 1011 732 1052 alterum
770 1011 963 1051 declinet.
1025 1011 1144 1051 Licet
1177 1010 1287 1049 enim
1322 1010 1518 1064 Epicuro,
1535 1020 1582 1060 19

92 1066 352 1118 concedenti,
369 1082 493 1108 omne
509 1069 768 1109 enuntiatum
792 1077 863 1108 aut
880 1082 1036 1117 verum,
1051 1076 1122 1107 aut
1142 1066 1293 1106 falsum
1312 1081 1415 1116 esse,
1436 1081 1520 1107 non

93 1123 236 1173 vereri,
257 1138 305 1163 ne
327 1124 468 1164 onmia
487 1125 573 1165 fato
598 1125 680 1165 fieri
705 1124 757 1164 sit
779 1138 970 1164 necesse:
998 1138 1081 1163 non
1103 1122 1214 1162 enim
1236 1122 1398 1162 aeternis
1419 1137 1518 1163 cau-

93 1178 161 1227 sis,
188 1190 345 1220 naturae
378 1181 621 1221 necessitate
652 1180 932 1230 manantibus,
964 1194 1105 1220 verum
1137 1188 1202 1219 est
1230 1178 1286 1227 id,
1318 1179 1432 1232 quod
1463 1179 1522 1219 ita

93 1236 333 1276 enuntiatur
353 1254 361 1277 :
385 1237 616 1277 Descendit
638 1238 679 1277 in
700 1237 973 1278 Academiam
995 1235 1232 1276 Carneades
1250 1252 1258 1275 :
1283 1249 1358 1275 nec
1378 1244 1519 1276 tamen

93 1291 180 1332 sine
208 1293 342 1333 causis
361 1310 370 1333 ε
402 1293 474 1334 sed
504 1294 674 1334 interest
694 1295 800 1334 inter
821 1308 965 1333 causas
986 1292 1160 1332 fortuito
1181 1300 1456 1346 antegressas,
1477 1302 1520 1332 et

91 1347 199 1388 inter
229 1363 374 1390 causas
402 1350 647 1391 cohibentes
667 1351 706 1391 in
730 1365 773 1391 se
795 1350 1055 1391 efficientiam
1087 1347 1333 1389 naturalem.
1396 1348 1459 1388 Ita
1477 1358 1520 1388 et

92 1418 258 1459 semper
278 1420 419 1447 verum
441 1406 534 1455 fuit,
556 1407 766 1447 Morietur
787 1407 1007 1461 EpicurUS,
1031 1420 1125 1446 cum
1161 1404 1246 1444 duo
1278 1412 1320 1444 et
1352 1413 1518 1458 septua-

90 1461 211 1514 ginta
240 1476 370 1503 annos
404 1462 574 1513 vixerit,
601 1472 638 1495 ‘22
660 1463 877 1504 Archonte
915 1462 1172 1517 Pytharat03
1208 1474 1342 1523 neque
1378 1469 1518 1501 tamen

91 1526 208 1557 erant
235 1532 370 1558 causae
400 1519 561 1569 fatales,
594 1534 668 1560 cur
698 1520 756 1560 ita
788 1518 1024 1559 accideret:
1057 1518 1143 1566 sed,
1175 1517 1290 1572 quod
1319 1517 1378 1556 ita
1408 1518 1519 1557 ceci-

90 1572 234 1622 disset,
254 1583 364 1615 certe
386 1590 595 1626 casurum,
617 1577 725 1616 sicut
750 1575 914 1624 cecidit,
936 1575 1029 1615 fuit.
1088 1576 1182 1614 Nec
1212 1588 1253 1623 11,
1273 1573 1345 1628 qui
1373 1572 1517 1614 dicunt
1530 1585 1583 1616 20

89 1629 368 1670 immutabilia
395 1646 499 1680 esse,
521 1646 613 1686 quae
636 1634 777 1673 futura
798 1633 892 1680 sint,
913 1645 986 1671 nec
1016 1645 1139 1685 posse
1164 1644 1304 1669 verum
1328 1629 1518 1669 futurum

89 1687 273 1726 converti
304 1687 344 1726 111
374 1687 539 1737 falsum,
561 1688 634 1729 fati
664 1689 953 1728 necessitatem
978 1687 1241 1734 confirmant,
1271 1685 1342 1725 sed
1374 1686 1520 1725 verbo-

89 1756 184 1782 rum
218 1743 296 1782 vim
324 1744 660 1807 interpretantur.
720 1745 794 1794 At,
816 1745 886 1798 qui
916 1743 1187 1783 introducunt
1213 1757 1432 1782 causarum
1456 1756 1520 1782 se-

88 1798 191 1838 riem
213 1799 525 1862 sempiternam,
547 1800 574 1839 ii
599 1810 783 1841 mentem
811 1800 991 1840 hominis
1021 1799 1235 1839 voluntate
1264 1798 1393 1838 libera
1419 1812 1517 1851 spo-

88 1853 247 1904 liatam,
270 1856 514 1896 necessitate
534 1856 607 1896 fati
631 1856 884 1897 devinciunt.
935 1855 1019 1895 Sed
1040 1855 1129 1895 haec
1152 1855 1368 1895 hactenus.
1419 1854 1518 1894 Alia
1538 1849 1602 1896 10

87 1910 313 1951 videamus.

147 1967 375 2009 Concludit
402 1969 511 2009 enim
543 1968 806 2032 Chrysippus
835 1969 916 2009 hoc
946 1968 1090 2018 modo,
1113 1968 1157 2008 Si
1182 1977 1246 2007 est
1268 1976 1408 2007 motus
1430 1966 1518 2006 sine

87 2037 226 2074 causa,
248 2039 330 2065 non
351 2026 486 2065 omnis
507 2026 753 2075 enuntiatio,
772 2041 815 2080 q
803 2025 885 2066 uod
901 2024 1045 2076 ἀξίωμα
1063 2024 1268 2064 dialectici
1289 2023 1515 2077 appellant,

87 2088 160 2121 aut
181 2096 287 2130 1013,
309 2092 381 2122 aut
402 2082 505 2122 falsa
524 2081 614 2122 erit.
646 2096 791 2122 causas
820 2082 930 2122 enim
952 2081 1176 2122 efficientes
1199 2079 1311 2134 quod
1336 2093 1419 2119 non
1439 2078 1559 2118 ha-b.

86 2137 216 2189 bebst,
237 2137 280 2178 id
300 2152 375 2178 nec
395 2154 552 2188 verum,
572 2153 647 2179 nec
669 2138 818 2179 falsum
837 2138 928 2178 erit.
950 2137 1086 2178 omnis
1105 2146 1243 2177 autem
1267 2135 1513 2186 enuntiatio,

86 2202 160 2234 aut
176 2209 269 2234 vera
285 2203 358 2235 aut
375 2195 477 2235 falsa
491 2204 567 2236 est.
589 2203 730 2235 motus
748 2209 851 2250 ergo
873 2195 959 2235 sine
976 2208 1101 2234 causa
1120 2193 1258 2233 nullus
1275 2202 1350 2232 est
1383 2190 1513 2233 Quod
1526 2201 1573 2232 21

85 2250 120 2290 si
142 2250 200 2291 ita
219 2259 295 2301 est,
316 2251 470 2301 omnia,
493 2266 585 2307 quae
608 2251 726 2301 fiunt,
746 2259 879 2291 causis
901 2251 1005 2290 fiunt
1025 2249 1289 2303 antegressis.
1321 2248 1362 2288 id
1392 2248 1425 2288 si
1456 2247 1515 2288 ita

86 2315 163 2356 est,
185 2307 326 2348 omnia
353 2308 440 2348 fato
471 2308 588 2349 fiunt.
620 2282 796 2348 efficitur
826 2307 970 2362 igitur,
992 2307 1080 2347 fato
1112 2306 1212 2355 fieri,
1234 2318 1514 2360 quaecumque

88 2362 200 2403 fiant.
257 2363 342 2404 Hic
376 2364 558 2429 primum
590 2364 624 2404 si
657 2364 759 2404 mihi
787 2363 916 2404 libeat
944 2363 1134 2403 assentiri
1156 2362 1355 2417 Epicuro,
1377 2371 1420 2401 et
1440 2374 1513 2400 ne-

85 2433 188 2473 gare
208 2433 376 2461 omnem
399 2421 729 2461 enuntiationem
751 2430 823 2461 aut
843 2434 977 2460 veram
1001 2434 1104 2469 esse,
1127 2428 1199 2459 aut
1220 2418 1397 2458 falsam:
1420 2430 1513 2456 eam

84 2475 255 2530 plagam
283 2477 421 2530 potius
449 2477 666 2532 accipiam,
687 2491 813 2532 quam
836 2476 923 2517 fato
943 2476 1085 2516 omnia
1108 2475 1192 2515 fieri
1221 2473 1512 2528 comprobem.

84 2530 157 2572 illa
177 2531 289 2572 enim
313 2533 515 2575 sententia
540 2534 699 2590 aliquid
718 2533 846 2574 habet
864 2533 1174 2588 disputationiS,
1197 2531 1286 2571 haec
1308 2544 1405 2570 vero
1427 2544 1511 2569 non

85 2662 182 2691 etiam
206 2660 313 2691 Guelf.
337 2661 399 2691 fere
422 2669 452 2692 et
474 2664 506 2692 in
528 2673 572 2693 m.
596 2664 645 2692 ed.
663 2663 774 2692 Lamb
863 2670 902 2692 22
926 2661 1069 2691 Archonte
1093 2659 1264 2701 Pytharato]
1292 2658 1379 2688 Edidi
1405 2656 1513 2696 Pytha

87 2704 205 2734 habent
221 2712 396 2739 convertere,
408 2706 492 2744 quod
506 2712 537 2735 et
551 2706 666 2745 recepit
681 2705 776 2735 Davi·
820 2712 882 2733 rato
913 2715 967 2744 pro
998 2704 1162 2738 Pitharrto,
1189 2703 1262 2740 quia
1292 2702 1335 2730 sic
1360 2708 1404 2729 est
1431 2700 1514 2737 apud

86 2747 164 2777 sius.
215 2747 297 2777 Sane
320 2754 482 2776 convertere
505 2748 618 2779 dicitur
641 2757 694 2787 pro
716 2758 778 2777 con·
821 2748 999 2785 Diogenem
1018 2747 1116 2776 Laert
1134 2746 1175 2779 X,
1193 2752 1241 2774 15
1258 2750 1287 2772 et
1304 2744 1335 2772 in
1352 2751 1452 2772 numo
1468 2751 1515 2770 ar-

88 2789 180 2825 verri,
198 2789 298 2822 intell.
313 2801 350 2820 se.
366 2791 420 2821 sed
437 2790 469 2821 h
486 2789 506 2821 l.
526 2800 591 2821 non
606 2798 717 2832 aptum
733 2790 779 2819 11·
821 2797 946 2827 gemm,
964 2791 1040 2818 item
1056 2789 1088 2818 in
1106 2789 1171 2817 edd.
1189 2792 1263 2815 ν.011
1279 2785 1514 2815 utVen.1494.

87 2832 189 2863 detur.
823 2831 954 2861 Medio).
969 2832 1044 2861 Asc.

796 2885 900 2913 er
