1778 3095
542 149 726 189 LIBER
765 146 1101 188 SECUNDUS.
1472 151 1548 184 483

118 263 206 298 tam
227 257 326 300 licet
347 257 508 309 animis,
527 265 746 312 tamquam
772 255 920 304 oculis,
951 255 1128 296 lustrare
1148 260 1317 300 terram,
1339 251 1553 307 mariaque

119 314 292 356 omnia?
337 329 480 356 cernes
503 313 594 369 jam
631 313 764 368 spatia
792 311 1007 366 frugifera,
1042 322 1174 366 atque
1199 309 1404 349 immensa
1438 323 1553 348 cam-

116 384 285 425 porum,
315 371 569 425 vestitusque
599 368 867 409 densissimos
900 367 1124 416 montium,
1152 364 1366 420 pecudum
1394 373 1551 418 pastus,

119 435 212 467 tum
233 426 464 468 incredibili
483 440 628 466 cursus
649 424 883 466 maritimos
911 423 1138 464 celeritate.
1198 423 1291 461 Nec
1314 434 1409 460 vero
1431 434 1554 474 supra
1569 419 1640 455 162

117 492 288 534 terram,
309 484 380 525 sed
402 483 528 523 etiam
550 483 591 522 in
612 482 769 523 intimis
791 481 881 537 ejus
911 479 1091 521 tenebris
1121 477 1392 532 plurimarum
1415 490 1553 516 rerum

118 537 223 581 latet
253 541 424 589 utilitaS,
455 554 550 594 quae
588 539 639 580 ad
674 553 798 579 usum
836 536 1057 578 hominum
1091 544 1196 584 orta,
1227 533 1280 574 ab
1310 532 1554 574 hominibus

120 596 222 637 solis
243 596 460 637 invenitur.

180 652 292 693 Illud
330 666 443 702 vero,
482 652 598 707 quod
637 659 814 707 uterque
851 659 1034 692 vestrum
1080 648 1257 689 fortasse
1296 645 1463 700 arripiet
1504 645 1556 686 ad
1569 634 1639 689 65

120 708 513 763 reprehendendum
532 726 541 749 ς
576 708 720 758 Cotta,
742 709 840 763 quia
862 705 1099 748 Carneades
1128 704 1306 744 libenter
1326 703 1366 743 in
1390 702 1557 742 Stoicos

119 764 416 806 invehebatur:
447 765 650 816 Velleius,
671 766 768 820 quia
788 765 891 805 nihil
910 774 996 805 tani
1024 761 1166 803 irridet
1188 760 1410 816 Epicurus,
1432 773 1559 814 quam

119 821 437 875 praedictionem
473 836 611 863 rerum
646 823 905 862 futurarum:
950 820 1054 860 mihi
1089 818 1252 859 videtur
1283 816 1346 857 vel
1376 815 1558 856 maxime

119 877 382 929 confirmare,
405 878 580 920 deorum
603 878 865 934 providentia
883 877 1047 918 consuli
1067 876 1190 916 rebus
1215 873 1425 915 humanis.
1483 872 1561 912 Est

120 933 233 974 enim
255 937 447 989 profecto
469 935 681 985 divinatio,
703 949 796 989 quae
818 933 963 974 multis
984 932 1102 982 locis,
1130 932 1269 981 rebus,
1297 928 1558 985 temporibus

122 1001 310 1046 apparet,
340 1001 432 1032 tum
467 991 508 1031 in
540 991 721 1046 privatiS,
755 1000 846 1031 tum
881 990 1063 1030 maxime
1092 988 1135 1028 in
1165 987 1359 1042 publicis.
1418 986 1560 1027 Multa
1574 982 1644 1020 163

122 1058 300 1088 cernunt
319 1047 586 1102 haruspices:
618 1055 654 1084 87
669 1047 804 1088 multa
824 1061 1005 1102 augures
1033 1045 1278 1101 provident:
1310 1043 1446 1084 multa
1465 1047 1599 1083 ora-P·
1615 1043 1666 1068 ⁵9·

123 1103 228 1144 culis
245 1103 524 1155 declarantur,
541 1104 677 1145 multa
693 1103 1071 1150 vaticinationibus,
1089 1100 1224 1142 multa
1243 1100 1430 1151 somniis,
1448 1090 1598 1139 mul-a'

123 1167 168 1200 ta
198 1161 429 1215 portentis:
462 1161 614 1216 quibus
643 1161 840 1216 cognitis,
872 1168 910 1192 88
925 1159 1071 1201 multae
1102 1172 1212 1213 saepe
1244 1171 1308 1197 res
1337 1156 1559 1197 hominum

122 1217 328 1257 sententia
348 1226 475 1273 atque
492 1218 674 1259 utilitate
696 1228 841 1272 partae,
871 1217 1007 1258 multa
1033 1215 1160 1256 etiarn
1182 1213 1370 1269 pericula
1388 1212 1565 1267 depulsa

126 1282 236 1314 sunt.
296 1275 405 1314 Haec
424 1275 554 1329 igitur
574 1275 657 1315 sive
675 1274 750 1324 vis,
771 1275 854 1314 sive
873 1289 953 1323 ars,
975 1273 1058 1313 sive
1087 1281 1249 1322 natura,
1269 1270 1323 1310 ad
1343 1269 1565 1311 scientiam

124 1343 267 1370 rerum
298 1331 534 1371 futurarum
569 1330 732 1372 homini
760 1331 951 1386 profecto
986 1337 1062 1370 est.
1096 1336 1134 1362 89
1150 1342 1225 1368 nec
1255 1326 1509 1382 alicuiquam
1540 1340 1566 1367 a.

126 1385 207 1426 diis
228 1387 534 1428 immortalibus
555 1388 667 1428 data.
689 1403 782 1443 quae
804 1387 837 1428 si
857 1386 1023 1442 singula
1042 1400 1114 1426 vos
1142 1384 1252 1425 forte
1276 1398 1360 1424 non
1379 1391 1564 1433 movent,

126 1442 316 1484 universa
334 1453 448 1485 certe
463 1453 605 1485 tamen
618 1444 727 1486 inter
743 1459 786 1485 se
804 1458 993 1485 connexa
1007 1450 1133 1498 atque
1147 1439 1376 1497 conjuncta
1396 1453 1566 1481 movere

126 1498 356 1542 debebunt.

184 1556 279 1596 Nec
314 1572 410 1598 vero
448 1557 641 1600 universo
678 1559 824 1614 generi
863 1556 1086 1598 hominum
1126 1556 1279 1605 solum,
1321 1554 1395 1596 sed
1436 1553 1564 1595 etiam
1581 1548 1655 1586 164

128 1611 306 1667 singulis
327 1628 352 1654 a
370 1614 448 1655 diis
469 1615 778 1656 immortalibus
801 1614 978 1663 consuli,
1000 1622 1042 1654 et
1061 1612 1270 1669 provideri
1292 1612 1413 1652 solet.
1444 1611 1568 1651 Licet

128 1668 240 1709 enim
261 1670 511 1712 contrahere
531 1672 842 1713 universitatem
865 1671 1031 1726 generis
1059 1670 1249 1719 humani,
1269 1682 1448 1723 eamque
1468 1681 1566 1722 gra-

128 1724 262 1767 datim
282 1727 336 1767 ad
356 1728 590 1782 pauciores,
619 1728 1072 1784 postremo-deducere
1102 1726 1154 1767 ad
1188 1724 1392 1780 singulos.
1451 1725 1566 1764 Nam
1582 1716 1652 1771 66

129 1781 165 1822 si
190 1784 386 1824 omnibus
415 1784 672 1836 hominibus,
699 1785 771 1841 qui
802 1785 960 1840 ubique
989 1792 1101 1836 sunt,
1132 1795 1399 1838 quacumque
1426 1780 1468 1822 in
1495 1794 1571 1822 ora

130 1852 180 1878 ac
202 1850 320 1894 parte
339 1848 559 1892 terrarum,
591 1843 643 1882 ab
674 1841 851 1898 hujusce
886 1851 1023 1891 terrae,
1061 1854 1188 1895 quam
1220 1853 1295 1880 nos
1328 1837 1569 1887 incolimus,

132 1895 450 1938 continuatione
486 1898 747 1949 distantium,
780 1898 882 1938 deos
918 1896 1135 1938 consulere
1164 1909 1384 1937 censemus
1415 1895 1471 1935 ob
1502 1908 1571 1934 eas

131 1965 293 2003 causas,
316 1968 418 2009 quas
440 1964 537 1995 ante
556 1954 736 1996 diximus
755 1971 764 1995 :
795 1954 859 1995 his
880 1968 1049 2009 quoque
1066 1952 1307 1993 hominibus
1327 1950 1572 2001 consulunt,

133 2007 302 2063 quibas
332 2010 553 2052 nobiscum
588 2020 719 2052 terras
751 2012 803 2052 ab
837 2011 998 2051 oriente
1030 2009 1083 2051 ad
1116 2008 1380 2051 occidentem
1411 2007 1570 2048 colunt.

134 2064 209 2105 Sin
230 2074 373 2107 autem
403 2066 467 2108 his
497 2067 738 2118 consulunt,
772 2068 844 2123 qui
878 2068 997 2123 quasi
1031 2081 1231 2122 magnam
1265 2064 1476 2122 quandam
1506 2064 1570 2104 in-
1588 2066 1659 2104 165

135 2121 270 2162 sulam
292 2122 497 2175 incolunt,
520 2139 647 2180 quam
668 2139 745 2165 nos
766 2124 912 2165 orbem
933 2133 1054 2165 terrae
1084 2137 1311 2164 vocamus:
1341 2121 1470 2163 etiam
1491 2120 1572 2161 illis

134 2178 377 2231 consulunt,
399 2182 472 2236 qui
498 2190 638 2236 partes
669 2181 760 2237 ejus
791 2180 938 2221 insulae
967 2189 1127 2231 tenent,
1157 2181 1388 2234 Europam,
1409 2177 1574 2227 Asiam,

134 2234 341 2277 Africam.
372 2238 489 2293 Ergo
506 2246 550 2280 et
565 2252 708 2279 earum
726 2246 865 2294 partes
879 2237 1078 2293 diligunt,
1094 2245 1142 2277 ut
1156 2237 1352 2286 Romam,
1367 2234 1577 2284 Athenas,

181 2374 219 2404 87
244 2367 337 2398 multa
365 2381 488 2410 augures
515 2368 687 2412 provident]
720 2369 792 2401 Hoc
817 2381 835 2402 e

138 2412 218 2443 Mss.
235 2413 352 2443 addidit
366 2414 447 2444 bene
470 2415 632 2451 Davisius,
652 2415 835 2454 habentque

140 2462 172 2485 et
194 2456 265 2485 edd.
287 2463 419 2495 veteres,
447 2464 484 2488 ut
510 2459 642 2488 Mediol.
665 2459 739 2488 Asc.
763 2458 835 2488 Ald.

140 2499 201 2528 &a
229 2499 346 2530 excidit
373 2501 406 2530 in
429 2501 596 2531 nonnullis
619 2501 714 2541 culpa
729 2511 837 2541 opera-

142 2549 228 2570 rum.

186 2589 225 2613 88
249 2583 351 2613 multae
373 2592 447 2624 saepe
470 2598 512 2616 res
534 2586 677 2617 hominum
697 2586 840 2616 sententia

144 2626 220 2665 δῖα]
247 2626 326 2656 Haec
349 2637 479 2659 sensum
503 2640 569 2660 non
592 2631 725 2666 habent,
749 2637 841 2660 sunt·

142 2678 206 2708 que
229 2670 299 2699 sine
321 2670 419 2700 dubio
441 2673 562 2704 vitiosa.
585 2673 611 2703 si
634 2673 787 2703 addideris
806 2683 843 2701 ex

142 2719 213 2751 post
243 2723 298 2749 res,
324 2719 360 2742 ut
385 2713 505 2753 placuit
533 2716 704 2754 Lambino‚
730 2724 842 2746 sensus

144 2756 338 2786 commodus
354 2757 422 2786 erit.

190 2805 229 2831 89
251 2809 303 2828 nec
317 2798 496 2841 alicuiquam
518 2812 537 2829 a
559 2800 589 2831 d.
612 2801 634 2831 i.
657 2799 742 2840 data]
762 2801 843 2831 Haec

147 2839 240 2872 tectio
262 2848 309 2872 est
331 2851 350 2872 a
370 2843 437 2873 Jac.
462 2843 634 2881 Gronovio,
657 2846 711 2875 sed
729 2854 746 2874 e
762 2844 842 2875 Mss.

147 2884 219 2916 edd.
247 2891 324 2918 vett.
348 2885 480 2931 habent,
512 2896 562 2917 nec
587 2887 624 2916 ab
649 2887 708 2917 alio
733 2886 843 2930 aliquo,

878 2382 967 2413 quam
988 2371 1048 2401 διε.
1073 2369 1124 2400 vei
1147 2369 1184 2399 ab
1208 2368 1266 2399 alio
1292 2367 1394 2405 alicui,
1419 2376 1518 2410 quam,
1542 2373 1580 2397 ut

879 2421 910 2444 et
925 2415 1004 2444 Mss.
1022 2414 1154 2443 habent.
1199 2413 1260 2442 Sed
1276 2412 1329 2441 hic
1345 2421 1410 2441 non
1427 2411 1580 2450 quaeritur

879 2458 966 2488 unde
996 2458 1096 2486 homo
1125 2455 1292 2495 acceperit,
1323 2455 1377 2484 sed
1409 2455 1581 2485 hominem

880 2500 988 2530 solum
1000 2501 1167 2539 accepisse.
1180 2500 1286 2538 itaque
1299 2499 1390 2528 eredo
1405 2497 1581 2535 legendum

883 2553 962 2580 esse,
980 2554 1029 2572 nec
1044 2543 1134 2572 alicui
1155 2542 1191 2571 ab
1213 2542 1243 2571 d.
1268 2541 1289 2571 ἱ.
1312 2541 1340 2571 d.
1364 2548 1466 2571 cetera
1481 2549 1546 2570 esse
1562 2549 1581 2569 a

883 2586 1120 2625 glossatoribus,
1136 2586 1192 2625 qui
1208 2594 1291 2623 saepe
1313 2585 1346 2613 in
1362 2584 1457 2614 verbo
1473 2582 1582 2624 aliquis

885 2631 1016 2666 haesere,
1038 2638 1116 2659 cum
1140 2638 1196 2668 pro
1218 2627 1300 2657 alius
1323 2628 1395 2666 quis
1416 2628 1581 2657 diceretur.

885 2672 1064 2714 alicuiquam
1083 2673 1210 2706 ,factum
1233 2671 1356 2701 videtur
1378 2680 1418 2700 ex
1441 2669 1496 2697 alii
1523 2668 1584 2697 cui-

886 2727 986 2757 quam,
1009 2717 1064 2746 sed
1086 2716 1149 2745 hoc
1172 2723 1300 2754 quoque
1324 2723 1389 2743 non
1413 2719 1458 2742 est
1474 2721 1490 2740 e
1506 2721 1582 2741 con-

885 2759 1054 2789 suetudine
1068 2757 1176 2788 latina.
1190 2758 1231 2787 ita
1243 2757 1416 2786 commoda
1430 2754 1585 2785 sententia

887 2802 1004 2838 existit,
1033 2808 1144 2841 estque
1166 2801 1290 2830 dictum
1316 2809 1372 2838 pro
1392 2807 1451 2828 nec
1476 2796 1584 2832 alicui,

886 2844 919 2873 id
943 2851 1000 2879 est,
1031 2844 1083 2874 alii
1108 2844 1251 2880 cuidam,
1280 2842 1331 2872 vel
1361 2842 1525 2880 cuiquam.
1555 2847 1585 2867 v.

886 2886 996 2935 Clavis
1012 2887 1044 2918 in
1061 2885 1181 2929 aliquis.

893 2940 909 2967 1
930 2943 944 2970 1
963 2940 986 2971 2
