1778 3095
562 143 742 181 LIBER
775 139 1079 180 QUINTUS.
1448 139 1525 182 395

103 250 259 293 ibidem
281 254 360 308 est]
388 259 590 294 aeternum
612 251 716 292 nihil
732 249 924 291 sentienti
946 247 1274 303 receptaculum.
1330 247 1530 290 Theodo-

104 323 173 349 rus
210 309 464 365 Lysimacho
499 316 679 348 mortem
713 306 950 347 minitanti:
993 306 1202 360 Blagnum
1238 318 1343 353 vere,
1377 304 1526 359 inquit,

105 364 292 419 effecisti,
311 365 347 405 si
367 363 614 406 cantharidis
642 363 724 404 vim
756 369 983 403 consecutus
1003 376 1056 402 es.
1118 359 1269 401 Paulus
1301 360 1433 399 Persae
1453 360 1525 401 de·
1542 378 1614 409 118

104 422 304 475 precanti,
326 436 375 461 ne
396 421 437 461 in
458 419 673 475 triumpho
696 419 918 460 duceretur
936 435 945 459 :
978 426 1016 455 78
1031 418 1079 458 In
1100 424 1171 457 tua
1198 416 1239 456 id
1267 414 1426 471 quidem
1455 425 1525 470 po-

107 484 252 518 testate
270 485 342 517 est.
400 477 544 517 Multa
570 477 706 531 primo
736 475 818 525 die,
840 490 936 517 cum
968 474 1019 514 de
1049 474 1139 529 ipsa
1163 482 1300 513 morte
1321 486 1528 527 quaerere—

106 548 226 574 mus:
259 548 339 573 non
377 547 509 587 pauca
544 533 671 574 etiam
704 541 888 587 postero,
921 546 1019 572 cum
1052 539 1246 585 ageretur
1280 528 1331 568 de
1369 528 1529 578 dolore,

106 598 203 630 suut
221 589 332 630 dicta
351 589 401 629 de
423 599 559 630 morte
578 606 587 628 t
619 604 712 644 quae
733 589 805 644 qui
825 587 1081 637 recordetur,
1103 585 1217 626 haud
1247 599 1343 625 sane
1365 584 1530 639 pericu-

105 644 194 686 lum
214 655 290 696 est,
313 659 363 685 ne
383 660 466 686 non
488 655 668 686 mortem
690 654 762 685 aut
783 644 1024 699 optandam,
1046 652 1118 683 aut
1139 651 1251 682 certe
1273 655 1353 681 non
1377 642 1529 681 timen-

105 701 203 741 dam
220 711 354 756 putet.
413 702 526 742 Mihi
546 702 716 757 quidem
734 702 776 741 in
798 701 892 751 vita,
911 699 1109 741 servanda
1128 698 1292 738 videtur
1311 698 1380 738 illa
1400 705 1414 733 7
1421 697 1529 747 9lex,
1543 704 1607 750 41

105 773 199 813 quae
221 758 262 797 in
285 758 532 799 Graecorum
553 758 747 798 conviviis
768 758 983 798 obtinetur
995 772 1007 807 3
1038 757 1127 796 Aut
1147 753 1270 805 bibat,
1289 753 1438 810 inquit,
1459 759 1531 793 aut

103 813 235 854 abeat.
293 815 347 854 Et
365 824 490 855 recte.
548 816 639 855 Aut
659 815 771 855 enim
790 815 952 855 fruatur
981 812 1131 868 aliquis
1151 812 1305 866 pariter
1324 825 1419 853 cum
1442 810 1532 850 aliis

102 870 317 924 voluptate
348 871 549 925 potandi:
581 880 666 921 aut,
688 885 739 911 ne
770 870 933 910 sobrius
965 870 1006 910 in
1034 868 1270 909 violentiam
1298 867 1531 908 vinolento-

104 940 197 966 rum
231 926 400 978 incidat,
421 938 517 969 ante
548 927 756 968 discedat:
789 926 847 967 sic
879 926 1050 982 injurias
1080 926 1275 975 fortunae,
1297 939 1399 979 quas
1425 924 1534 964 ferre

104 996 301 1037 nequeas,
324 983 580 1038 defugiendo
600 983 824 1038 relinquas.
885 983 992 1023 Haec
1013 981 1175 1031 eadem,
1197 996 1290 1036 quae
1312 981 1532 1036 Epicurus,

104 1039 282 1079 totidem
307 1040 440 1081 verbis
462 1041 564 1081 dicit
582 1049 624 1081 et
646 1040 949 1096 Hieronymus.

158 1096 288 1151 Quod
308 1096 341 1136 si
366 1096 395 1136 ii
423 1096 678 1151 philosophi,
700 1111 878 1152 quorum
910 1110 959 1136 ea
987 1094 1191 1135 sententia
1221 1101 1298 1142 est,
1326 1101 1374 1133 ut
1404 1092 1532 1133 virtus
1549 1101 1622 1141 119

103 1165 176 1206 per
206 1166 250 1191 se
278 1152 368 1207 ipsa
397 1153 500 1193 nihil
531 1154 689 1194 valeat:
723 1167 947 1208 omneque,
978 1151 1092 1207 quod
1123 1150 1348 1191 honestum
1379 1164 1470 1199 nos,
1491 1157 1534 1190 et

104 1208 314 1249 laudabile
333 1224 423 1250 esse
444 1210 636 1261 dicimus,
653 1209 694 1250 id
715 1209 775 1249 illi
793 1223 956 1250 cassum
980 1207 1194 1263 quiddam,
1218 1217 1261 1246 et
1282 1206 1390 1246 inani
1422 1205 1534 1245 vocis

104 1278 210 1305 sono
232 1264 476 1306 decoratum
509 1281 597 1306 esse
627 1266 796 1306 dicant:
829 1275 870 1306 et
896 1274 1036 1305 tamen
1057 1278 1222 1319 semper
1243 1263 1414 1302 beatum
1436 1276 1534 1302 cen·

105 1330 198 1361 sent
218 1336 308 1362 esse
331 1322 559 1377 sapientem
580 1339 589 1362 :
620 1322 720 1377 quid
748 1321 915 1362 tandem
939 1336 963 1362 a
983 1322 1156 1361 Socrate
1177 1330 1219 1360 et
1242 1319 1414 1359 Platone
1436 1332 1534 1373 pro-

104 1377 225 1417 fectis
264 1378 525 1433 philosophis
564 1378 801 1419 faciendum
843 1388 964 1433 putes
983 1380 995 1418 ?
1047 1391 1227 1432 quorum
1268 1374 1337 1415 alii
1373 1383 1533 1415 tantam

104 1435 390 1488 praestantiam
412 1436 452 1475 in
474 1436 591 1476 bonis
613 1435 741 1475 animi
761 1449 851 1475 esse
873 1434 1032 1483 dicunt,
1054 1442 1093 1464 so
1108 1442 1152 1473 ut
1174 1433 1226 1472 ab
1249 1431 1327 1480 his,
1348 1430 1534 1485 corporis
1546 1442 1576 1471 b.

103 1500 146 1530 et
179 1501 348 1531 externa
378 1492 666 1535 obscurentur.
727 1491 815 1531 Alii
848 1500 987 1531 autem
1021 1490 1111 1530 haec
1142 1503 1193 1528 ne
1223 1489 1336 1528 bona
1363 1487 1533 1543 quidem
1551 1502 1625 1532 120

106 1545 265 1586 ducunt
280 1562 291 1596 3
324 1547 365 1587 in
386 1548 526 1588 animo
548 1558 754 1603 reponunt
776 1548 929 1587 omnia.
989 1547 1185 1587 Quorum
1208 1544 1534 1585 controversiam

103 1602 268 1642 solebat
305 1612 521 1659 tamquam
565 1604 812 1644 honorarius
852 1604 1020 1652 arbiter,
1051 1602 1243 1658 judicare
1284 1600 1535 1641 Carneades.

103 1673 201 1698 narn
235 1674 348 1710 cum,
387 1675 667 1715 quaecumque
706 1661 818 1700 bona
860 1658 1158 1714 Peripateticis,
1198 1657 1343 1698 eadem
1386 1657 1537 1697 Stoicis

103 1716 331 1755 commoda
350 1716 588 1757 viderentur
608 1734 616 1757 :
649 1730 783 1771 neque
814 1726 952 1756 tamen
984 1715 1245 1770 Peripatetici
1264 1713 1358 1768 plus
1379 1712 1537 1753 tribue-

106 1779 200 1813 rent
218 1771 384 1822 divitiis,
406 1773 529 1814 bonae
550 1773 780 1823 valitudini,
802 1772 951 1813 ceteris
982 1772 1106 1812 rebus
1135 1772 1301 1826 generis
1332 1768 1537 1824 ejusdem,

107 1842 234 1882 quam
255 1829 388 1869 Stoici
408 1846 416 1869 :
448 1844 544 1870 eum
567 1844 629 1880 ea,
650 1844 707 1879 re,
728 1844 812 1870 non
834 1828 966 1869 verbis
996 1827 1352 1883 ponderarentur,
1387 1834 1420 1857 8¹
1439 1840 1536 1866 cau-

107 1898 196 1923 sam
217 1898 308 1925 esse
327 1884 554 1926 dissidendi
585 1886 781 1941 negabat.
841 1886 985 1926 Quare
1011 1884 1122 1924 hunc
1142 1884 1282 1924 locum
1307 1891 1539 1923 ceterarum

108 1939 423 1995 disciplinarum
460 1942 705 1997 philosophi
742 1940 1101 1997 quemadmodum
1138 1940 1328 1980 obtinere
1363 1939 1541 1994 possint,

109 1996 187 2051 ipsi
219 1996 407 2037 viderint.
468 1998 581 2038 Mihi
609 2010 748 2039 tamen
776 2007 946 2053 gratum
978 2007 1054 2047 est,
1078 1997 1191 2053 quod
1213 1996 1264 2036 de
1286 1994 1538 2051 sapientium

109 2063 314 2108 perpetua
347 2054 452 2095 bene
484 2055 645 2095 vivendi
678 2055 877 2096 facultate
904 2054 1082 2109 dignum
1115 2052 1318 2109 quiddam
1351 2051 1539 2107 philoso-

108 2108 291 2164 phorum
312 2124 412 2150 voce
431 2111 691 2165 profitentur.

166 2165 249 2206 Sed
279 2167 477 2221 quoniam
509 2182 632 2208 mane
653 2176 715 2207 est
737 2165 938 2217 eundum,
959 2165 1034 2207 has
1063 2165 1250 2221 quinque
1270 2154 1432 2205 dierum
1456 2163 1540 2205 dis-
1558 2173 1625 2204 121

105 2221 347 2277 putationes
367 2223 574 2264 memoria
602 2222 1022 2278 comprehendamus.
1082 2221 1292 2277 Equidem
1320 2235 1389 2261 me
1415 2220 1543 2261 etiam

108 2278 444 2334 conscripturum
467 2280 659 2321 arbitror.
689 2279 763 2320 ubi
792 2279 902 2319 enim
929 2278 1080 2319 melius
1108 2278 1170 2318 uti
1200 2291 1424 2332 possumus
1447 2277 1544 2327 hoc,

108 2335 366 2376 cuicuimodi
385 2346 463 2386 est,
486 2337 575 2377 otio
595 2338 607 2377 ?
640 2335 693 2376 ad
723 2337 986 2390 Brutumque
1008 2343 1197 2375 nostrum
1228 2333 1305 2373 hos
1334 2332 1464 2373 libros
1483 2332 1544 2373 al-

109 2400 221 2432 teros
250 2391 435 2448 quinque
466 2392 712 2434 mittemus:
743 2407 768 2433 a
803 2407 887 2447 quo
919 2406 1004 2431 non
1036 2390 1168 2431 modo
1199 2388 1372 2445 impulsi
1399 2404 1544 2430 sumus

110 2528 169 2557 Sed
186 2537 251 2558 non
273 2529 375 2567 placet
398 2529 546 2559 Buherio.
571 2539 630 2559 nec
646 2529 739 2558 mihi.
762 2527 809 2556 nil
849 2528 1011 2557 Bentleius
1040 2534 1070 2556 et
1101 2526 1246 2557 Davisius
1275 2526 1375 2555 fecere
1400 2525 1544 2554 obscuren-

112 2571 242 2599 sentienti
256 2578 313 2607 est,
329 2572 405 2610 quia
420 2572 500 2602 nihil
517 2573 611 2602 sentit
626 2578 783 2602 mortuus.
850 2578 916 2600 tur:
941 2571 1032 2600 bene.
1060 2569 1212 2606 adjuvant
1239 2569 1316 2599 Mss.
1345 2569 1399 2606 qui
1426 2569 1546 2598 habent

158 2620 195 2647 78
229 2613 263 2641 In
295 2620 344 2642 tua
372 2614 404 2642 id
430 2615 544 2655 quidem
579 2621 717 2653 potestate
747 2611 802 2654 est]
823 2628 825 2631 ·
848 2613 1004 2643 obscurent.
1028 2612 1202 2642 Lambinus
1215 2618 1245 2641 et
1258 2612 1546 2647 Manutius,Junta

113 2656 238 2694 Nempe
255 2663 341 2695 potes
357 2663 386 2685 te
403 2657 586 2687 interficere.
850 2658 908 2686 aze.
921 2655 990 2694 jam
1007 2656 1127 2685 edidere
1150 2655 1332 2684 obscurentur
1345 2665 1354 2682 :
1379 2664 1437 2684 nec
1454 2654 1545 2683 dubi-

157 2705 195 2732 79
212 2698 271 2734 lex,
288 2698 550 2739 quae—obtinetur]
577 2698 724 2729 Davisius
740 2708 807 2728 cor·
850 2700 911 2728 tavi
929 2700 958 2728 id
975 2708 1127 2728 revocare.

113 2742 191 2770 rexit
221 2740 337 2776 obtinet,
368 2750 433 2770 non
471 2743 621 2781 probante
658 2743 806 2772 BuheriO.
895 2749 931 2772 81
965 2751 1079 2770 causam
1109 2738 1303 2778 desiderandi]
1337 2739 1415 2768 Mss.
1442 2738 1545 2778 plures

115 2784 193 2813 mihi
211 2793 276 2813 non
292 2783 446 2822 displicet.
849 2783 1016 2822 dissidendi,
1033 2784 1119 2823 quod
1138 2783 1250 2813 merito
1273 2782 1306 2812 in
1330 2788 1454 2811 textum
1471 2780 1548 2810 teci-

158 2832 197 2855 80
221 2833 253 2854 ut
278 2826 314 2854 ab
334 2826 376 2854 his
400 2825 520 2865 corporis
535 2832 562 2854 et
578 2833 695 2856 externa
718 2826 808 2854 obser·
850 2828 945 2866 pitur.

113 2867 202 2909 τινα]
221 2868 281 2899 Alii
298 2877 356 2899 scr.
372 2876 403 2898 et
418 2870 487 2899 edd.
500 2869 694 2905 observentur,
711 2878 728 2898 e
744 2877 808 2908 quo
