1778 3095
204 145 282 178 388
539 137 800 176 TUSCUL.
830 137 1278 178 QUAESTIONUM

120 258 189 305 33
206 248 358 303 quibus
378 262 608 304 numquam
629 247 768 289 satiari
785 248 854 289 ille
873 258 1028 304 posset,
1051 264 1144 290 suas
1166 249 1276 290 enim
1298 246 1500 304 consequi
1519 248 1639 291 nullo

139 332 188 373 93
207 304 335 345 modo
356 319 491 360 posse.
550 303 695 355 Vides,
715 304 856 354 credo,
876 315 923 346 ut
944 305 1151 360 Epicurus
1179 304 1460 360 cupiditatum
1485 318 1640 359 genera

205 361 402 412 diviserit,
424 376 506 402 non
527 361 649 402 nimis
671 361 845 403 fortasse
867 361 1089 411 subtiliter,
1109 362 1267 403 utiliter
1285 371 1425 402 tamen
1444 378 1453 402 t
1485 361 1637 416 partim

205 432 294 458 esse
322 418 530 459 naturales
561 427 602 458 et
633 418 907 467 necessarias3
941 419 1092 472 partim
1123 418 1348 468 naturales,
1379 426 1421 458 et
1451 432 1535 458 non
1565 431 1639 457 ne-

204 475 428 515 cessarias:
468 474 618 529 partim
651 484 877 515 neutrum:
920 474 1171 519 necessarias
1201 474 1339 515 satiari
1369 488 1492 529 posse
1521 487 1640 528 paene

206 532 362 581 nih'1103
413 530 575 572 divitias
616 531 727 571 enim
768 539 942 579 naturae,
984 530 1190 586 parabiles
1238 545 1357 571 esse:
1408 529 1640 571 secundum

205 598 346 629 autem
377 602 510 643 genus
541 586 840 642 cupiditatum,
876 601 951 626 nec
984 587 1036 627 ad
1075 587 1321 641 potiendum
1355 585 1522 627 difficile
1552 599 1643 626 esse

206 655 361 694 censet,
395 658 471 684 nec
503 657 597 683 vero
629 642 682 682 ad
712 641 964 682 carendum:
996 645 1153 693 tertias,
1192 643 1307 698 quod
1340 652 1480 684 essent
1517 641 1642 697 plane

207 702 362 751 inanes,
392 714 526 755 neque
556 698 849 739 necessitatem
879 697 1025 749 modo,
1056 698 1130 740 sed
1160 714 1210 740 ne
1241 708 1431 741 naturam
1468 698 1642 755 quidem

142 757 477 812 94attingerent,
517 754 706 796 funditus
741 753 968 809 ejiciendas
1003 755 1177 810 putavit.
1236 757 1334 796 Hoc
1373 757 1470 797 loco
1510 754 1646 796 multa

207 813 260 855 ab
287 813 503 868 Epicureis
532 811 813 866 disputantur,
847 825 991 866 eaeque
1023 812 1259 866 voluptates
1291 811 1539 866 singillatim
1573 825 1644 852 ex-

207 879 461 911 tenuantur:
502 882 681 924 quarum
712 881 868 922 genera
899 882 982 908 non
1012 875 1320 917 contemnunt3
1351 875 1390 899 ²³2
1407 883 1490 909 non
1528 883 1646 923 quae-

208 936 304 967 runt
325 934 464 966 tamen
485 924 667 980 copiam.
697 938 793 964 nam
824 932 866 964 et
895 924 1116 966 obscoenas
1147 924 1396 980 voluptates,
1418 923 1470 964 de
1491 924 1645 979 quibus

207 982 342 1024 multa
363 982 415 1022 ab
446 981 526 1022 illis
556 981 734 1021 habetur
765 980 915 1030 oratio,
950 981 1107 1033 faciles,
1139 995 1402 1032 communes,
1432 980 1474 1021 in
1503 979 1648 1020 medio

208 1039 308 1080 sitas
330 1052 420 1080 esse
441 1037 588 1079 dicunt
607 1054 615 1078 z
648 1050 802 1092 easque
823 1036 855 1076 si
879 1046 1023 1079 natura
1046 1039 1243 1094 requirat,
1273 1052 1354 1078 non
1385 1050 1554 1092 genere,
1574 1044 1648 1077 aut

207 1095 320 1145 loco,
342 1104 415 1136 aut
433 1094 594 1144 ordine,
616 1093 689 1134 sed
712 1093 864 1143 forma,
893 1102 1032 1144 aetate,
1062 1095 1196 1150 figura
1216 1094 1449 1135 metiendas
1469 1101 1619 1148 putant
1635 1108 1669 1132 ς·

208 1153 261 1193 ab
283 1152 414 1207 iisque
435 1151 645 1192 abstinere
665 1149 838 1190 minime
860 1164 949 1190 esse
976 1151 1159 1202 difficile,
1189 1150 1223 1191 si
1253 1159 1325 1191 aut
1355 1149 1555 1200 valitudo,
1577 1157 1650 1190 aut

210 1208 411 1257 officium,
432 1217 506 1248 aut
525 1208 638 1248 fama
658 1205 845 1261 postulet
864 1222 873 1245 ι
907 1207 1164 1262 omninoque
1192 1222 1326 1262 genus
1352 1206 1434 1247 hoc
1455 1206 1650 1260 volupta-

146 1280 194 1321 95
211 1273 302 1306 tum
325 1264 511 1320 optabile
541 1277 645 1312 esse,
677 1262 709 1303 si
742 1277 825 1302 non
856 1262 997 1312 obsit3
1030 1264 1227 1318 prodesse
1258 1277 1505 1319 numquam.
1563 1263 1651 1303 To-

211 1330 388 1376 tumque
406 1320 487 1361 hoc
508 1320 560 1360 de
580 1319 796 1374 voluptate
826 1324 865 1348 3³
882 1318 940 1359 sic
971 1319 1040 1360 ille
1069 1319 1283 1375 praecepit,
1314 1328 1362 1360 ut
1391 1319 1651 1375 voluptatem

211 1378 346 1432 ipsam
369 1391 442 1432 per
464 1391 523 1427 se,
549 1376 648 1431 quia
676 1375 870 1430 voluptas
900 1375 966 1426 sit,
999 1390 1165 1432 semper
1193 1375 1422 1431 optandam
1452 1384 1652 1430 expeten-

211 1434 395 1489 damque
428 1441 576 1488 putet:
621 1431 854 1486 eademque
891 1432 1052 1473 ratione
1088 1432 1279 1473 dolorem
1322 1432 1378 1473 ob
1416 1431 1459 1472 id
1497 1432 1652 1488 ipsum,

213 1490 310 1546 quia
330 1489 454 1531 dolor
476 1489 544 1540 sit,
571 1503 737 1543 semper
767 1502 857 1528 esse
887 1487 1153 1544 fugiendum.
1186 1489 1329 1544 itaque
1360 1488 1439 1529 hac
1475 1502 1652 1529 usurum

83 1546 559 1602 p.247.compensatione
587 1546 832 1600 sapientem,
866 1555 913 1585 ut
945 1545 1204 1600 voluptatem
1237 1544 1386 1600 fugiat,
1417 1544 1452 1585 si
1480 1559 1531 1586 ea
1560 1559 1652 1586 ma-

171 1603 346 1660 a·jorem
367 1602 558 1644 dolorem
579 1602 782 1643 effectura
801 1600 880 1641 sit:
912 1611 953 1642 et
982 1601 1174 1644 dolorem
1203 1601 1419 1657 suscipiat,
1446 1600 1652 1657 majorem

212 1660 462 1701 efficientem
481 1659 741 1714 voluptatem
757 1673 766 1707 ς
799 1658 1239 1714 omniaquejucunda,
1256 1672 1511 1714 quamquam
1531 1671 1655 1699 sensu

147 1716 401 1772 9600rporis
430 1715 691 1772 judicentur,
730 1713 783 1755 ad
819 1716 1007 1755 animum
1046 1715 1188 1755 referri
1221 1723 1379 1756 tamen.
1439 1713 1655 1756 Quocirca

211 1787 364 1829 corpus
384 1772 570 1827 gaudere
590 1780 676 1813 tam
703 1771 790 1822 diu,
812 1777 853 1801 34
867 1771 969 1812 dum
1000 1779 1251 1826 praesentem
1282 1770 1432 1811 sentiat
1462 1770 1658 1826 volupta-

210 1839 296 1870 tem
316 1845 327 1879 3
359 1828 547 1869 animum
568 1837 611 1870 et
632 1835 881 1883 praesentem
911 1827 1126 1884 percipere
1151 1828 1306 1883 pariter
1333 1841 1431 1868 cum
1463 1840 1656 1882 corpore,

210 1894 253 1927 et
273 1886 514 1941 prospicere
534 1885 784 1934 venientem,
814 1899 890 1926 nec
918 1883 1174 1939 praeteritam
1204 1883 1485 1939 praeterfluere
1504 1883 1655 1924 sinere.

211 1942 270 1983 ita
289 1950 513 1998 perpetuas
535 1950 577 1982 et
597 1949 815 1982 contextas
840 1940 1076 1996 voluptates
1096 1940 1138 1981 in
1160 1940 1345 1996 sapiente
1366 1940 1455 1980 fore
1476 1953 1657 1995 semper,

213 2013 312 2040 cum
349 1997 610 2053 exspectatio
640 2007 898 2053 speratarum
930 1996 1211 2051 voluptatum,
1242 2005 1536 2052 perceptarum
1568 2010 1658 2037 me-
1696 2026 1700 2030 -

215 2055 361 2096 moriae
377 2054 645 2111 jungeretur.
706 2053 850 2109 Atque
870 2054 918 2094 iis
942 2053 1094 2094 similia
1113 2053 1166 2094 ad
1191 2053 1351 2095 victum
1373 2052 1500 2093 etiam
1521 2061 1658 2094 trans-

215 2112 422 2162 feruntur,
442 2118 807 2166 extenuanturque
826 2110 1142 2165 magnificentia
1169 2119 1212 2151 et
1236 2118 1401 2151 sumtus
1420 2109 1657 2164 epularum,

133 2166 334 2224 34qu0d
376 2182 502 2223 parvo
542 2167 660 2208 cultu
692 2176 841 2208 natura
875 2175 1077 2207 contenta
1108 2167 1175 2207 sit.
1235 2166 1403 2207 Etenim
1440 2165 1534 2220 quis
1574 2164 1657 2206 hoc

155 2238 205 2282 97
219 2240 304 2266 non
337 2224 462 2275 videt,
495 2223 709 2264 desideriis
748 2224 829 2264 ista
862 2222 1024 2264 condiri
1061 2223 1230 2264 omnia?
1263 2222 1419 2263 Darius
1458 2222 1500 2262 in
1540 2222 1659 2276 fuga,

218 2296 315 2322 cum
351 2295 505 2337 aquam
537 2279 766 2330 turbidam,
797 2288 838 2321 et
872 2278 1143 2320 cadaveribus
1174 2278 1436 2334 inquinatam
1471 2277 1659 2328 bibisset,

218 2338 389 2393 negavit
408 2351 610 2393 umquam
640 2352 684 2378 se
711 2336 867 2378 bibisse
891 2335 1137 2392 jucundius.
1195 2336 1445 2389 Numquam
1466 2332 1659 2375 videlicet

218 2394 360 2435 sitiens
390 2394 568 2435 biberat.
626 2394 721 2434 Nec
751 2392 938 2434 esuriens
969 2391 1224 2433 Ptolemaeus
1253 2390 1420 2431 ederat:
1452 2389 1520 2430 cui
1561 2404 1659 2431 cum

218 2450 458 2506 peragranti
495 2451 754 2506 AEgyptum,
793 2448 1026 2490 comitibus
1066 2462 1150 2488 non
1191 2447 1443 2497 consecutis,
1479 2446 1661 2487 cibarius

218 2507 261 2547 in
282 2522 379 2547 casa
400 2507 518 2562 panis
539 2506 661 2547 datus
683 2516 808 2556 esset,
829 2504 932 2545 nihil
953 2504 1087 2545 visum
1109 2512 1173 2544 est
1193 2503 1265 2544 illo
1287 2516 1393 2558 pane
1413 2501 1661 2559 jucundius.

263 2626 303 2649 3‘2
328 2630 379 2647 nrm
409 2626 545 2659 quaerunt
577 2626 597 2649 r.
627 2616 751 2658 copiam]
783 2619 918 2658 Negatio
961 2619 1006 2647 sic
1023 2617 1092 2647 libri
1111 2618 1190 2648 Mss.
1213 2617 1331 2656 plures,
1355 2624 1386 2646 et
1406 2617 1455 2647 ed.
1472 2624 1561 2647 vetus
1577 2618 1660 2656 apud

221 2673 274 2691 non
299 2663 332 2692 in
357 2661 493 2700 vulgatis
518 2662 646 2698 omissa,
672 2662 847 2691 necessaria
872 2668 919 2691 est
963 2661 1154 2690 Buherium.

219 2715 257 2735 cx
280 2706 446 2735 sententia.
470 2705 521 2733 alii
543 2704 669 2734 malunt
690 2715 752 2739 nec,
771 2713 828 2743 ego
852 2715 917 2740 non,
1006 2709 1045 2733 34
1083 2703 1150 2732 dum
1186 2709 1355 2741 praesentem
1390 2702 1497 2731 sentiat
1524 2700 1662 2740 volupta-

221 2755 257 2778 ut
283 2748 396 2777 clarius
428 2754 605 2786 opponatur
639 2747 835 2777 antecedenti
866 2757 919 2776 non
964 2745 1037 2786 tem]
1057 2747 1162 2775 sentiat
1181 2746 1316 2775 latinitas
1341 2746 1477 2784 postulat
1502 2754 1567 2774 non
1590 2745 1661 2774 vul·

221 2797 411 2821 contemnunt.
964 2796 1074 2828 gaturn
1091 2789 1220 2825 sentiret,
1238 2795 1273 2819 ut
1294 2789 1371 2818 vidit
1389 2789 1458 2826 jam
1483 2787 1658 2822 Bentleius,

263 2840 304 2864 ³3
328 2834 369 2862 sic
392 2832 441 2861 ille
459 2831 615 2871 praa-cpit]
644 2832 830 2871 Legendum
853 2841 919 2861 esse
964 2832 1169 2872 probantibus
1186 2832 1315 2863 Davisio
1330 2838 1361 2861 et
1377 2831 1524 2861 Butuerio.

215 2876 356 2916 praecipit
386 2886 402 2906 e
431 2882 583 2915 sequente
607 2881 693 2915 putet
722 2881 861 2915 apparet.
889 2881 920 2904 et
