1778 3095
610 114 789 151 LIBER
819 113 1061 159 PRIMUS.
1474 113 1551 161 269

111 223 237 279 jussu
253 231 542 280 tyrannorum,
562 225 602 256 73
617 231 824 261 venenum
840 224 890 258 ut
905 216 1048 258 sitiens
1065 215 1324 268 obduxisset,
1342 220 1551 275 reliquum

116 279 175 320 sic
214 294 238 320 e
275 279 430 336 poculo
462 276 602 333 ejecit,
638 283 687 316 ut
719 273 761 315 id
799 280 1037 323 resonaret3
1069 287 1154 328 quo
1191 274 1332 315 sonitu
1371 277 1552 330 reddito,

115 335 317 387 arridens,
356 332 546 388 Propino,
584 331 735 387 inquit,
771 329 843 371 hoc
874 329 1019 384 pulcro
1063 328 1224 380 Critiae,
1261 331 1333 386 qui
1372 332 1414 372 in
1452 347 1550 376 eum

117 391 256 433 fuerat
275 390 538 432 taeterrimus.
590 387 731 429 Graeci
752 386 863 428 enim
884 387 928 427 in
946 386 1142 427 conviviis
1163 385 1301 428 solent
1320 389 1551 442 nominare,

116 448 185 488 cui
222 447 423 504 poculum
463 444 654 486 tradituri
695 444 791 485 sint.
852 443 973 484 Lusit
1016 442 1076 483 vir
1121 444 1319 499 egregius
1359 454 1552 488 extremo

116 504 278 559 spiritu,
298 517 394 544 cum
409 503 501 558 jam
532 501 774 557 praecordiis
801 508 1052 554 conceptam
1081 507 1262 540 mortem
1285 502 1548 544 contineret:

116 574 292 615 vereque
327 560 380 609 ei,
422 559 545 600 moui
584 572 790 600 venenum
830 556 1094 611 praebiberat,
1133 567 1316 597 mortem
1356 567 1420 599 est
1456 573 1549 600 eam

114 624 359 671 auguratus,
396 631 491 671 quae
525 615 640 656 brevi
675 621 901 655 consecuta
934 623 1011 654 est.
1071 613 1180 654 Quis
1217 620 1254 649 7⁵
1273 612 1381 655 hanc
1421 616 1614 670 animi97

114 671 285 713 maximi
305 673 548 727 aequitatem
569 671 609 712 in
632 671 722 727 ipsa
742 679 878 711 morte
899 669 1103 720 laudaret,
1125 669 1159 710 si
1173 679 1368 720 mortem,
1388 671 1550 714 malum

106 727 346 784 judicaret?
382 735 420 765 76
436 728 568 770 Vadit
600 728 642 768 in
672 727 851 768 eundem
882 740 1106 776 carcerem,
1136 735 1263 782 atque
1292 727 1336 768 in
1366 729 1550 770 eundem

113 784 257 838 paucis
275 793 371 839 post
389 785 507 825 annis
529 784 738 840 scyphum
761 784 968 834 Socrates,
998 783 1149 823 eodem
1167 783 1323 824 scelere
1335 785 1549 840 judicum,

113 855 198 895 quo
229 849 519 897 tyrannorum,
551 841 852 882 Theramenes.
885 855 981 895 quae
1015 850 1078 880 est
1109 840 1241 895 igitur
1274 842 1365 896 ejus
1397 843 1550 893 oratio,

111 911 196 952 qua
223 897 325 938 facit
353 912 451 939 eum
483 898 602 938 Plato
638 912 761 938 usum
793 896 905 952 apud
937 895 1119 952 judices,
1143 896 1236 952 jam
1268 907 1405 939 morte
1436 900 1548 941 mul-

111 955 281 995 tatum?
329 955 498 1012 Magna
529 969 607 1005 me,
642 954 792 1009 inquit,
829 963 916 1008 spes
949 960 1069 1003 tenet,
1094 953 1270 1007 judices,
1314 954 1409 996 hene
1443 951 1627 1000 mihi4l

111 1009 282 1060 evenire,
301 1011 407 1066 quod
426 1010 572 1051 mittar
593 1010 646 1052 ad
664 1018 847 1051 mortem.
868 1024 1022 1050 necesse
1051 1017 1111 1050 est
1139 1009 1261 1061 enim,
1288 1011 1343 1052 sit
1370 1011 1548 1054 alterum

112 1066 161 1107 de
195 1066 371 1118 duobus3
401 1074 448 1108 ut
481 1074 554 1108 aut
585 1081 721 1108 sensus
754 1066 910 1107 omnino
947 1081 1080 1107 omnes
1110 1081 1218 1108 mors
1253 1067 1432 1124 auferat,
1473 1078 1549 1111 aut

112 1122 155 1163 in
175 1122 305 1164 alium
326 1124 528 1179 quendam
559 1123 689 1164 locum
717 1139 768 1164 ex
799 1123 860 1163 liis
895 1122 990 1163 locis
1017 1130 1144 1164 morte
1163 1124 1378 1179 migretur.
1401 1140 1551 1180 quam-

111 1178 260 1231 obrem,
280 1180 362 1222 sive
381 1196 517 1222 sensus
546 1180 839 1236 exstinguitur,
870 1194 1056 1235 morsque
1084 1179 1121 1220 ei
1148 1195 1284 1221 somno
1304 1181 1452 1223 similis
1472 1191 1547 1235 est,

117 1235 189 1292 qui
203 1251 521 1293 nonnumquam,
543 1237 667 1278 etiam
688 1237 773 1277 sine
801 1236 898 1277 visis
929 1237 1186 1287 somniorum,
1215 1237 1549 1291 placatissimam

115 1291 290 1347 quietem
320 1292 472 1348 affert:
505 1293 564 1333 dii
594 1293 716 1334 boni!
746 1300 782 1329 77
797 1293 897 1348 quid
927 1292 1030 1333 lucri
1060 1300 1119 1334 est
1148 1294 1288 1334 mori?
1319 1302 1392 1336 aut
1423 1311 1549 1352 quam

113 1347 238 1389 multi
283 1350 368 1391 dies
410 1350 578 1446 νῗρενίγὲ
612 1356 795 1404 possunt,
841 1348 911 1404 qui
960 1349 1039 1390 tali
1085 1350 1194 1391 nocti
1231 1357 1547 1406 anteponantur,

115 1412 153 1439 78
169 1405 233 1446 cui
272 1406 306 1446 si
342 1405 435 1446 simi
457 1407 490 1447 is
514 1406 673 1462 fictura
713 1413 771 1446 est
804 1406 1056 1460 perpetuitas
1101 1406 1228 1447 omnis
1270 1409 1549 1465 consequentis

113 1462 304 1515 temporis
319 1464 343 1502 ,9
373 1463 464 1517 quis
483 1478 546 1503 me
564 1463 718 1504 beatior
734 1464 759 1503 ,Ρ
790 1462 864 1502 Sin
880 1477 974 1502 vera
995 1470 1103 1513 sunt,
1126 1477 1222 1518 quoe
1241 1464 1446 1517 dicuntur,
1467 1466 1546 1507 mi·
1558 1475 1609 1519 98

109 1518 340 1572 grationem
373 1533 455 1559 esse
488 1527 672 1569 mortem,
708 1518 751 1558 in
781 1532 848 1558 eas
880 1533 983 1569 oras,
1018 1533 1133 1574 quas,
1156 1526 1195 1555 79
1207 1520 1278 1575 qui
1309 1536 1330 1560 e
1358 1521 1446 1563 vita
1475 1538 1547 1564 ex-

110 1582 325 1625 cesserunt,
346 1574 555 1616 incolunt:
588 1575 632 1615 id
650 1574 778 1615 multo
797 1575 894 1628 jczm
925 1574 1080 1615 beatius
1110 1582 1182 1626 est,
1215 1583 1266 1627 te,
1298 1592 1388 1617 cum
1408 1578 1546 1632 abiis,

112 1629 182 1685 qui
202 1644 243 1672 se
246 1631 438 1685 judicum
458 1646 623 1672 numero
647 1641 685 1664 80
699 1631 836 1672 haberi
868 1630 1010 1682 velint,
1039 1632 1224 1682 evaseris,
1246 1633 1301 1673 ad
1315 1648 1377 1674 eos
1396 1636 1546 1688 venire,

111 1685 182 1742 qui
210 1702 301 1729 vere
317 1688 480 1741 judices
509 1687 782 1744 appellentur,
805 1688 1005 1739 Minoem,
1037 1688 1415 1742 Rhadamanthum,
1434 1693 1546 1733 AEa-

109 1757 214 1795 cum,
236 1744 532 1799 Triptolemum
550 1762 563 1786 .·
596 1745 879 1800 convenireque
908 1760 985 1795 eos,
1016 1746 1088 1800 qui
1105 1746 1236 1799 juste,
1266 1753 1306 1787 et
1341 1762 1431 1788 cum
1452 1748 1549 1803 fide

109 1799 301 1841 vixerint.
335 1800 423 1842 haec
451 1802 727 1858 peregrinatio
758 1802 969 1842 mediocris
1001 1801 1111 1843 vohis
1142 1802 1271 1843 videri
1298 1807 1472 1858 potest?
1500 1814 1546 1847 ut

110 1870 199 1897 vero
233 1856 408 1913 colloqui
443 1873 532 1898 cum
569 1858 740 1912 Orpheo,
769 1859 947 1910 Musaeo,
978 1858 1171 1909 Homero,
1202 1858 1377 1900 Hesiodo
1411 1861 1548 1914 liceat,

114 1913 263 1968 quanti
277 1914 440 1955 tandem
460 1914 679 1955 (estimatis
696 1917 720 1955 ,9
749 1915 932 1970 equidem
953 1925 1061 1970 soepe
1084 1916 1221 1967 emori,
1240 1916 1274 1957 si
1277 1917 1382 1971 fieri
1397 1927 1548 1973 posset,

113 1969 273 2020 vellem,
303 1977 351 2011 ut
379 1986 439 2021 ea,
471 1985 567 2027 quce
596 1970 697 2022 dico,
726 1970 829 2012 mila·
862 1971 999 2012 liceret
1033 1971 1225 2014 invenire.
1261 1981 1417 2028 quanta
1438 1975 1547 2016 dele-

111 2026 286 2069 ctatione
315 2034 451 2068 autem
480 2028 672 2082 afficerer,
703 2043 794 2068 cum
819 2028 1096 2079 Palamede-m,
1128 2044 1217 2070 cum
1236 2031 1423 2086 Ajacem,
1456 2047 1552 2073 cum

112 2081 227 2133 alios,
265 2083 468 2138 enjudicio
504 2084 641 2140 iniquo
674 2084 977 2136 circumventos,
1012 2086 1305 2127 convenirem?
1350 2094 1550 2130 tentarem

155 2199 194 2229 73
218 2204 360 2223 venenum
372 2192 547 2234 obduxisset]
573 2205 602 2224 v.
626 2194 715 2225 Clav.
738 2196 806 2226 edd.
851 2195 924 2224 dem.
948 2196 1030 2226 Mihi
1047 2197 1217 2236 aliquando
1234 2198 1263 2228 in
1282 2205 1426 2229 mentem
1442 2202 1547 2232 venit:

111 2243 185 2268 vett.
200 2236 366 2267 obbibisset:
390 2239 524 2268 correxit
540 2239 707 2268 Victorius.

156 2285 195 2314 74
219 2279 265 2308 cui
281 2291 421 2310 venenum
441 2280 628 2319 praebiberat]
650 2281 726 2310 Non
750 2282 808 2310 du-

111 2322 206 2353 bitavi
232 2324 459 2354 correctionem
486 2324 586 2358 Bruti,
614 2331 684 2363 post
710 2325 807 2354 Davi-

112 2367 211 2402 sium,
228 2366 376 2405 recipere,
392 2367 523 2396 ductam
539 2377 556 2396 e
574 2367 636 2396 ΜΞ.
650 2367 805 2406 primum,

113 2415 185 2440 tum
210 2407 278 2438 aliis
305 2409 390 2439 libris
411 2410 646 2440 confirmatam.
679 2409 730 2439 alii
756 2411 807 2450 qui

113 2462 253 2481 venenum
262 2452 447 2490 praehuerat:
471 2463 544 2492 quae
560 2463 589 2483 et
605 2455 670 2492 ipsa
683 2454 806 2483 bonum

114 2504 245 2524 sensum
262 2496 368 2525 habet.

158 2543 197 2572 75
222 2536 293 2568 hanc
305 2537 395 2567 animi
408 2538 530 2567 maximi
541 2537 728 2579 aequittzrem]
743 2539 807 2568 Da-

114 2579 210 2611 visius
224 2579 297 2609 hanc
312 2581 470 2610 maximam
493 2593 522 2611 a.
546 2592 603 2622 aeq.
626 2582 710 2621 quod
733 2591 808 2611 sane

116 2623 277 2653 blanditur
291 2625 404 2662 specie.
425 2625 492 2660 sed,
508 2625 533 2654 si
552 2625 808 2663 magnitudinem

115 2665 154 2696 ad
175 2666 358 2705 aequitatem
381 2667 484 2698 referri
506 2668 658 2698 voluisset
682 2667 804 2704 Cicero,

114 2708 241 2738 dixisset
257 2710 366 2749 utique
380 2710 453 2739 hanc
468 2717 581 2739 tantam
597 2723 625 2740 a.
642 2721 681 2741 m.

161 2755 199 2785 76
225 2751 442 2794 Vadit—atque
455 2753 485 2781 in
501 2752 805 2793 eundem—scyphum]

117 2793 234 2824 Durior
256 2800 303 2824 est
323 2795 426 2825 forma
447 2795 608 2834 loquendi.
654 2797 708 2826 Vir
739 2797 810 2834 qui-

116 2837 191 2872 dam
216 2836 327 2867 doctus
356 2839 528 2877 corrigebat
559 2845 645 2878 atque
675 2839 716 2867 ad
743 2850 810 2868 eun-

856 2238 946 2267 Cadit
962 2239 992 2268 in
1009 2251 1032 2268 e.
1049 2251 1075 2268 c.
1091 2241 1149 2269 &a

897 2287 933 2316 77
959 2282 1032 2322 quid
1045 2281 1119 2311 lucri
1135 2289 1174 2311 est
1188 2280 1273 2322 mori]
1289 2283 1341 2313 Sic
1357 2284 1421 2315 NIS.
1439 2285 1547 2316 Guelf-

851 2333 917 2354 non
933 2335 1029 2355 emorl-

894 2372 933 2402 78
958 2367 1004 2396 cui
1019 2367 1044 2397 si
1055 2366 1171 2406 similis]
1196 2368 1307 2397 Addidi
1323 2368 1359 2405 si,
1378 2376 1413 2399 ut
1429 2369 1549 2409 placuit

851 2410 1006 2446 Bentleio,
1036 2412 1111 2450 quia
1135 2411 1166 2440 in
1195 2411 1317 2450 optimo
1344 2412 1409 2442 Ms.
1437 2415 1549 2453 reperit

851 2453 1062 2484 Alemannus.

895 2502 934 2530 79
959 2496 1008 2537 qui
1039 2508 1054 2525 e
1082 2496 1149 2525 vita
1184 2496 1365 2534 excesserint,
1401 2497 1546 2540 incolunt]

851 2538 1056 2569 Correxeram
1073 2540 1197 2569 dudum
1218 2541 1395 2574 excesserint,
1412 2551 1490 2572 cum
1506 2543 1551 2572 ita1

852 2583 883 2611 in
909 2583 958 2612 ed.
985 2583 1074 2612 Junt.
1102 2583 1210 2621 reperi.
1257 2583 1347 2614 Forte
1369 2591 1400 2614 et
1422 2584 1554 2615 incolant.

852 2626 1035 2663 legendum.

894 2675 934 2698 80
957 2668 1056 2697 haberi
1067 2666 1185 2708 volunt]
1201 2668 1328 2700 Correxi
1338 2669 1454 2699 velint:
1471 2680 1548 2701 nam

851 2718 898 2741 est
914 2719 982 2749 post
998 2718 1039 2747 et,
1058 2711 1106 2753 qui
1121 2711 1311 2750 appellemur,
1329 2719 1359 2741 et
1374 2713 1519 2743 vixerint.

898 2761 932 2783 81
949 2754 1063 2792 judicio
1079 2753 1256 2795 iniquorum]
1281 2756 1366 2784 Bene
1388 2755 1548 2785 Bentleius

853 2805 870 2825 e
886 2796 1015 2827 Platone
1041 2798 1175 2827 correxit
1202 2797 1317 2838 iniquo.-
1342 2799 1425 2836 apud
1447 2807 1546 2837 quem

854 2846 900 2869 est
916 2839 1005 2880 κρίσις
1022 2838 1128 2872 ἄδικος.
