1768 3095
536 119 710 157 LIBER
737 117 1014 155 TERTms,
1418 122 1491 163 149

58 226 122 271 'ter
139 227 335 270 virtutem
354 227 396 269 in
417 222 536 267 bonis
557 225 725 267 ducere.
771 224 898 276 Vide,
919 238 972 265 ne
993 221 1142 278 magiS,
1163 220 1350 277 inquam,
1370 231 1490 264 tuum

57 285 198 337 fuerit,
217 299 314 327 cum
334 297 375 324 re
395 282 507 324 idem
527 283 618 333 tibi,
639 281 754 338 quod
773 280 878 322 mihi
899 279 1123 328 videretur,
1148 287 1184 310 14
1203 292 1287 318 non
1319 292 1428 327 nova
1453 290 1492 319 te

60 340 185 383 rebus
206 339 373 382 nomina
392 339 623 395 imponere.
654 338 760 379 ratio
777 337 902 378 enim
930 345 1072 378 nostra
1100 335 1328 385 consentit,
1358 336 1492 376 oratio

58 404 235 454 pugnat.
294 395 473 436 Minime
494 410 605 446 vero,
627 395 762 452 inquit
783 392 868 445 ille,
889 391 1115 435 consentit.
1145 390 1350 447 quidquid
1380 391 1491 431 enim

60 463 212 510 praeter
241 452 298 503 id,
330 452 446 508 quod
477 452 704 493 honestum
737 451 805 502 sit,
835 449 1115 506 expetendum
1144 462 1233 489 esse
1265 448 1432 498 dixeris,
1452 447 1494 487 in

60 510 263 566 bonisque
283 510 587 550 numeraveris:
619 518 662 549 et
682 508 909 549 honestum
929 507 1085 562 ipsum,
1104 505 1224 561 quasi
1245 504 1408 546 virtutis
1427 505 1493 544 lu-

60 581 170 617 men,
204 565 462 616 exstinxeris,
499 574 540 606 et
574 566 772 607 virtutem
809 563 976 620 penitus
1014 562 1222 604 everteris.
1281 561 1495 602 Dicuntur

57 621 151 673 ista,
191 621 316 672 CatO,
355 621 592 678 magnifice,
632 622 836 678 inquam:
885 619 959 661 sed
993 628 1029 652 1⁵
1048 619 1232 670 videsne,
1272 618 1495 659 verborum

57 678 237 735 gloriam
271 677 348 719 tibi
382 693 480 720 cum
517 678 748 735 Pyrrhone,
782 686 824 718 et
858 676 1072 727 Aristone,
1105 675 1178 732 qui
1213 675 1354 716 omnia
1385 689 1495 715 exae—

57 745 203 792 quent,
233 748 322 775 esse
353 736 657 776 communem?
692 734 742 776 de
777 733 945 790 quibus,
966 733 1093 789 cupio
1125 731 1246 782 scire,
1266 731 1368 788 quid
1401 746 1494 773 sen-

57 793 151 834 tias.
213 797 250 823 16
268 793 416 847 Egone
451 791 619 848 quaeris,
652 791 804 846 inquit,
841 790 960 840 scire,
993 789 1096 846 quid
1135 789 1344 832 sentiam?
1390 803 1497 844 quos

58 848 192 890 bonos
224 848 347 899 viros,
369 848 512 900 fortes,
537 848 693 905 justos,
715 846 956 888 moderatos
987 856 1063 888 aut
1091 845 1327 888 audivimus
1356 846 1398 886 in
1430 859 1496 886 re-

57 903 228 961 publica
256 904 399 955 fuisse,
420 914 493 946 aut
520 905 600 961 ipsi
631 904 842 954 vidimus3
874 904 947 958 qui
977 903 1066 944 sine
1095 903 1182 944 ulla
1210 902 1402 944 doctrina
1422 917 1497 942 na-

59 972 197 1003 turam
218 962 351 1016 ipsam
373 961 521 1012 secuti,
548 960 682 1002 multa
711 960 940 1002 laudabilia
960 961 1178 1011 fecerunt3
1210 974 1282 1000 eos
1302 959 1452 1000 melius
1475 973 1501 1000 a

60 1027 207 1067 natura
237 1018 463 1059 institutos
482 1018 627 1069 fuisse,
648 1032 776 1073 quam
806 1017 968 1059 institui
987 1017 1226 1073 potuissent
1255 1031 1279 1057 a
1308 1015 1499 1071 philoso-

58 1075 170 1131 phia,
209 1075 244 1116 si
277 1074 409 1116 ullam
442 1075 567 1116 aliam
600 1074 903 1130 probavissent,
937 1086 1088 1129 praeter
1121 1087 1230 1124 eam,
1266 1088 1360 1128 quae
1396 1072 1501 1114 nihil

59 1131 173 1173 aliud
192 1131 233 1172 in
253 1132 376 1172 bonis
395 1131 537 1183 habet,
558 1132 637 1172 nisi
663 1131 890 1172 honestum
908 1147 916 1172 :
948 1130 1069 1181 nihil,
1090 1130 1169 1171 nisi
1189 1140 1326 1184 turpe,
1345 1129 1387 1169 in
1407 1144 1500 1170 ma-

60 1188 135 1229 lis:
171 1195 205 1224 ¹⁷
227 1197 376 1229 ceterae
406 1188 757 1244 philosophorum
779 1187 1027 1242 disciplinae,
1048 1187 1221 1228 omnino
1251 1186 1335 1227 alia
1362 1186 1500 1242 magis

61 1244 170 1293 alia3
203 1244 276 1284 sed
308 1252 450 1285 tamen
482 1259 642 1295 omnes,
678 1259 773 1299 quae
807 1258 897 1285 rem
927 1244 1056 1285 ullam
1091 1243 1254 1285 virtutis
1283 1251 1500 1298 expertem

63 1310 137 1342 aut
157 1301 197 1341 in
218 1301 357 1351 bonis,
380 1310 452 1342 aut
471 1302 513 1342 in
533 1301 655 1342 malis
675 1309 913 1350 numerent,
933 1315 1003 1342 eas
1025 1315 1110 1341 non
1140 1299 1272 1340 modo
1302 1299 1408 1340 nihil
1427 1299 1501 1340 ad-

58 1356 204 1411 juvare
238 1357 433 1408 arbitror,
455 1366 492 1389 18
509 1371 646 1413 neque
676 1356 896 1407 affirmare,
916 1371 1000 1412 quo
1031 1356 1229 1398 meliores
1259 1356 1407 1406 simus,
1428 1356 1503 1396 sed

61 1414 197 1469 ipsam
214 1413 437 1468 depravare
457 1423 665 1455 naturam.
697 1427 794 1454 nam
814 1412 848 1453 si
868 1413 950 1454 hoc
981 1428 1065 1454 non
1093 1413 1351 1464 obtineatur,
1367 1413 1411 1454 id
1432 1427 1500 1454 so-
1515 1419 1546 1449 b.

62 1469 153 1510 lum
187 1470 348 1511 bonum
383 1485 488 1521 esse,
520 1469 635 1526 quod
666 1469 893 1510 honestum
924 1470 1006 1511 sit:
1038 1469 1154 1510 nullo
1183 1469 1315 1510 modo
1335 1470 1504 1524 probari

62 1526 211 1582 possit,
231 1526 398 1567 beatam
430 1526 558 1568 vitam
577 1527 728 1567 virtute
750 1525 871 1566 effici.
902 1525 1019 1581 quod
1039 1526 1073 1566 si
1092 1526 1152 1567 ita
1171 1526 1250 1576 sit3
1283 1540 1357 1566 cur
1378 1540 1506 1581 opera

62 1582 343 1639 philosophiae
375 1583 429 1624 sit
456 1582 607 1634 danda,
627 1582 784 1623 nescio.
815 1582 849 1622 si
878 1582 990 1623 enim
1021 1582 1184 1638 sapiens
1211 1581 1362 1638 aliquis
1380 1583 1507 1623 miser

63 1652 155 1680 esse
173 1638 323 1696 possit,
343 1655 407 1681 nae
430 1654 512 1696 ego
540 1640 662 1681 istam
683 1638 930 1693 gloriosam,
952 1639 1355 1694 memorabilemque
1375 1640 1505 1680 virtu-

63 1703 151 1736 tem
181 1710 266 1737 non
294 1710 453 1753 magno
485 1696 775 1737 aestimandam
806 1703 967 1751 putem.
1026 1697 1136 1753 Quae
1157 1695 1312 1746 adhuc,
1335 1695 1459 1747 Cato,
1483 1699 1554 1745 a4

63 1760 107 1793 te
139 1752 253 1794 dicta
283 1762 395 1804 sunt,
431 1753 594 1803 eadem,
627 1753 814 1809 inquam,
851 1752 990 1794 dicere
1024 1767 1184 1808 posses,
1221 1753 1254 1793 si
1289 1767 1570 1808 sequerere12

66 1809 342 1866 Pyrrhonem,
363 1820 436 1852 aut
461 1810 721 1851 Aristonem.
752 1823 828 1850 nec
861 1809 974 1850 enim
1006 1809 1193 1865 ignoras,
1214 1809 1279 1850 his
1299 1809 1405 1863 illud
1427 1809 1506 1850 ho-

66 1866 250 1917 nestum,
270 1880 355 1907 non
375 1881 587 1908 summum
610 1865 756 1917 modo,
777 1865 848 1906 sed
870 1865 997 1907 etiam
1023 1870 1088 1917 (ut
1108 1879 1155 1907 tu
1176 1866 1250 1919 vis)
1273 1866 1412 1907 solum
1429 1867 1506 1906 bo-

68 1936 170 1964 num
201 1921 343 1963 videri.
373 1923 486 1978 quod
511 1923 544 1963 si
564 1923 623 1963 ita
642 1931 720 1974 est,
741 1922 930 1978 sequitur
960 1922 1004 1963 id
1031 1922 1186 1978 ipsum,
1207 1922 1324 1979 quod
1344 1932 1385 1964 te
1403 1922 1509 1964 velle

65 1978 202 2030 video,
225 1993 372 2020 omnes
393 1993 558 2035 semper
577 1979 724 2020 beatos
745 1993 835 2020 esse
857 1979 1081 2035 sapientes.
1113 1979 1247 2021 hosne
1265 1980 1397 2035 igitur
1417 1980 1509 2020 lau·

69 2034 160 2086 das,
179 2044 222 2076 et
245 2044 283 2069 19
300 2036 409 2077 hanc
436 2050 599 2086 eorum,
618 2035 804 2091 inquam,
829 2035 1079 2077 sententiam
1112 2036 1232 2093 sequi
1262 2051 1338 2077 nos
1365 2051 1509 2077 censes

68 2094 295 2148 oportere?
329 2093 511 2134 Minime
543 2107 639 2133 vero
670 2093 848 2134 istorum
878 2091 1064 2149 quidem,
1085 2093 1237 2149 inquit.
1268 2108 1364 2134 curn
1396 2092 1509 2134 enim

66 2149 230 2190 virtutis
250 2149 334 2191 hoc
353 2149 571 2205 proprium
591 2149 659 2199 sit,
676 2163 820 2190 earum
843 2164 996 2200 rerum,
1016 2165 1109 2205 quae
1133 2152 1365 2193 secundum
1387 2158 1509 2191 natu-

69 2220 159 2247 ram
187 2206 285 2257 sint,
305 2206 460 2247 habere
490 2206 701 2247 delectum
721 2222 730 2247 :
763 2205 836 2261 qui
865 2206 1008 2246 omnia
1027 2207 1084 2247 sic
1104 2216 1440 2263 exaequaverunt,
1463 2216 1511 2246 ut

1515 571 1554 600 ll

115 2348 153 2372 14
170 2351 224 2370 non
239 2352 316 2370 nova
334 2347 360 2371 te
377 2352 402 2372 r.
417 2352 446 2370 n.
465 2340 502 2374 12³,
526 2349 552 2370 te
568 2341 683 2371 delevit
705 2341 770 2371 Da-

70 2384 177 2415 visius.
189 2384 281 2415 bene.
294 2394 358 2414 non
372 2386 486 2424 pendet
500 2386 560 2414 hoc
577 2394 595 2414 a
611 2384 769 2424 tuumsue-

71 2427 119 2460 rit,
136 2433 205 2466 post
220 2428 307 2465 quod
329 2427 360 2457 id
383 2437 619 2467 supervacuum
636 2433 693 2464 est,
711 2436 770 2457 nec

77 2471 153 2510 poni
168 2469 258 2500 solet.

116 2519 153 2545 15
180 2510 312 2552 videsne]
341 2512 399 2543 Pro
424 2521 531 2542 nonne
554 2513 654 2550 vides,
683 2519 718 2542 ut
740 2520 771 2543 et

814 2341 898 2380 pedit
920 2353 976 2371 cas.
1023 2342 1077 2372 Est
1099 2349 1221 2379 autem,
1232 2344 1317 2382 quod
1340 2345 1378 2374 ad
1394 2352 1512 2375 ceteras

813 2385 934 2414 attinet.
962 2394 998 2414 ea
1024 2386 1126 2415 forma
1151 2386 1248 2415 etiam
1274 2386 1349 2416 alibi
1375 2389 1514 2418 occurrit

814 2428 897 2476 apud
927 2428 1065 2459 Latinos.
1097 2428 1244 2468 exempla
1274 2439 1305 2459 v.
1336 2439 1384 2469 ap.
1415 2431 1513 2462 Davi-

813 2480 911 2500 snum.

860 2520 898 2544 18
915 2524 1004 2555 neque
1019 2512 1177 2554 qffirmare]
1202 2515 1277 2545 Non
1301 2517 1514 2547 commodum

73 2554 148 2585 alibi
162 2556 252 2589 dixit.
267 2565 298 2586 v.
314 2556 403 2586 Clav.
419 2556 453 2585 in
468 2566 513 2586 ne.

118 2603 156 2629 16
174 2598 272 2638 Egone
288 2597 408 2639 quaeris,
425 2598 447 2628 i.
463 2595 549 2637 scire]
568 2597 619 2628 Sic
635 2599 705 2628 edd.
722 2608 768 2638 pr.

73 2641 156 2672 male
171 2648 241 2681 post
256 2642 425 2672 inductum
442 2641 557 2680 Ergone
569 2652 580 2669 .·
604 2642 689 2680 quod
701 2641 771 2679 jam

74 2685 206 2715 correxit
231 2685 392 2721 Davisius,
419 2683 473 2724 qui
503 2690 535 2714 et
563 2684 634 2713 scire
663 2685 772 2715 abesse

75 2725 222 2757 malebat.
237 2728 330 2758 bene.
345 2737 362 2757 e
376 2737 470 2758 versu
485 2727 636 2767 superiori
652 2735 772 2759 temere

75 2769 242 2808 repetitum
256 2777 312 2800 est.

120 2816 155 2845 17
179 2818 370 2843 cetere—eas
393 2811 502 2853 omnes]
528 2812 669 2844 Proclive
692 2820 774 2844 esset

76 2855 226 2894 corrigere
242 2853 454 2886 ceteras—alia
471 2866 506 2885 m.
524 2854 596 2884 alia.
637 2857 772 2892 Sedim-

814 2557 911 2587 habet
938 2557 1000 2586 hoc
1028 2567 1171 2588 sensum.
1207 2560 1312 2598 itaque
1344 2559 1395 2588 alii
1426 2559 1515 2590 aliter

814 2600 965 2639 corrigere
982 2607 1154 2631 tentarunt.
1171 2602 1250 2631 mihi
1268 2603 1414 2641 spurium
1430 2603 1515 2632 vide-

814 2649 876 2673 tur.
921 2642 1007 2673 Inter
1035 2644 1233 2682 conjecturas
1265 2645 1341 2675 alias
1373 2646 1514 2675 maxime

814 2686 918 2726 placet
932 2687 1050 2727 afflrre.

861 2736 899 2761 19
930 2728 1003 2758 hanc
1027 2740 1133 2767 eorum,
1165 2729 1296 2770 inquam,
1327 2728 1514 2770 sententiam]

816 2772 928 2802 Addidi
956 2772 1088 2814 inquam,
1119 2774 1205 2812 quod
1229 2774 1298 2804 edd.
1325 2774 1436 2812 primae
1460 2774 1517 2802 ha-

814 2815 904 2846 bent.
947 2816 1095 2846 Davisius
1125 2816 1219 2846 etiam
1251 2816 1283 2845 in
1322 2816 1399 2846 Mes.
1432 2825 1513 2854 repc-

815 2864 865 2887 nt.

814 2911 886 2952 1⁴3
