1768 3095
542 106 722 144 LIBER
752 103 1065 143 QUARTUS.
1468 112 1516 145 31

95 224 252 267 cernat,
273 222 429 271 quanta
447 213 505 255 vis
526 213 580 255 sit
601 214 644 254 in
665 213 884 255 sensibus?
918 213 1062 255 Quam
1095 211 1231 253 multa
1249 218 1289 244 46
1305 212 1445 256 vident
1463 216 1528 270 pi—

96 283 234 315 ctores
265 273 308 313 in
339 270 513 321 umbris,
544 278 586 311 et
616 271 658 312 in
689 270 930 320 eminentia,
963 284 1058 324 (111εο
1088 283 1164 310 1103
1193 282 1278 310 11011
1306 269 1524 312 videmus?

96 344 223 386 quam
244 328 391 378 multa,
411 342 506 382 quae
527 341 603 367 nos
623 327 825 390 fugiunt
816 341 858 366 111
876 336 1018 376 cantu,
1038 325 1270 366 exaudiunt
1300 325 1342 366 in
1372 340 1423 366 eo
1452 341 1529 381 ge-

96 400 195 427 nere
222 383 462 435 exercitati?
495 383 567 439 qui
598 383 736 438 primo
770 382 916 424 inflatu
954 381 1135 425 tibicinis
1165 381 1404 446 Antiopam
1439 397 1530 424 esse

98 442 229 493 aiunt,
246 450 319 482 aut
337 439 700 491 Andromacham,
720 453 819 480 cum
834 439 875 480 id
897 454 973 479 nos
991 452 1042 480 ne
1061 438 1323 494 suspicemur
1342 438 1528 494 quidem.

99 498 203 540 nihil
232 511 400 539 necesse
432 505 496 538 est
530 496 582 537 de
619 505 794 552 gustatu
829 506 871 537 et
905 495 1083 536 odoratu
1117 495 1262 551 loqui3
1298 510 1340 536 111
1377 495 1531 551 quibus

99 554 446 609 471ntelhgent1a,
483 553 561 594 etsi
599 553 761 603 vitiosa,
797 561 861 594 est
905 552 1099 608 quaedam
1138 562 1292 592 tamen.
1339 552 1441 607 quid
1477 552 1531 593 de

99 621 227 661 tactu,
248 619 290 651 et
307 624 358 651 eo
379 609 564 666 quidem,
594 624 718 665 quem
740 608 983 665 philosophi
1010 608 1252 650 interiorem
1274 618 1440 659 vocant,
1458 617 1533 650 aut

99 666 269 718 doloris,
304 676 376 709 aut
409 666 663 722 voluptatis.
655 677 665 694 θ
698 666 742 706 111
774 681 859 722 (1110
895 665 1118 722 Cyrenaici
1145 664 1238 706 solo
1269 673 1420 721 putant
1449 665 1534 707 veri

99 737 190 765 esse
212 723 439 788 judicium,
461 731 500 755 48
515 724 614 779 quia
644 722 860 764 sentiatur.
922 723 1120 763 Potestne
1150 721 1279 786 igitur
1311 737 1531 778 quisquam
1544 734 1590 765 21

99 780 251 831 dicere,
270 780 377 822 inter
396 794 510 831 eum,
530 780 602 836 qui
623 779 778 830 doleat,
800 789 843 821 et
874 780 979 820 inter
1009 793 1121 843 011111,
1142 778 1215 834 qui
1244 778 1287 819 in
1320 779 1534 844 voluptate

100 837 167 888 sit,
202 837 305 878 nihil
340 837 566 878 interesse?
599 844 685 887 aut,
720 845 760 870 49
775 836 834 877 ita
863 835 936 892 qui
965 835 1131 888 sentiat,
1160 850 1245 876 non
1274 836 1535 891 apertissime

99 893 308 935 insaniat?
341 894 459 950 atqui
485 893 624 950 qualia
653 902 751 934 sunt
781 892 888 943 haec,
920 907 1015 948 (111εο
1043 892 1232 933 sensibus
1241 892 1413 957 percipi
1433 892 1537 934 dici-

101 964 225 1002 mus·
256 950 356 991 talia
382 959 612 1006 sequuntur
632 964 695 1001 ea,
727 964 821 1005 quae
844 964 952 990 non
963 949 1184 990 sensibus
1173 949 1272 1013 lpsis
1294 949 1450 1004 percipi
1472 949 1538 990 dj-

101 1016 268 1058 cuntur,
301 1007 375 1048 sed
407 1007 593 1062 quodam
624 1005 754 1047 modo
780 1005 999 1048 sensibus:
1032 1014 1079 1047 ut
1109 1006 1227 1056 haec3
1258 1004 1364 1047 illud
1383 1014 1445 1046 est
1475 1006 1536 1047 al·

101 1064 220 1115 bum,
250 1063 332 1105 hoc
361 1063 499 1116 dulce,
519 1078 720 1105 canorum
750 1063 870 1114 illud,
893 1062 975 1104 hoc
1008 1063 1116 1103 bene
1146 1062 1276 1113 olens,
1307 1062 1388 1104 hoc
1415 1077 1566 1118 aspe-

103 1135 211 1162 rum.
242 1121 384 1162 animo
412 1121 499 1177 jam
533 1121 624 1161 haec
653 1129 845 1162 tenemus
874 1119 1192 1175 comprehensa,
1214 1134 1299 1160 non
1332 1120 1536 1161 sensibus.

104 1176 174 1218 ille
195 1176 390 1242 deinceps
411 1192 543 1233 equus
565 1186 643 1228 est,
664 1177 734 1218 ille
756 1177 883 1218 canis.
906 1185 1047 1218 cetera
1068 1176 1195 1217 series
1216 1175 1368 1217 deinde
1397 1176 1537 1232 sequi-

103 1243 186 1285 tur,
207 1234 368 1290 majora
387 1243 572 1284 nectens,
586 1244 632 1275 ut
652 1233 758 1285 haec,
778 1248 872 1298 (111εο
890 1233 1009 1289 quasi
1029 1233 1239 1297 expletam
1260 1247 1400 1274 rerum
1420 1247 1539 1275 com-

104 1289 428 1345 prehensionem
458 1291 782 1345 amplectuntur,
814 1290 849 1331 si
882 1289 1012 1330 homo
1038 1299 1116 1340 est,
1146 1288 1301 1331 animal
1331 1299 1396 1331 est
1421 1304 1577 1347 mor-p
1596 1312 1624 1342 7

105 1346 204 1396 tale,
226 1355 264 1379 ⁵0
278 1347 450 1388 rationis
470 1347 694 1411 particeps.
715 1360 799 1402 quo
819 1360 841 1386 e
862 1360 1020 1401 genere
1052 1346 1173 1387 nobis
1207 1346 1367 1388 notitiae
1397 1359 1579 1388 101111118-

106 1402 431 1458 imprimuntur:
464 1404 551 1444 sine
582 1402 734 1459 quibus
754 1417 831 1443 nec
852 1402 1033 1466 intelligi
1053 1402 1299 1467 quidquam,
1318 1417 1395 1444 nec
1421 1418 1540 1474 quae-
1551 1417 1602 1449 22

106 1459 156 1510 ri,
177 1468 251 1499 aut
270 1459 473 1514 disputari
492 1467 648 1515 potest.
708 1459 838 1515 Quod
858 1474 892 1501 s1
911 1469 1052 1500 essent
1069 1459 1186 1500 falsae
1208 1459 1369 1500 notitiae
1395 1459 1542 1512 (ἐννοίας

106 1515 219 1558 0111111
240 1515 410 1557 notitias
431 1515 643 1581 appellare
662 1523 709 1556 tu
730 1515 939 1568 videbare)
959 1515 994 1555 si
1014 1514 1144 1570 igitur
1164 1525 1303 1558 essent
1323 1516 1390 1557 hae
1409 1516 1542 1568 falsae,

107 1580 181 1614 aut
197 1571 407 1628 ejusmodi
436 1573 530 1613 visis
552 1572 783 1628 impressae,
803 1571 945 1628 qualia
964 1571 1050 1613 visa
1069 1586 1094 1612 a
1112 1572 1226 1613 falsis
1248 1572 1428 1614 discerni
1457 1588 1543 1614 non

106 1638 302 1684 possent·
334 1643 420 1685 quo
444 1629 630 1671 tandem
661 1629 724 1670 his
755 1628 885 1670 modo
915 1630 1160 1671 uteremur?
1194 1644 1279 1684 quo
1308 1629 1438 1671 modo
1468 1644 1544 1672 au-

105 1694 208 1737 tem,
239 1685 341 1741 quid
371 1686 523 1742 cuique
552 1686 610 1727 rei
641 1696 968 1728 consentaneum
997 1693 1120 1737 esset,
1148 1685 1251 1741 quid
1277 1695 1543 1742 repugnaret,

106 1741 364 1783 videremus
355 1743 369 1772 ³
401 1743 615 1784 mernoriae
637 1742 806 1798 quidem
837 1752 964 1793 certe,
985 1757 1080 1798 quae
1100 1757 1184 1783 non
1204 1742 1334 1784 modo
1355 1743 1544 1798 philoso-

108 1794 267 1854 phiam,
296 1798 368 1840 sed
392 1800 536 1841 omnis
567 1800 660 1841 vitae
695 1814 834 1850 usum,
855 1813 1085 1855 omnesque
1112 1808 1223 1840 artes
1253 1814 1336 1840 una
1362 1800 1544 1841 maxime

108 1855 312 1907 continet,
340 1856 443 1897 nihil
474 1856 648 1897 omnino
679 1855 763 1897 loci
791 1865 827 1889 51
846 1856 1108 1920 relinquitur.
1138 1870 1233 1912 quae
1263 1865 1405 1912 potest
1430 1856 1544 1898 enim

110 1924 201 1953 esse
229 1913 435 1954 memoria
463 1913 697 1954 falsorum?
730 1922 805 1955 aut
825 1913 926 1969 quid
949 1912 1170 1969 quisquam
1203 1913 1409 1963 meminit,
1429 1913 1547 1969 quod

111 1982 196 2008 non
215 1969 355 2009 animo
374 1969 710 2025 comprehendit,
729 1978 772 2010 et
791 1971 933 2011 tenet?
965 1984 1031 2011 ars
1051 1984 1148 2011 vero
1166 1984 1261 2025 quae
1282 1978 1428 2034 potest
1439 1984 1544 2021 0330,

111 2023 190 2065 11131
210 2040 305 2080 quae
335 2039 420 2067 non
452 2039 503 2067 ex
532 2040 629 2076 una,
651 2035 725 2068 aut
754 2025 931 2078 duabus,
953 2025 1024 2067 sed
1053 2039 1103 2067 ex
1132 2026 1276 2068 multis
1303 2027 1431 2067 ammi
1450 2040 1545 2082 per-

109 2081 376 2137 ceptionibus
409 2083 610 2124 constat?
646 2091 683 2115 52
700 2097 803 2139 quas
838 2083 872 2124 si
909 2082 1176 2135 subtraxeris,
1210 2083 1285 2140 qui
1313 2082 1548 2139 distingues

134 2249 135 2252 ’
155 2243 196 2270 46
213 2239 389 2270 vident-in
411 2237 580 2280 eminentia]
603 2249 634 2270 v.
651 2239 754 2271 Clavis
778 2240 811 2269 in
832 2245 834 2247 '

114 2283 195 2313 h..v

157 2332 196 2360 47
215 2324 506 2365 intelligentia—etsi
526 2325 647 2360 vitiosa,
662 2331 703 2354 est
718 2337 747 2366 q.
766 2332 812 2354 ta-

115 2364 193 2407 men]
214 2367 329 2398 Vitiosa
348 2369 467 2409 accipio
490 2379 557 2400 non
581 2369 729 2408 perfecta,
750 2369 812 2398 im-

115 2411 240 2442 becilla.

159 2461 199 2494 48
213 2453 283 2496 quia
293 2454 447 2494 sentiatur]
463 2455 556 2485 Unde
566 2454 687 2484 scilicet
696 2453 811 2484 intelli-

116 2497 211 2536 gitur,
228 2507 280 2527 eos
297 2498 329 2528 in
344 2507 439 2528 sensu
451 2507 620 2536 agnoscere
635 2498 812 2533 veritatem,

116 2541 209 2579 eique
221 2541 382 2580 judicium
396 2541 531 2572 veritatis
551 2541 696 2571 tribuere.
734 2540 813 2570 Mss.

118 2582 172 2615 hic
187 2582 318 2614 variant.

160 2632 201 2658 49
217 2626 267 2667 qui
282 2625 325 2655 ita
340 2625 457 2662 sentiat,
474 2637 526 2656 non
547 2625 673 2655 insania!
684 2623 713 2664 ἔ]
733 2625 813 2656 Haec

118 2667 199 2698 bene
222 2669 318 2698 latina
339 2675 426 2698 sunt.
471 2668 503 2699 Si
520 2676 611 2706 esset,
628 2670 678 2710 qui
694 2669 737 2698 ita
752 2679 814 2698 sen-

120 2710 182 2744 tiet.
206 2722 260 2740 non
282 2711 402 2748 insanit,
427 2719 463 2742 ut
485 2721 644 2742 correxere
667 2711 814 2743 Davisius

119 2759 151 2782 et
165 2753 376 2794 Alemannus,
393 2765 458 2785 non
473 2755 554 2785 bene
569 2755 667 2786 latina
689 2761 811 2786 essent:

120 2795 244 2827 deberet
259 2807 325 2828 esse
347 2797 444 2834 sentit,
461 2805 516 2828 aut
536 2796 814 2828 sentiet—insaniet.

123 2837 183 2868 Sed
199 2846 331 2879 utroque
346 2840 460 2871 melius
476 2848 520 2871 est
536 2840 714 2879 vulgatum.

899 2246 938 2271 50
955 2240 1074 2270 rationis
1091 2239 1254 2280 particeps]
1272 2241 1324 2272 Sic
1340 2241 1403 2272 Ms.
1418 2241 1550 2280 quidam

853 2288 885 2313 et
906 2283 975 2314 edd.
1000 2289 1073 2314 vett.
1098 2284 1178 2314 Ven.
1202 2284 1290 2316 Med.
1312 2285 1388 2315 Asc.
1401 2284 1475 2315 Ald.
1491 2286 1551 2316 &c.

855 2325 1040 2357 recentiores
1068 2326 1177 2356 ratione
1195 2327 1354 2366 particeps.
1380 2327 1492 2358 vitiose
1522 2335 1552 2358 et

855 2376 965 2398 contra
990 2368 1189 2400 latinitatem.
1233 2370 1293 2400 Sed
1323 2371 1456 2401 correxit
1481 2372 1550 2410 jam

855 2411 1014 2442 Davisius.

899 2461 935 2485 51
963 2453 1154 2496 relinquitur]
1184 2455 1369 2486 Secundum
1392 2457 1554 2496 superiora

854 2497 988 2527 debebat
1013 2507 1078 2528 esse
1109 2497 1339 2540 relinqueretur;
1361 2500 1413 2529 sed
1441 2499 1552 2530 Cicero

857 2541 993 2571 mutavit
1013 2541 1046 2570 in
1068 2541 1129 2570 hoc
1149 2541 1288 2573 formam
1301 2543 1470 2573 orationis:
1495 2544 1552 2573 ita-

855 2593 916 2623 que
932 2583 1012 2613 etin
1027 2583 1089 2614 hac
1110 2585 1229 2624 pergit:
1254 2596 1301 2614 ars
1321 2596 1391 2615 vero
1415 2596 1481 2627 quae
1499 2592 1552 2625 po·

856 2632 912 2655 test
928 2637 984 2655 esse
999 2628 1058 2657 ἃς.

901 2676 939 2700 52
957 2679 1029 2710 quas
1042 2669 1067 2698 si
1079 2667 1185 2708 subm]
1201 2681 1272 2711 quas
1285 2671 1342 2700 int.
1355 2670 1555 2710 perceptiones.

857 2720 934 2742 nam
960 2712 1128 2752 vulgatum
1154 2723 1242 2754 quam
1267 2714 1307 2744 ad
1335 2720 1427 2743 artem
1451 2712 1555 2742 referri

857 2764 924 2786 non
940 2761 1054 2794 potest:
1080 2766 1151 2796 quas
1168 2756 1232 2786 Ms.
1248 2766 1310 2796 reg.
1328 2756 1422 2787 Paris.
1439 2756 1554 2785 habet:

858 2798 954 2837 idque
976 2805 1007 2827 et
1032 2799 1105 2830 viris
1131 2800 1230 2830 doctis
1253 2801 1322 2838 jam
1349 2801 1382 2829 in
1412 2805 1552 2829 mentem

859 2848 996 2871 venerat.
