1778 3095
577 176 754 213 LIBER
792 178 1032 215 PRIMUS.
1445 174 1519 219 431

101 285 224 327 nibus
253 286 452 328 colendos
482 284 610 334 dicas,
633 299 730 325 cum
760 284 818 326 dii
850 299 935 325 non
968 284 1097 326 modo
1126 283 1320 325 homines
1348 301 1431 327 non
1452 302 1525 329 co-
1582 334 1588 339 ,

99 342 203 393 lant,
235 343 305 384 sed
336 342 507 384 omnino
540 341 644 382 nihil
676 350 835 392 curent,
868 340 968 381 nihil
1003 343 1156 396 agant?
1189 342 1250 381 At
1282 349 1346 381 est
1375 357 1519 385 eorum
1538 355 1613 392 116

98 399 251 441 eximia
281 399 488 455 quaedam‚
509 407 794 453 praestansque
824 406 984 448 natura,
1003 407 1050 437 ut
1079 413 1127 438 ea
1156 398 1307 438 debeat
1333 397 1422 452 ipsa
1450 414 1524 454 per

99 469 143 495 se
177 455 228 496 ad
263 471 306 497 se
337 453 554 496 colendam
590 453 739 495 elicere
771 454 1015 509 sapientem.
1074 455 1144 494 An
1173 454 1402 510 quidquam
1435 457 1521 497 exi-

99 512 231 552 mium
262 520 400 567 potest
429 525 519 551 esse
550 511 592 550 in
624 525 673 551 ea
700 518 861 560 natura,
894 525 988 566 quae
1017 525 1091 551 sua
1119 510 1332 565 voluptate
1362 511 1524 561 laetans,

99 568 201 608 nihil
237 582 311 608 nec
345 575 490 608 actura
522 568 576 608 sit
610 581 826 622 umquam,
864 582 998 622 neque
1032 575 1147 622 agat,
1186 582 1319 622 neque
1355 569 1521 623 egerit?

98 625 206 680 Quae
227 638 352 679 porro
372 623 502 678 pietas
521 623 557 663 ei
580 623 770 674 debetur,
790 638 815 663 a
835 638 919 679 quo
942 623 1042 664 nihil
1063 624 1296 678 acceperis?
1329 635 1401 666 aut
1421 624 1526 680 quid

97 680 283 730 omnino,
317 681 437 736 cujus
470 680 631 721 nullum
665 680 861 721 meritum
897 680 963 730 sit,
999 680 1035 720 ei
1072 679 1215 720 deberi
1251 682 1422 736 potest?
1461 690 1526 723 est

96 736 206 777 enim
229 736 551 793 pietaS‚justitia
570 736 785 778 adversum
810 737 909 777 deos
930 753 938 777 :
969 751 1064 777 eum
1088 736 1240 792 quibus
1261 737 1363 793 quid
1385 746 1526 792 potest

97 792 218 833 nobis
237 807 327 833 esse
340 793 463 848 juris,
483 808 579 834 cum
602 793 761 834 homini
783 793 895 834 nulla
914 808 1012 834 eum
1035 793 1114 834 deo
1137 793 1191 834 sit
1208 795 1490 836 communitas
1509 796 1523 835 ?

96 849 293 889 sanctitas
315 859 471 900 autem,
491 858 555 891 est
576 850 747 891 seientia
762 849 1037 891 colendorum
1059 850 1233 891 deorum
1251 867 1260 891 τ
1281 851 1353 906 qui
1375 865 1525 906 quam-

96 905 241 946 obrem
265 906 433 947 colendi
453 916 564 957 sunt,
587 921 670 948 non
691 906 898 962 intelligo,
921 906 1038 946 nullo
1068 921 1143 948 nee
1172 918 1347 963 accepto
1378 908 1431 948 ab
1461 907 1524 959 iis,

95 976 172 1002 nee
201 972 367 1017 sperato
398 963 524 1003 bono.
582 962 698 1019 Quid
728 972 792 1003 est
820 972 978 1013 autem,
1006 964 1120 1018 quod
1151 963 1253 1004 deos
1284 956 1606 1005 veneremur42

95 1028 268 1073 propter
303 1019 623 1059 admirationem
659 1018 749 1075 ejus
781 1027 954 1069 naturae,
984 1020 1025 1060 in
1057 1035 1140 1075 qua
1171 1021 1389 1075 egregium
1421 1021 1612 1070 nihilll7

95 1073 283 1115 videmus
303 1077 315 1115 ?
347 1077 461 1116 Nam
482 1076 790 1130 superstitione,
811 1076 923 1131 quod
946 1076 1119 1131 gloriari
1139 1076 1298 1127 soletis,
1320 1078 1441 1118 facile
1461 1087 1526 1119 est

95 1130 276 1182 liberari,
316 1146 414 1172 cum
455 1132 669 1173 sustuleris
705 1147 875 1173 omnem
914 1132 996 1172 vim
1037 1133 1228 1173 deorum.
1288 1134 1384 1174 Nisi
1419 1134 1527 1175 forte

96 1187 345 1242 Diagoram,
367 1199 440 1229 aut
458 1188 747 1239 Theodorum,
770 1189 842 1244 qui
862 1189 1034 1230 omnino
1066 1189 1166 1230 deos
1190 1204 1278 1230 esse
1300 1191 1527 1245 negabant,

96 1258 239 1285 censes
280 1245 591 1299 superstitiosos
627 1259 717 1285 esse
757 1246 958 1301 potuisse.
1017 1247 1112 1301 Ego
1153 1261 1205 1286 ne
1250 1247 1526 1302 Protagoram

97 1301 297 1355 quidem:
329 1302 397 1341 cui
425 1312 620 1343 neutrum
654 1302 834 1357 liquerit,
855 1317 930 1343 nec
961 1317 1051 1343 esse
1081 1302 1198 1353 deos,
1220 1317 1296 1343 nee
1319 1318 1402 1344 non
1422 1308 1570 1344 esse.b·

99 1357 266 1398 Horum
299 1358 407 1398 enim
441 1358 657 1398 sententiae
686 1359 892 1408 omnium,
914 1374 998 1399 non
1030 1359 1160 1400 modo
1186 1359 1526 1414 superstitionem

96 1413 266 1463 tollunt,
300 1414 341 1454 in
372 1429 454 1469 qua
484 1415 591 1455 inest
619 1416 746 1455 timor
774 1415 905 1456 inanis
936 1416 1140 1466 deorum3
1174 1416 1245 1456 sed
1275 1416 1399 1457 etiam
1427 1417 1526 1458 reli-

95 1469 283 1524 gionem,
314 1486 407 1526 quae
437 1471 614 1511 deorum
645 1471 763 1511 cultu
793 1472 864 1526 pio
894 1473 1146 1513 continetur.
1205 1473 1350 1528 Quid?
1383 1473 1427 1523 ii,
1453 1474 1614 1529 qui118

94 1526 303 1577 dixerunt,
326 1535 459 1568 totam
490 1527 542 1568 de
565 1528 648 1568 ¹diis
679 1528 986 1569 immortalibus
1011 1529 1251 1584 opinionem
1276 1529 1415 1570 fictam
1437 1545 1527 1571 esse

97 1583 150 1623 ab
181 1583 423 1624 hominibus
454 1584 709 1639 sapientibus
744 1585 984 1640 reipublieae
1020 1599 1158 1635 causa,
1191 1594 1253 1637 ut,
1284 1601 1390 1642 quos
1421 1587 1528 1627 ratio

96 1653 181 1679 non
207 1649 364 1694 posset,
398 1654 471 1680 eos
502 1640 554 1681 ad
586 1641 769 1682 officium
801 1641 951 1696 religio
982 1641 1168 1691 duceret,
1189 1657 1327 1683 nonne
1357 1657 1527 1683 omnem

96 1695 342 1751 religionem
374 1697 561 1737 funditus
592 1697 850 1738 sustulerunt
869 1700 880 1738 ?
915 1698 1032 1740 Quid
1051 1699 1063 1739 ?
1097 1706 1137 1732 39
1156 1698 1356 1739 Prodicus
1379 1699 1492 1739 Ceus
1512 1701 1525 1740 ?

96 1753 170 1807 qui
201 1766 263 1803 ea,
286 1768 379 1808 quae
412 1753 658 1808 prodessent
689 1753 908 1795 hominum
938 1755 1047 1804 vitae,
1069 1754 1244 1795 deorum
1277 1755 1318 1795 in
1350 1770 1527 1796 numero

96 1807 242 1850 habita
268 1823 358 1850 esse
389 1810 506 1860 dixit,
539 1825 664 1866 quam
686 1811 852 1851 tandem
877 1811 1125 1866 religionem
1147 1811 1345 1867 reliquit?
1378 1812 1524 1869 Quid?
1545 1825 1619 1867 119

97 1865 171 1920 qui
202 1875 276 1906 aut
304 1867 447 1916 fortes,
479 1876 552 1908 aut
582 1867 730 1918 claros,
762 1877 835 1908 aut
865 1877 1057 1923 potentes
1092 1868 1198 1908 viros
1229 1868 1401 1909 tradunt
1432 1877 1529 1923 post

97 1929 278 1962 mortem
300 1922 352 1962 ad
373 1922 473 1963 deos
503 1924 749 1977 pervenisse,
777 1939 932 1980 eosque
962 1939 1052 1964 esse
1082 1925 1211 1980 ipsos,
1231 1940 1338 1980 quos
1359 1939 1435 1965 nos
1456 1940 1529 1966 co-

97 1977 196 2028 lere,
219 1979 393 2033 precari,
414 1980 679 2035 venerarique
700 1981 924 2031 soleamus,
947 1995 1084 2021 nonne
1103 1990 1294 2036 expertes
1316 1991 1413 2022 sunt
1432 1982 1527 2022 reli·

97 2034 275 2089 gionum
297 2036 516 2076 omnium?
550 2052 643 2092 quae
663 2037 769 2077 ratio
791 2037 970 2078 maxime
998 2046 1176 2078 tractata
1205 2039 1258 2078 ab
1287 2038 1529 2079 Euhemero

97 2099 187 2132 est:
219 2106 345 2147 quem
367 2102 508 2132 noster
537 2104 581 2133 et
610 2093 920 2149 interpretatus,
941 2103 983 2134 et
1002 2104 1169 2135 secutus
1190 2103 1267 2145 est,
1285 2103 1438 2150 praeter
1458 2109 1527 2135 ce-

97 2155 223 2198 teroS,
245 2149 419 2189 Ennius.
477 2149 548 2189 Ab
568 2150 805 2191 Euhemero
824 2160 965 2192 autem
988 2161 1031 2192 et
1046 2160 1219 2201 morteS,
1241 2160 1284 2191 et
1303 2151 1529 2206 sepulturae

97 2198 442 2246 demonstrantur
470 2205 661 2247 deorum.
722 2208 877 2247 Utrum
905 2208 1033 2262 igitur
1053 2207 1122 2247 hie
1142 2207 1413 2248 confirmasse
1433 2208 1528 2248 reli-

96 2260 269 2314 gionem
290 2261 464 2312 videtur,
485 2277 535 2303 an
558 2263 723 2318 penitus
743 2272 875 2303 totam
908 2263 1124 2305 sustulisse
1144 2265 1156 2303 ?
1191 2264 1344 2306 omitto
1364 2262 1529 2305 Eleusi-

98 2331 164 2367 na,
186 2327 372 2360 sanctam
395 2318 509 2360 illam
531 2328 573 2360 et
592 2328 831 2375 augustam,

208 2405 273 2444 Ubi
292 2407 471 2444 initiantur
484 2417 601 2458 gentes
619 2422 752 2445 orarum
773 2408 902 2445 ultimae
919 2425 930 2444 :

102 2491 305 2532 Praetereo
324 2492 673 2544 Samothraciam,
694 2508 841 2550 eaque,

332 2584 420 2633 Quae
440 2585 559 2620 Lemni

208 2636 377 2672 Nocturno
393 2637 489 2673 aditu
508 2637 637 2674 occulta
656 2637 809 2674 coluntur

209 2688 429 2726 Silvestribus
448 2690 592 2740 saepibus
609 2689 723 2727 densa.

146 2846 185 2872 39
204 2840 338 2870 Prodicus
359 2840 444 2878 Ceus]
464 2841 568 2880 Vulgo
588 2843 621 2872 in
644 2842 730 2873 libris
750 2842 896 2874 scribitur
915 2841 1003 2871 Chius
1020 2842 1132 2872 usitato
1148 2850 1260 2873 errore.
1302 2841 1448 2872 Davisius
1464 2850 1531 2870 cor-

104 2884 182 2912 rexit
201 2882 283 2913 Ceus.
299 2893 328 2912 v.
343 2883 430 2913 Clav.
448 2884 477 2912 in
497 2884 642 2915 Prodicus.
