1778 3095
597 130 778 171 LIBER
818 129 1110 168 QUINTUS.
1469 134 1546 174 387

105 237 310 282 brevitate
339 239 594 289 consolatur,
626 245 663 274 27
679 236 1034 292 longinquitatem
1065 235 1246 276 levitate.
1307 236 1421 291 Quid
1450 245 1542 278 tan·
1557 244 1607 285 89

107 295 205 337 dem
227 306 266 329 28
279 298 347 339 isti
366 294 635 352 grandiloqui
656 301 802 335 contra
821 293 911 334 haec
933 293 1034 343 duo,
1056 307 1151 347 quae
1169 291 1350 332 maxime
1366 303 1541 347 angunt,

106 353 257 395 melius
295 354 465 402 habent,
505 366 631 405 quam
668 351 905 405 Epicurus?
939 364 991 389 an
1026 350 1080 389 ad
1112 357 1264 397 cetera,
1298 362 1392 403 quae
1432 350 1541 390 mala

106 418 321 462 putantur,
345 423 427 449 non
448 416 491 448 et
510 407 732 462 Epicurus,
762 415 803 446 et
833 405 981 460 reliqui
1011 403 1255 460 philosophi
1286 405 1383 444 satis
1410 406 1540 458 parati

105 465 332 506 videntur?
364 464 457 519 quis
487 478 572 504 non
601 471 894 519 paupertatem
925 461 1190 502 extimescit?
1222 475 1359 516 neque
1398 469 1539 502 tamen
1552 460 1670 527 ἕψω·

104 521 327 577 quisquam
363 519 727 575 philosophorum.
787 519 872 559 Hic
910 532 1006 559 vero
1042 518 1129 573 ipse
1166 532 1292 573 quam
1323 531 1448 572 parvo
1478 527 1621 593 est32

105 588 328 618 contentus
349 578 361 616 ?
396 590 521 616 nemo
549 575 601 616 de
629 576 745 617 tenui
767 575 879 616 victu
900 575 1021 630 plura
1041 574 1159 614 dixit.
1180 574 1338 614 etenim
1360 589 1453 628 quae
1476 589 1540 615 res

104 635 294 688 pecuniae
328 632 603 687 cupiditatem
636 633 828 682 afferunt,
864 640 912 672 ut
948 630 1096 682 amori,
1134 639 1182 671 ut
1221 630 1456 681 ambitioni,
1493 640 1542 672 ut

102 688 358 744 quotidianis
394 688 604 729 sumtibus
638 689 771 744 copiae
806 696 1053 743 suppetant:
1094 701 1191 727 cum
1225 686 1374 742 procul
1406 688 1458 727 ab
1492 687 1541 728 iis

103 745 298 786 omnibus
333 745 458 786 rebus
494 745 616 795 absit,
651 760 726 786 cur
758 745 980 800 pecuniam
1019 757 1279 800 magnopere
1319 743 1541 795 desideret,

102 801 164 842 vel
184 801 325 856 potius
346 810 465 842 curet
485 802 687 842 omnino?
720 802 789 842 An
811 801 990 857 Scythes
1009 800 1266 841 Anacharsis
1295 800 1437 855 potuit
1464 815 1540 856 pro
1552 801 1605 842 90

103 857 234 908 nihilo
264 857 488 912 pecuniam
519 857 699 899 ducere:
731 867 772 891 29
790 866 996 898 nostrates
1022 857 1265 911 philosophi
1294 857 1431 898 facere
1458 872 1541 898 non

101 915 329 968 poterunt?
365 914 483 955 Illius
505 914 684 969 epistola
707 914 839 954 fertur
863 913 928 954 his
953 913 1114 954 verbis:
1145 912 1397 954 Anacharsis
1420 913 1542 955 Han—

100 969 196 1010 noni
216 969 405 1011 salutem.
464 970 580 1011 Milli
611 970 781 1011 amictui
810 977 883 1020 est,
916 968 1152 1025 Scythicum
1170 976 1329 1026 tegmen
1347 987 1359 1010 .-
1393 970 1543 1011 calcia-

101 1034 297 1077 mentum,
316 1025 489 1067 solorum
504 1025 684 1068 callum.-
710 1026 852 1077 cubile,
872 1033 1006 1066 terra.-
1034 1025 1363 1081 pulpamentum,
1369 1026 1539 1082 fames:

102 1081 221 1133 lacte,
258 1097 383 1134 caseO,
419 1098 538 1124 carne
577 1098 722 1124 vescor.
789 1083 926 1138 Quare
963 1089 1010 1122 ut
1049 1082 1104 1123 ad
1134 1082 1318 1138 quietum
1350 1098 1415 1124 me
1447 1083 1539 1125 licet

99 1139 249 1180 venias.
309 1140 491 1181 Munera
510 1147 646 1180 autem
669 1139 762 1190 ista,
784 1138 929 1196 quibus
959 1155 998 1179 es
1029 1137 1265 1190 delectatus,
1295 1139 1361 1180 vel
1389 1139 1540 1181 civibus

101 1195 197 1247 tuis,
238 1195 302 1236 vel
338 1196 416 1236 diis
457 1195 756 1237 immortalibus
795 1196 914 1237 domi.
972 1195 1131 1236 Omnes
1174 1196 1259 1236 fere
1296 1195 1540 1251 philosophi

99 1252 291 1293 omnium
329 1253 659 1307 disciplinarum,
699 1252 777 1293 nisi
814 1266 921 1307 quos
961 1266 985 1292 a
1023 1261 1137 1292 recta
1184 1252 1345 1293 ratione
1391 1262 1539 1294 natura

98 1308 247 1349 vitiosa
259 1309 517 1359 detorsisset,
531 1309 680 1350 eodem
695 1309 776 1349 hoc
790 1309 930 1349 animo
946 1322 1035 1348 esse
1050 1317 1296 1363 potuerunt.
1328 1310 1536 1361 Socrates,
1548 1315 1596 1357 91

96 1364 142 1404 in
171 1379 330 1420 pompa
359 1379 457 1405 cum
487 1380 644 1420 magna
676 1366 732 1405 vis
762 1365 866 1415 auri,
898 1365 1144 1420 argentique
1174 1365 1368 1417 ferretur,
1403 1366 1538 1419 Quam

98 1420 233 1462 multa
271 1436 349 1462 uon
390 1421 597 1462 desidero!
644 1422 794 1477 inquit.
856 1423 1129 1471 Xenocrates,
1175 1436 1272 1462 cum
1314 1421 1443 1477 legati
1483 1423 1537 1463 ab

95 1477 339 1518 Alexandro
378 1477 684 1533 quinquaginta
726 1479 764 1518 ei
812 1477 969 1518 talenta
1012 1478 1266 1527 attulissent,
1315 1493 1409 1533 quae
1448 1487 1537 1520 erat

94 1534 275 1587 pecunia
300 1534 564 1588 temporibus
593 1534 691 1583 illis,
722 1534 903 1574 Athenis
934 1534 1182 1588 praesertim,
1214 1535 1428 1576 maxima:
1459 1536 1535 1576 ab·

94 1589 216 1631 duxit
232 1589 395 1645 legatos
415 1589 469 1630 ad
488 1604 635 1630 cenam
664 1591 705 1630 in
726 1590 1005 1630 Academiam
1024 1605 1034 1639 3
1066 1589 1114 1629 iis
1135 1591 1332 1645 apposuit
1351 1600 1534 1643 tantum,

94 1646 213 1702 quod
242 1647 342 1687 satis
371 1656 497 1697 esset,
528 1646 646 1687 nullo
679 1655 895 1701 apparatu.
959 1645 1068 1687 Cum
1102 1645 1305 1701 postridie
1335 1658 1536 1702 rogarent

93 1717 208 1753 eum,
250 1703 319 1743 cui
357 1703 568 1743 numerari
600 1702 799 1759 juberet:
853 1702 1005 1757 Quid?
1035 1717 1101 1743 vos
1140 1702 1341 1754 hesterna,
1382 1704 1531 1760 inquit,

94 1759 237 1800 cenula
255 1773 335 1799 non
353 1758 631 1810 intellexistis,
660 1774 724 1799 me
748 1760 921 1813 pecunia
953 1774 1032 1800 uon
1061 1774 1177 1815 egere
1194 1762 1217 1801 ?
1249 1768 1289 1792 ³0
1306 1774 1413 1816 quos
1433 1775 1532 1802 cum

92 1815 296 1856 tristiores
331 1815 514 1866 vidisset,
555 1829 657 1856 xxx
699 1817 834 1857 minas
872 1816 1051 1871 accepit,
1088 1830 1140 1856 ne
1173 1817 1386 1872 aspernari
1421 1818 1594 1873 regis92

93 1869 388 1912 liberalitatem
411 1872 632 1912 videretur.
680 1872 741 1912 At
762 1886 856 1912 vero
878 1873 1097 1928 Diogenes
1118 1872 1306 1924 liberius,
1329 1882 1375 1915 ut
1398 1872 1532 1930 Cyni-

94 1941 183 1978 cus,
219 1927 462 1968 Alexandro
496 1927 678 1982 roganti,
716 1937 762 1968 ut
793 1928 963 1979 diceret,
998 1929 1084 1969 susi
1124 1930 1226 1984 quid
1265 1944 1373 1985 opus
1408 1940 1534 1982 esset,

99 1983 220 2024 Nunc
258 1983 421 2039 quidem
446 1983 698 2038 paullulum,
737 1984 887 2040 inquit,
921 2000 945 2025 α
973 1984 1067 2026 sole.
1104 1986 1303 2027 offecerat
1341 1986 1536 2028 videlicet

94 2040 311 2095 apricanti.
370 2041 425 2080 Et
456 2040 523 2080 hic
553 2040 723 2096 quidem
755 2040 967 2096 disputare
997 2042 1174 2093 solebat,
1205 2052 1366 2098 quanto
1386 2057 1533 2099 regern

95 2096 313 2137 Persarum
357 2097 441 2137 vita
475 2097 729 2152 fortunaque
764 2109 992 2152 superaret.
1025 2098 1104 2139 sibi
1135 2099 1240 2140 nihil
1269 2100 1442 2141 deesse:
1469 2099 1532 2141 illi

93 2152 197 2193 nihil
218 2153 317 2194 satis
340 2168 543 2209 umquam
571 2154 674 2195 fore.
706 2167 748 2194 se
778 2153 868 2209 ejus
899 2155 1134 2210 voluptates
1165 2170 1249 2197 non
1280 2156 1531 2210 desiderare,

135 2305 172 2334 27
199 2298 438 2341 longinquitatem
465 2298 601 2337 levitate]
633 2300 721 2331 Edidi
750 2300 789 2329 le·
821 2301 929 2341 ficere
959 2302 1039 2330 mihi
1075 2311 1200 2342 semper
1235 2309 1422 2342 suspectum
1457 2304 1529 2341 fuit,

90 2341 188 2372 vitate
217 2352 273 2381 pro
303 2341 447 2380 lenitate3
472 2350 508 2372 ut
538 2343 702 2381 conjecere
732 2344 788 2373 viri
833 2344 989 2382 credoque
1027 2344 1200 2375 delendum
1238 2355 1315 2375 esse.
1352 2346 1427 2376 alibi
1465 2357 1532 2377 non

90 2385 172 2414 docti
204 2386 396 2415 nominatim
429 2385 594 2416 Pearcius:
634 2393 665 2415 et
695 2387 790 2416 habet
833 2388 917 2416 addit
935 2387 1066 2416 Cicero:
1092 2397 1152 2418 nec
1174 2397 1232 2427 ego
1250 2389 1434 2419 addiderim.
1459 2396 1530 2420 turn

92 2425 156 2457 ΜΒ.
174 2427 280 2458 Guelf.
297 2427 409 2458 alludit
421 2428 459 2458 ad
475 2428 529 2458 illa
540 2429 578 2457 de
590 2429 696 2458 dolore
713 2438 789 2459 con·
833 2439 888 2469 pro
900 2436 1035 2469 poterunt
1052 2430 1131 2460 Mss.
1147 2432 1292 2469 quidam,
1309 2432 1404 2461 etiam
1422 2432 1531 2463 Guelf.

90 2471 240 2500 sectaria:
264 2471 288 2499 si
299 2471 397 2510 longus
413 2470 499 2508 levis,
517 2471 541 2500 si
555 2471 661 2511 gravis
677 2471 785 2501 brevis.
825 2479 993 2511 potuerunt,
1011 2480 1046 2503 ut
1062 2480 1091 2503 et
1104 2473 1213 2514 paullo
1229 2481 1298 2514 post
1310 2481 1357 2505 est
1371 2473 1421 2503 hoc
1436 2472 1531 2505 aniino

134 2518 174 2542 28
198 2512 248 2541 isti
271 2512 470 2554 grandiloqui]
502 2514 565 2544 Int.
593 2514 700 2551 Stoici,
731 2515 786 2554 qui
832 2521 1064 2554 essepotuerunt.

91 2555 263 2593 magnifice
278 2556 315 2585 de
330 2557 444 2585 virtute
464 2556 686 2596 loquebantur.
709 2567 787 2588 mox
873 2563 914 2589 30
937 2557 1014 2599 quod
1038 2569 1101 2588 cum
1133 2559 1271 2588 tristiores
1297 2558 1432 2599 vidisset]
1465 2559 1530 2590 Da-

89 2598 264 2627 delendum
281 2604 328 2627 est
347 2608 385 2628 se.
407 2598 508 2628 melius
531 2599 635 2629 habent
651 2600 788 2638 conjun·
832 2600 927 2630 visius
942 2600 1028 2630 dedit
1041 2613 1107 2642 quos
1123 2611 1139 2631 e
1156 2601 1235 2632 Mss.
1256 2602 1342 2632 idem
1366 2603 1477 2643 reperit
1496 2604 1530 2636 in

90 2641 174 2679 gitur
189 2649 268 2670 cum
285 2645 382 2668 contra
398 2640 458 2670 haec
472 2641 535 2672 duo.
565 2642 625 2673 Sed
641 2643 680 2673 ab
697 2644 787 2673 initio
831 2643 917 2672 libris
940 2651 1000 2673 scr.
1024 2644 1194 2680 Buherius‚
1218 2645 1264 2674 sic
1287 2652 1318 2675 et
1340 2645 1405 2676 Ms.
1420 2645 1532 2677 Guelf.

89 2684 264 2722 conjuncte
288 2682 421 2722 legenda
442 2692 517 2714 sunt
532 2685 602 2715 haec
620 2683 702 2716 Quid
722 2693 786 2715 tan·
832 2686 938 2724 itaque
968 2688 1070 2726 recepi
1100 2694 1131 2716 et
1160 2689 1238 2726 ipse,
1274 2689 1330 2718 etsi
1359 2688 1530 2728 vulgatum

88 2724 152 2754 dem
183 2725 233 2755 isti
261 2724 447 2767 grandiloqui
476 2734 573 2757 contra
603 2728 664 2757 haec
691 2728 790 2759 duo—
833 2728 909 2769 quod
921 2729 1069 2768 explicari
1086 2737 1199 2769 potest,
1221 2737 1321 2769 potest
1336 2740 1414 2768 esse,
1430 2741 1529 2770 quam

90 2767 192 2797 melius
218 2768 342 2797 habent.-
380 2768 433 2798 cui
457 2769 489 2799 in
512 2772 716 2810 sequentibus
741 2781 790 2801 re·-
832 2771 872 2800 ad
887 2781 967 2808 rem,
984 2782 1058 2811 quae
1073 2773 1115 2803 ob
1130 2774 1224 2803 dicta.
1241 2782 1273 2803 v.
1290 2773 1379 2803 Clav.
1395 2775 1427 2803 in
1444 2773 1527 2814 quod.

91 2811 225 2849 spondet
240 2811 327 2841 hoc:
352 2822 390 2840 an
406 2810 446 2840 ad
458 2815 665 2843 cetera—satis
675 2814 789 2854 parati.
877 2819 913 2844 31
940 2815 964 2843 si
989 2814 1061 2856 quid
1085 2821 1151 2854 opus
1176 2814 1215 2855 e.]
1247 2816 1299 2846 Sic
1329 2816 1393 2846 Ms.
1423 2815 1529 2846 Guelf.

137 2860 176 2885 29
199 2860 337 2884 nostrates
361 2854 414 2893 ph.
426 2854 532 2894 facere
562 2866 614 2885 non
637 2855 786 2896 poterunt]
834 2863 864 2886 et
878 2856 945 2893 alli,
962 2857 1038 2887 item
1055 2859 1124 2888 edd.
1139 2865 1214 2889 vett.
1260 2858 1366 2897 Vulgo
1381 2866 1426 2891 est
1441 2859 1515 2900 quie·

826 2910 851 2936 C
873 2911 896 2937 O
919 2910 941 2938 2
