<?xml version="1.0" encoding="UTF-8"?>
<!DOCTYPE html PUBLIC "-//W3C//DTD XHTML 1.0 Transitional//EN"
    "http://www.w3.org/TR/xhtml1/DTD/xhtml1-transitional.dtd">
<html xmlns="http://www.w3.org/1999/xhtml" xml:lang="en" lang="en">
 <head>
  <title>
</title>
<meta http-equiv="Content-Type" content="text/html;charset=utf-8" />
  <meta name='ocr-system' content='tesseract 3.04.00' />
  <meta name='ocr-capabilities' content='ocr_page ocr_carea ocr_par ocr_line ocrx_word'/>
</head>
<body>
  <div class='ocr_page' id='page_1' title='image "./p1operaomnia04ciceuoft_0266.png"; bbox 0 0 1778 3095; ppageno 0'>
   <div class='ocr_carea' id='block_1_1' title="bbox 167 94 1694 2353">
    <p class='ocr_par' dir='ltr' id='par_1_1' title="bbox 238 94 1672 375">
     <span class='ocr_line' id='line_1_1' title="bbox 238 94 1319 136; baseline -0.002 0"><span class='ocrx_word' id='word_1_1' title='bbox 238 104 314 136; x_wconf 81' lang='lat'><strong>258</strong></span> <span class='ocrx_word' id='word_1_2' title='bbox 591 95 849 134; x_wconf 84' lang='lat' dir='ltr'><strong>TUSCUL.</strong></span> <span class='ocrx_word' id='word_1_3' title='bbox 879 94 1319 134; x_wconf 76' lang='lat' dir='ltr'>QUAESTIONUM</span> 
     </span>
     <span class='ocr_line' id='line_1_2' title="bbox 240 203 1670 256; baseline 0 -9"><span class='ocrx_word' id='word_1_4' title='bbox 240 214 288 247; x_wconf 84' lang='lat' dir='ltr'><strong>ut</strong></span> <span class='ocrx_word' id='word_1_5' title='bbox 307 203 379 246; x_wconf 85' lang='lat' dir='ltr'><strong>illa</strong></span> <span class='ocrx_word' id='word_1_6' title='bbox 399 212 547 246; x_wconf 85' lang='lat' dir='ltr'><strong>natura</strong></span> <span class='ocrx_word' id='word_1_7' title='bbox 565 204 743 246; x_wconf 80' lang='lat' dir='ltr'><strong>caelestis</strong></span> <span class='ocrx_word' id='word_1_8' title='bbox 774 214 817 245; x_wconf 90' lang='lat' dir='ltr'><strong>et</strong></span> <span class='ocrx_word' id='word_1_9' title='bbox 846 214 954 246; x_wconf 88' lang='lat' dir='ltr'><strong>terra</strong></span> <span class='ocrx_word' id='word_1_10' title='bbox 984 214 1116 256; x_wconf 70' lang='lat' dir='ltr'><strong>vacat,</strong></span> <span class='ocrx_word' id='word_1_11' title='bbox 1137 214 1179 246; x_wconf 84' lang='lat' dir='ltr'><strong>et</strong></span> <span class='ocrx_word' id='word_1_12' title='bbox 1200 205 1377 246; x_wconf 87' lang='lat' dir='ltr'><strong>humore</strong></span> <span class='ocrx_word' id='word_1_13' title='bbox 1396 221 1405 245; x_wconf 93' lang='lat'><strong>:</strong></span> <span class='ocrx_word' id='word_1_14' title='bbox 1435 204 1494 246; x_wconf 89' lang='lat' dir='ltr'><strong>sic</strong></span> <span class='ocrx_word' id='word_1_15' title='bbox 1516 205 1670 247; x_wconf 86' lang='lat' dir='ltr'><strong>utrius·</strong></span> 
     </span>
     <span class='ocr_line' id='line_1_3' title="bbox 242 261 1672 318; baseline 0 -15"><span class='ocrx_word' id='word_1_16' title='bbox 242 276 325 318; x_wconf 87' lang='lat' dir='ltr'><strong>que</strong></span> <span class='ocrx_word' id='word_1_17' title='bbox 345 261 494 303; x_wconf 87' lang='lat' dir='ltr'><strong>harum</strong></span> <span class='ocrx_word' id='word_1_18' title='bbox 515 276 652 302; x_wconf 87' lang='lat' dir='ltr'><strong>rerum</strong></span> <span class='ocrx_word' id='word_1_19' title='bbox 674 261 881 303; x_wconf 88' lang='lat' dir='ltr'><strong>humanus</strong></span> <span class='ocrx_word' id='word_1_20' title='bbox 908 262 1071 303; x_wconf 86' lang='lat' dir='ltr'><strong>animus</strong></span> <span class='ocrx_word' id='word_1_21' title='bbox 1091 271 1154 302; x_wconf 90' lang='lat' dir='ltr'><strong>est</strong></span> <span class='ocrx_word' id='word_1_22' title='bbox 1172 275 1330 316; x_wconf 86' lang='lat' dir='ltr'>expers.</span> <span class='ocrx_word' id='word_1_23' title='bbox 1362 261 1425 301; x_wconf 86' lang='lat' dir='ltr'><strong>sin</strong></span> <span class='ocrx_word' id='word_1_24' title='bbox 1446 271 1588 302; x_wconf 90' lang='lat' dir='ltr'><strong>autem</strong></span> <span class='ocrx_word' id='word_1_25' title='bbox 1608 271 1672 303; x_wconf 90' lang='lat' dir='ltr'><strong>est</strong></span> 
     </span>
     <span class='ocr_line' id='line_1_4' title="bbox 246 317 1671 375; baseline -0.001 -15"><span class='ocrx_word' id='word_1_26' title='bbox 246 318 394 375; x_wconf 87' lang='lat' dir='ltr'><strong>quinta</strong></span> <span class='ocrx_word' id='word_1_27' title='bbox 429 317 622 374; x_wconf 86' lang='lat' dir='ltr'><strong>quaedam</strong></span> <span class='ocrx_word' id='word_1_28' title='bbox 657 327 805 359; x_wconf 87' lang='lat' dir='ltr'><strong>natura</strong></span> <span class='ocrx_word' id='word_1_29' title='bbox 840 319 892 359; x_wconf 89' lang='lat' dir='ltr'><strong>ab</strong></span> <span class='ocrx_word' id='word_1_30' title='bbox 928 318 1157 360; x_wconf 81' lang='lat' dir='ltr'>Aristotele</span> <span class='ocrx_word' id='word_1_31' title='bbox 1197 318 1399 359; x_wconf 84' lang='lat' dir='ltr'><strong>inducta:</strong></span> <span class='ocrx_word' id='word_1_32' title='bbox 1441 318 1671 373; x_wconf 84' lang='lat' dir='ltr'><strong>10pri1num</strong></span> 
     </span>
    </p>

    <p class='ocr_par' dir='ltr' id='par_1_2' title="bbox 183 374 1672 425">
     <span class='ocr_line' id='line_1_5' title="bbox 183 374 1672 425; baseline -0.001 -9"><span class='ocrx_word' id='word_1_33' title='bbox 183 375 233 412; x_wconf 76' lang='lat'><strong>66</strong></span> <span class='ocrx_word' id='word_1_34' title='bbox 248 375 340 416; x_wconf 86' lang='lat' dir='ltr'><strong>haec</strong></span> <span class='ocrx_word' id='word_1_35' title='bbox 360 385 403 416; x_wconf 90' lang='lat' dir='ltr'><strong>et</strong></span> <span class='ocrx_word' id='word_1_36' title='bbox 423 375 598 415; x_wconf 85' lang='lat' dir='ltr'><strong>deorum</strong></span> <span class='ocrx_word' id='word_1_37' title='bbox 620 384 698 425; x_wconf 89' lang='lat' dir='ltr'><strong>est,</strong></span> <span class='ocrx_word' id='word_1_38' title='bbox 718 384 762 415; x_wconf 91' lang='lat' dir='ltr'><strong>et</strong></span> <span class='ocrx_word' id='word_1_39' title='bbox 781 375 1031 415; x_wconf 86' lang='lat' dir='ltr'><strong>animorum.</strong></span> <span class='ocrx_word' id='word_1_40' title='bbox 1092 376 1135 416; x_wconf 93' lang='lat' dir='ltr'>H</span> <span class='ocrx_word' id='word_1_41' title='bbox 1139 390 1215 415; x_wconf 87' lang='lat' dir='ltr'><strong>anc</strong></span> <span class='ocrx_word' id='word_1_42' title='bbox 1243 389 1318 415; x_wconf 88' lang='lat' dir='ltr'><strong>nos</strong></span> <span class='ocrx_word' id='word_1_43' title='bbox 1339 374 1587 415; x_wconf 85' lang='lat' dir='ltr'><strong>sententiam</strong></span> <span class='ocrx_word' id='word_1_44' title='bbox 1607 389 1672 415; x_wconf 90' lang='lat' dir='ltr'><strong>se-</strong></span> 
     </span>
    </p>

    <p class='ocr_par' dir='ltr' id='par_1_3' title="bbox 167 430 1677 543">
     <span class='ocr_line' id='line_1_6' title="bbox 167 430 1677 488; baseline -0.001 -15"><span class='ocrx_word' id='word_1_45' title='bbox 167 434 235 488; x_wconf 73' lang='lat'><strong>27</strong></span> <span class='ocrx_word' id='word_1_46' title='bbox 250 432 352 482; x_wconf 89' lang='lat' dir='ltr'><strong>cuti,</strong></span> <span class='ocrx_word' id='word_1_47' title='bbox 372 431 436 472; x_wconf 86' lang='lat' dir='ltr'><strong>his</strong></span> <span class='ocrx_word' id='word_1_48' title='bbox 458 431 555 486; x_wconf 83' lang='lat' dir='ltr'><strong>ipsis</strong></span> <span class='ocrx_word' id='word_1_49' title='bbox 575 431 709 471; x_wconf 88' lang='lat' dir='ltr'><strong>verbis</strong></span> <span class='ocrx_word' id='word_1_50' title='bbox 739 431 780 471; x_wconf 89' lang='lat' dir='ltr'><strong>in</strong></span> <span class='ocrx_word' id='word_1_51' title='bbox 810 431 1097 472; x_wconf 84' lang='lat' dir='ltr'>consolatione</span> <span class='ocrx_word' id='word_1_52' title='bbox 1118 431 1208 472; x_wconf 87' lang='lat' dir='ltr'><strong>haec</strong></span> <span class='ocrx_word' id='word_1_53' title='bbox 1238 431 1541 486; x_wconf 80' lang='lat' dir='ltr'><strong>expressimus:</strong></span> <span class='ocrx_word' id='word_1_54' title='bbox 1570 430 1677 471; x_wconf 83' lang='lat' dir='ltr'><em>Am·-</em></span> 
     </span>
     <span class='ocr_line' id='line_1_7' title="bbox 251 486 1675 543; baseline -0.002 -13"><span class='ocrx_word' id='word_1_55' title='bbox 251 503 405 530; x_wconf 83' lang='lat' dir='ltr'><strong>morum</strong></span> <span class='ocrx_word' id='word_1_56' title='bbox 432 486 547 527; x_wconf 80' lang='lat' dir='ltr'><strong>nulla</strong></span> <span class='ocrx_word' id='word_1_57' title='bbox 570 487 611 528; x_wconf 82' lang='lat' dir='ltr'><strong>in</strong></span> <span class='ocrx_word' id='word_1_58' title='bbox 632 487 750 528; x_wconf 79' lang='lat' dir='ltr'><strong>terris</strong></span> <span class='ocrx_word' id='word_1_59' title='bbox 772 487 880 543; x_wconf 84' lang='lat' dir='ltr'><strong>origo</strong></span> <span class='ocrx_word' id='word_1_60' title='bbox 903 487 1072 527; x_wconf 71' lang='lat' dir='ltr'><strong>inveniri</strong></span> <span class='ocrx_word' id='word_1_61' title='bbox 1098 495 1259 542; x_wconf 79' lang='lat' dir='ltr'><strong>potest:</strong></span> <span class='ocrx_word' id='word_1_62' title='bbox 1294 487 1398 528; x_wconf 80' lang='lat' dir='ltr'><em>nihil</em></span> <span class='ocrx_word' id='word_1_63' title='bbox 1427 487 1534 528; x_wconf 76' lang='lat' dir='ltr'><em>enini</em></span> <span class='ocrx_word' id='word_1_64' title='bbox 1553 493 1610 528; x_wconf 81' lang='lat' dir='ltr'><strong>est</strong></span> <span class='ocrx_word' id='word_1_65' title='bbox 1633 487 1675 528; x_wconf 82' lang='lat' dir='ltr'><strong>in</strong></span> 
     </span>
    </p>

    <p class='ocr_par' dir='ltr' id='par_1_4' title="bbox 199 543 1687 1280">
     <span class='ocr_line' id='line_1_8' title="bbox 199 543 1675 599; baseline -0.001 -13"><span class='ocrx_word' id='word_1_66' title='bbox 199 543 204 547; x_wconf 76' lang='grc'><strong>’</strong></span> <span class='ocrx_word' id='word_1_67' title='bbox 251 544 399 586; x_wconf 76' lang='lat' dir='ltr'><strong>animis</strong></span> <span class='ocrx_word' id='word_1_68' title='bbox 419 544 595 583; x_wconf 68' lang='lat' dir='ltr'><strong>mixtum</strong></span> <span class='ocrx_word' id='word_1_69' title='bbox 627 550 750 599; x_wconf 77' lang='lat' dir='ltr'><strong>atque</strong></span> <span class='ocrx_word' id='word_1_70' title='bbox 771 550 1009 593; x_wconf 78' lang='lat' dir='ltr'><strong>concretum,</strong></span> <span class='ocrx_word' id='word_1_71' title='bbox 1031 551 1102 583; x_wconf 79' lang='lat' dir='ltr'><strong>aut</strong></span> <span class='ocrx_word' id='word_1_72' title='bbox 1123 544 1229 598; x_wconf 81' lang='lat' dir='ltr'><strong>quod</strong></span> <span class='ocrx_word' id='word_1_73' title='bbox 1248 559 1298 584; x_wconf 66' lang='grc' dir='ltr'><strong>θα·</strong></span> <span class='ocrx_word' id='word_1_74' title='bbox 1319 552 1427 585; x_wconf 81' lang='lat' dir='ltr'><strong>terra</strong></span> <span class='ocrx_word' id='word_1_75' title='bbox 1446 550 1589 585; x_wconf 79' lang='lat' dir='ltr'><strong>natum</strong></span> <span class='ocrx_word' id='word_1_76' title='bbox 1609 551 1675 585; x_wconf 82' lang='lat' dir='ltr'><strong>at-</strong></span> 
     </span>
     <span class='ocr_line' id='line_1_9' title="bbox 250 598 1677 658; baseline -0.001 -16"><span class='ocrx_word' id='word_1_77' title='bbox 250 616 326 658; x_wconf 80' lang='lat' dir='ltr'><strong>que</strong></span> <span class='ocrx_word' id='word_1_78' title='bbox 342 600 495 656; x_wconf 77' lang='lat' dir='ltr'><strong>fictum</strong></span> <span class='ocrx_word' id='word_1_79' title='bbox 523 615 605 640; x_wconf 75' lang='lat' dir='ltr'><strong>esse</strong></span> <span class='ocrx_word' id='word_1_80' title='bbox 634 599 833 640; x_wconf 77' lang='lat' dir='ltr'><strong>videatur.</strong></span> <span class='ocrx_word' id='word_1_81' title='bbox 865 598 970 639; x_wconf 75' lang='lat' dir='ltr'><em>nihil</em></span> <span class='ocrx_word' id='word_1_82' title='bbox 998 614 1047 640; x_wconf 82' lang='lat' dir='ltr'><strong>ne</strong></span> <span class='ocrx_word' id='word_1_83' title='bbox 1074 607 1143 640; x_wconf 76' lang='lat' dir='ltr'><strong>ant</strong></span> <span class='ocrx_word' id='word_1_84' title='bbox 1178 600 1386 641; x_wconf 79' lang='lat' dir='ltr'><strong>humidum</strong></span> <span class='ocrx_word' id='word_1_85' title='bbox 1407 601 1584 657; x_wconf 77' lang='lat' dir='ltr'><strong>quidem,</strong></span> <span class='ocrx_word' id='word_1_86' title='bbox 1606 608 1677 641; x_wconf 81' lang='lat' dir='ltr'><strong>aut</strong></span> 
     </span>
     <span class='ocr_line' id='line_1_10' title="bbox 238 655 1676 714; baseline -0.001 -16"><span class='ocrx_word' id='word_1_87' title='bbox 238 656 402 713; x_wconf 79' lang='lat' dir='ltr'><strong>flabile,</strong></span> <span class='ocrx_word' id='word_1_88' title='bbox 423 663 493 697; x_wconf 77' lang='lat' dir='ltr'><strong>aut</strong></span> <span class='ocrx_word' id='word_1_89' title='bbox 517 655 692 712; x_wconf 80' lang='lat' dir='ltr'><strong>igneum.</strong></span> <span class='ocrx_word' id='word_1_90' title='bbox 726 655 786 696; x_wconf 75' lang='lat' dir='ltr'><strong>his</strong></span> <span class='ocrx_word' id='word_1_91' title='bbox 808 655 911 696; x_wconf 85' lang='lat' dir='ltr'><strong>enim</strong></span> <span class='ocrx_word' id='word_1_92' title='bbox 937 655 978 695; x_wconf 84' lang='lat' dir='ltr'><strong>in</strong></span> <span class='ocrx_word' id='word_1_93' title='bbox 998 655 1156 696; x_wconf 78' lang='lat' dir='ltr'><strong>naturis</strong></span> <span class='ocrx_word' id='word_1_94' title='bbox 1186 655 1291 696; x_wconf 80' lang='lat' dir='ltr'><em>nihil</em></span> <span class='ocrx_word' id='word_1_95' title='bbox 1320 657 1437 708; x_wconf 80' lang='lat' dir='ltr'><strong>inest,</strong></span> <span class='ocrx_word' id='word_1_96' title='bbox 1458 657 1564 714; x_wconf 80' lang='lat' dir='ltr'><strong>quod</strong></span> <span class='ocrx_word' id='word_1_97' title='bbox 1593 657 1676 699; x_wconf 85' lang='lat' dir='ltr'><strong>vim</strong></span> 
     </span>
     <span class='ocr_line' id='line_1_11' title="bbox 252 710 1675 768; baseline 0 -13"><span class='ocrx_word' id='word_1_98' title='bbox 252 714 469 761; x_wconf 80' lang='lat' dir='ltr'><strong>memorioe,</strong></span> <span class='ocrx_word' id='word_1_99' title='bbox 500 712 660 763; x_wconf 76' lang='lat' dir='ltr'><strong>mentis,</strong></span> <span class='ocrx_word' id='word_1_100' title='bbox 694 710 951 768; x_wconf 74' lang='lat' dir='ltr'><strong>cogitationis</strong></span> <span class='ocrx_word' id='word_1_101' title='bbox 979 711 1140 761; x_wconf 75' lang='lat' dir='ltr'><strong>haheat,</strong></span> <span class='ocrx_word' id='word_1_102' title='bbox 1172 713 1278 767; x_wconf 77' lang='lat' dir='ltr'><strong>quod</strong></span> <span class='ocrx_word' id='word_1_103' title='bbox 1306 722 1345 754; x_wconf 88' lang='lat' dir='ltr'><strong>et</strong></span> <span class='ocrx_word' id='word_1_104' title='bbox 1368 713 1588 768; x_wconf 77' lang='lat' dir='ltr'><strong>proeteritcz</strong></span> <span class='ocrx_word' id='word_1_105' title='bbox 1618 721 1675 755; x_wconf 81' lang='lat' dir='ltr'><strong>te-</strong></span> 
     </span>
     <span class='ocr_line' id='line_1_12' title="bbox 254 767 1679 827; baseline 0 -15"><span class='ocrx_word' id='word_1_106' title='bbox 254 778 360 821; x_wconf 79' lang='lat' dir='ltr'><strong>neat,</strong></span> <span class='ocrx_word' id='word_1_107' title='bbox 380 770 582 825; x_wconf 80' lang='lat' dir='ltr'><strong>etfntura</strong></span> <span class='ocrx_word' id='word_1_108' title='bbox 597 768 824 823; x_wconf 82' lang='lat' dir='ltr'><strong>provideat,</strong></span> <span class='ocrx_word' id='word_1_109' title='bbox 841 775 879 809; x_wconf 86' lang='lat' dir='ltr'><strong>et</strong></span> <span class='ocrx_word' id='word_1_110' title='bbox 896 767 1104 823; x_wconf 76' lang='lat' dir='ltr'><em>complecti</em></span> <span class='ocrx_word' id='word_1_111' title='bbox 1120 769 1247 823; x_wconf 79' lang='lat' dir='ltr'><strong>possit</strong></span> <span class='ocrx_word' id='word_1_112' title='bbox 1262 770 1486 824; x_wconf 68' lang='lat' dir='ltr'><strong>praesentia</strong></span> <span class='ocrx_word' id='word_1_113' title='bbox 1499 789 1510 811; x_wconf 92' lang='lat'><strong>.·</strong></span> <span class='ocrx_word' id='word_1_114' title='bbox 1536 779 1567 802; x_wconf 90' lang='lat'><strong>11</strong></span> <span class='ocrx_word' id='word_1_115' title='bbox 1584 785 1679 827; x_wconf 79' lang='lat' dir='ltr'><strong>quoe</strong></span> 
     </span>
     <span class='ocr_line' id='line_1_13' title="bbox 251 824 1680 881; baseline 0 -13"><span class='ocrx_word' id='word_1_116' title='bbox 251 827 338 868; x_wconf 79' lang='lat' dir='ltr'><strong>sola</strong></span> <span class='ocrx_word' id='word_1_117' title='bbox 359 825 497 867; x_wconf 71' lang='lat' dir='ltr'><strong>divina</strong></span> <span class='ocrx_word' id='word_1_118' title='bbox 527 832 635 866; x_wconf 74' lang='lat' dir='ltr'><strong>sunt.</strong></span> <span class='ocrx_word' id='word_1_119' title='bbox 666 839 737 866; x_wconf 82' lang='lat' dir='ltr'><strong>nec</strong></span> <span class='ocrx_word' id='word_1_120' title='bbox 771 824 995 866; x_wconf 75' lang='lat' dir='ltr'><strong>invenietur</strong></span> <span class='ocrx_word' id='word_1_121' title='bbox 1025 840 1235 881; x_wconf 81' lang='lat' dir='ltr'><strong>nmquam,</strong></span> <span class='ocrx_word' id='word_1_122' title='bbox 1264 826 1370 866; x_wconf 78' lang='lat' dir='ltr'><strong>unde</strong></span> <span class='ocrx_word' id='word_1_123' title='bbox 1397 826 1452 867; x_wconf 82' lang='lat' dir='ltr'><strong>ad</strong></span> <span class='ocrx_word' id='word_1_124' title='bbox 1480 826 1680 868; x_wconf 75' lang='lat' dir='ltr'><strong>hominem</strong></span> 
     </span>
     <span class='ocr_line' id='line_1_14' title="bbox 254 881 1682 938; baseline 0 -13"><span class='ocrx_word' id='word_1_125' title='bbox 254 883 386 925; x_wconf 77' lang='lat' dir='ltr'><strong>venire</strong></span> <span class='ocrx_word' id='word_1_126' title='bbox 414 881 583 937; x_wconf 79' lang='lat' dir='ltr'><strong>possint,</strong></span> <span class='ocrx_word' id='word_1_127' title='bbox 606 881 685 922; x_wconf 79' lang='lat' dir='ltr'><em>nisi</em></span> <span class='ocrx_word' id='word_1_128' title='bbox 715 897 738 922; x_wconf 84' lang='grc' dir='ltr'><em>α</em></span> <span class='ocrx_word' id='word_1_129' title='bbox 769 882 852 923; x_wconf 82' lang='lat' dir='ltr'><strong>deo.</strong></span> <span class='ocrx_word' id='word_1_130' title='bbox 882 881 1106 938; x_wconf 76' lang='lat' dir='ltr'><strong>singularis</strong></span> <span class='ocrx_word' id='word_1_131' title='bbox 1139 889 1197 923; x_wconf 82' lang='lat' dir='ltr'><strong>est</strong></span> <span class='ocrx_word' id='word_1_132' title='bbox 1230 882 1358 938; x_wconf 80' lang='lat' dir='ltr'><strong>igitur</strong></span> <span class='ocrx_word' id='word_1_133' title='bbox 1386 883 1578 938; x_wconf 80' lang='lat' dir='ltr'><strong>quaedam</strong></span> <span class='ocrx_word' id='word_1_134' title='bbox 1605 899 1682 924; x_wconf 83' lang='lat' dir='ltr'><strong>na-</strong></span> 
     </span>
     <span class='ocr_line' id='line_1_15' title="bbox 256 938 1681 995; baseline -0.001 -13"><span class='ocrx_word' id='word_1_135' title='bbox 256 948 362 989; x_wconf 65' lang='lat' dir='ltr'><strong>tora,</strong></span> <span class='ocrx_word' id='word_1_136' title='bbox 381 946 504 995; x_wconf 76' lang='lat' dir='ltr'><strong>atque</strong></span> <span class='ocrx_word' id='word_1_137' title='bbox 522 939 580 980; x_wconf 75' lang='lat' dir='ltr'><strong>vis</strong></span> <span class='ocrx_word' id='word_1_138' title='bbox 600 938 741 990; x_wconf 79' lang='lat' dir='ltr'><strong>animi,</strong></span> <span class='ocrx_word' id='word_1_139' title='bbox 761 939 940 994; x_wconf 65' lang='lat' dir='ltr'><strong>sejuncta</strong></span> <span class='ocrx_word' id='word_1_140' title='bbox 962 939 1010 979; x_wconf 77' lang='lat' dir='ltr'><strong>ab</strong></span> <span class='ocrx_word' id='word_1_141' title='bbox 1032 938 1093 980; x_wconf 74' lang='lat' dir='ltr'><em>his</em></span> <span class='ocrx_word' id='word_1_142' title='bbox 1113 939 1290 989; x_wconf 77' lang='lat' dir='ltr'><strong>usitatis,</strong></span> <span class='ocrx_word' id='word_1_143' title='bbox 1308 938 1492 995; x_wconf 77' lang='lat' dir='ltr'><strong>notisque</strong></span> <span class='ocrx_word' id='word_1_144' title='bbox 1508 939 1681 981; x_wconf 80' lang='lat' dir='ltr'><strong>naturis.</strong></span> 
     </span>
     <span class='ocr_line' id='line_1_16' title="bbox 254 995 1683 1052; baseline 0 -14"><span class='ocrx_word' id='word_1_145' title='bbox 254 998 321 1038; x_wconf 85' lang='lat' dir='ltr'><strong>Ita</strong></span> <span class='ocrx_word' id='word_1_146' title='bbox 351 996 552 1052; x_wconf 76' lang='lat' dir='ltr'><strong>quidquid</strong></span> <span class='ocrx_word' id='word_1_147' title='bbox 579 1003 637 1037; x_wconf 77' lang='lat' dir='ltr'><strong>est</strong></span> <span class='ocrx_word' id='word_1_148' title='bbox 668 995 787 1046; x_wconf 75' lang='lat' dir='ltr'><strong>illud,</strong></span> <span class='ocrx_word' id='word_1_149' title='bbox 810 997 917 1052; x_wconf 79' lang='lat' dir='ltr'><strong>qnod</strong></span> <span class='ocrx_word' id='word_1_150' title='bbox 945 996 1082 1045; x_wconf 79' lang='lat' dir='ltr'><strong>sentit,</strong></span> <span class='ocrx_word' id='word_1_151' title='bbox 1105 996 1210 1051; x_wconf 75' lang='lat' dir='ltr'><strong>quod</strong></span> <span class='ocrx_word' id='word_1_152' title='bbox 1235 995 1361 1050; x_wconf 71' lang='lat' dir='ltr'><strong>Sapit,</strong></span> <span class='ocrx_word' id='word_1_153' title='bbox 1393 1005 1429 1027; x_wconf 75' lang='lat'><strong>12</strong></span> <span class='ocrx_word' id='word_1_154' title='bbox 1444 997 1551 1052; x_wconf 74' lang='lat' dir='ltr'><strong>qnod</strong></span> <span class='ocrx_word' id='word_1_155' title='bbox 1567 997 1683 1047; x_wconf 78' lang='lat' dir='ltr'><strong>vivit,</strong></span> 
     </span>
     <span class='ocr_line' id='line_1_17' title="bbox 257 1051 1684 1109; baseline 0 -15"><span class='ocrx_word' id='word_1_156' title='bbox 257 1054 364 1109; x_wconf 79' lang='lat' dir='ltr'><strong>quod</strong></span> <span class='ocrx_word' id='word_1_157' title='bbox 380 1053 503 1109; x_wconf 80' lang='lat' dir='ltr'><strong>viget,</strong></span> <span class='ocrx_word' id='word_1_158' title='bbox 525 1052 686 1094; x_wconf 76' lang='lat' dir='ltr'><strong>caeleste</strong></span> <span class='ocrx_word' id='word_1_159' title='bbox 707 1060 745 1094; x_wconf 85' lang='lat' dir='ltr'><strong>et</strong></span> <span class='ocrx_word' id='word_1_160' title='bbox 765 1053 947 1093; x_wconf 69' lang='lat' dir='ltr'><strong>divinum</strong></span> <span class='ocrx_word' id='word_1_161' title='bbox 965 1060 1038 1103; x_wconf 76' lang='lat' dir='ltr'><strong>est,</strong></span> <span class='ocrx_word' id='word_1_162' title='bbox 1060 1051 1104 1093; x_wconf 81' lang='lat' dir='ltr'><strong>ob</strong></span> <span class='ocrx_word' id='word_1_163' title='bbox 1121 1067 1288 1108; x_wconf 78' lang='lat' dir='ltr'><strong>eamque</strong></span> <span class='ocrx_word' id='word_1_164' title='bbox 1306 1067 1390 1093; x_wconf 81' lang='lat' dir='ltr'><strong>rem</strong></span> <span class='ocrx_word' id='word_1_165' title='bbox 1411 1060 1611 1094; x_wconf 65' lang='lat' dir='ltr'><strong>aeternum</strong></span> <span class='ocrx_word' id='word_1_166' title='bbox 1631 1053 1684 1094; x_wconf 83' lang='lat' dir='ltr'><strong>sit</strong></span> 
     </span>
     <span class='ocr_line' id='line_1_18' title="bbox 257 1108 1683 1165; baseline 0 -15"><span class='ocrx_word' id='word_1_167' title='bbox 257 1125 408 1151; x_wconf 78' lang='lat' dir='ltr'><strong>necesse</strong></span> <span class='ocrx_word' id='word_1_168' title='bbox 436 1116 508 1150; x_wconf 78' lang='lat' dir='ltr'><strong>est.</strong></span> <span class='ocrx_word' id='word_1_169' title='bbox 569 1110 653 1150; x_wconf 68' lang='lat' dir='ltr'><strong>ZVec</strong></span> <span class='ocrx_word' id='word_1_170' title='bbox 675 1125 761 1150; x_wconf 71' lang='lat' dir='ltr'><strong>veio</strong></span> <span class='ocrx_word' id='word_1_171' title='bbox 783 1110 877 1150; x_wconf 82' lang='lat' dir='ltr'><strong>dens</strong></span> <span class='ocrx_word' id='word_1_172' title='bbox 912 1109 1008 1163; x_wconf 78' lang='lat' dir='ltr'><strong>ipse,</strong></span> <span class='ocrx_word' id='word_1_173' title='bbox 1029 1109 1100 1165; x_wconf 81' lang='lat' dir='ltr'><em>qui</em></span> <span class='ocrx_word' id='word_1_174' title='bbox 1130 1108 1380 1165; x_wconf 80' lang='lat' dir='ltr'><em>intelligitur</em></span> <span class='ocrx_word' id='word_1_175' title='bbox 1403 1125 1427 1150; x_wconf 90' lang='grc' dir='ltr'><em>α</em></span> <span class='ocrx_word' id='word_1_176' title='bbox 1457 1109 1582 1161; x_wconf 79' lang='lat' dir='ltr'><strong>nobis,</strong></span> <span class='ocrx_word' id='word_1_177' title='bbox 1603 1109 1683 1151; x_wconf 82' lang='lat' dir='ltr'><strong>alio</strong></span> 
     </span>
     <span class='ocr_line' id='line_1_19' title="bbox 258 1165 1687 1221; baseline 0.001 -14"><span class='ocrx_word' id='word_1_178' title='bbox 258 1167 370 1207; x_wconf 84' lang='lat' dir='ltr'><strong>modo</strong></span> <span class='ocrx_word' id='word_1_179' title='bbox 394 1165 573 1221; x_wconf 80' lang='lat' dir='ltr'><em>intelligi</em></span> <span class='ocrx_word' id='word_1_180' title='bbox 589 1173 736 1220; x_wconf 76' lang='lat' dir='ltr'><strong>potest,</strong></span> <span class='ocrx_word' id='word_1_181' title='bbox 763 1166 840 1207; x_wconf 81' lang='lat' dir='ltr'><em>nisi</em></span> <span class='ocrx_word' id='word_1_182' title='bbox 871 1181 982 1206; x_wconf 80' lang='lat' dir='ltr'><strong>mens</strong></span> <span class='ocrx_word' id='word_1_183' title='bbox 1012 1165 1145 1206; x_wconf 75' lang='lat' dir='ltr'><strong>soluta</strong></span> <span class='ocrx_word' id='word_1_184' title='bbox 1174 1166 1365 1220; x_wconf 69' lang='lat' dir='ltr'><strong>quaedam</strong></span> <span class='ocrx_word' id='word_1_185' title='bbox 1395 1173 1434 1207; x_wconf 82' lang='lat' dir='ltr'><strong>et</strong></span> <span class='ocrx_word' id='word_1_186' title='bbox 1465 1165 1605 1217; x_wconf 79' lang='lat' dir='ltr'><strong>libera,</strong></span> <span class='ocrx_word' id='word_1_187' title='bbox 1626 1182 1687 1208; x_wconf 82' lang='lat' dir='ltr'><strong>se-</strong></span> 
     </span>
     <span class='ocr_line' id='line_1_20' title="bbox 253 1221 1685 1280; baseline 0 -16"><span class='ocrx_word' id='word_1_188' title='bbox 253 1231 430 1280; x_wconf 81' lang='lat' dir='ltr'><strong>gregata</strong></span> <span class='ocrx_word' id='word_1_189' title='bbox 464 1222 512 1262; x_wconf 76' lang='lat' dir='ltr'><strong>ol)</strong></span> <span class='ocrx_word' id='word_1_190' title='bbox 549 1222 656 1262; x_wconf 85' lang='lat' dir='ltr'><strong>omni</strong></span> <span class='ocrx_word' id='word_1_191' title='bbox 689 1222 932 1263; x_wconf 73' lang='lat' dir='ltr'><strong>concretione</strong></span> <span class='ocrx_word' id='word_1_192' title='bbox 963 1221 1145 1270; x_wconf 77' lang='lat' dir='ltr'><em>mortali,</em></span> <span class='ocrx_word' id='word_1_193' title='bbox 1180 1222 1395 1277; x_wconf 85' lang='lat' dir='ltr'><em>omniaque</em></span> <span class='ocrx_word' id='word_1_194' title='bbox 1425 1223 1613 1273; x_wconf 75' lang='lat' dir='ltr'><strong>sentiens,</strong></span> <span class='ocrx_word' id='word_1_195' title='bbox 1646 1231 1685 1264; x_wconf 85' lang='lat' dir='ltr'><strong>et</strong></span> 
     </span>
    </p>

    <p class='ocr_par' dir='ltr' id='par_1_5' title="bbox 191 1278 1688 1391">
     <span class='ocr_line' id='line_1_21' title="bbox 191 1278 1688 1334; baseline -0.002 -11"><span class='ocrx_word' id='word_1_196' title='bbox 191 1287 241 1332; x_wconf 84' lang='lat'><strong>67</strong></span> <span class='ocrx_word' id='word_1_197' title='bbox 256 1295 429 1329; x_wconf 78' lang='lat' dir='ltr'><strong>movens,</strong></span> <span class='ocrx_word' id='word_1_198' title='bbox 463 1279 630 1334; x_wconf 76' lang='lat' dir='ltr'><strong>ipsaque</strong></span> <span class='ocrx_word' id='word_1_199' title='bbox 661 1278 845 1333; x_wconf 68' lang='lat' dir='ltr'><strong>praedita</strong></span> <span class='ocrx_word' id='word_1_200' title='bbox 875 1285 988 1319; x_wconf 72' lang='lat' dir='ltr'><strong>motii</strong></span> <span class='ocrx_word' id='word_1_201' title='bbox 1019 1278 1273 1332; x_wconf 80' lang='lat' dir='ltr'><strong>sempiterno.</strong></span> <span class='ocrx_word' id='word_1_202' title='bbox 1335 1279 1432 1319; x_wconf 89' lang='lat' dir='ltr'><strong>Hoc</strong></span> <span class='ocrx_word' id='word_1_203' title='bbox 1463 1293 1486 1319; x_wconf 91' lang='lat' dir='ltr'><strong>e</strong></span> <span class='ocrx_word' id='word_1_204' title='bbox 1519 1293 1688 1334; x_wconf 86' lang='lat' dir='ltr'><strong>genere,</strong></span> 
     </span>
     <span class='ocr_line' id='line_1_22' title="bbox 257 1334 1201 1391; baseline -0.003 -14"><span class='ocrx_word' id='word_1_205' title='bbox 257 1345 383 1391; x_wconf 89' lang='lat' dir='ltr'><strong>atque</strong></span> <span class='ocrx_word' id='word_1_206' title='bbox 403 1335 547 1376; x_wconf 90' lang='lat' dir='ltr'><strong>eadem</strong></span> <span class='ocrx_word' id='word_1_207' title='bbox 571 1349 594 1375; x_wconf 94' lang='lat' dir='ltr'><strong>e</strong></span> <span class='ocrx_word' id='word_1_208' title='bbox 615 1345 764 1376; x_wconf 86' lang='lat' dir='ltr'><strong>natura</strong></span> <span class='ocrx_word' id='word_1_209' title='bbox 784 1345 849 1376; x_wconf 85' lang='lat' dir='ltr'><strong>est</strong></span> <span class='ocrx_word' id='word_1_210' title='bbox 866 1334 1052 1375; x_wconf 85' lang='lat' dir='ltr'><strong>humana</strong></span> <span class='ocrx_word' id='word_1_211' title='bbox 1070 1349 1201 1375; x_wconf 89' lang='lat' dir='ltr'><strong>mens.</strong></span> 
     </span>
    </p>

    <p class='ocr_par' dir='ltr' id='par_1_6' title="bbox 173 1391 1686 1447">
     <span class='ocr_line' id='line_1_23' title="bbox 173 1391 1686 1447; baseline -0.001 -14"><span class='ocrx_word' id='word_1_212' title='bbox 173 1397 242 1445; x_wconf 72' lang='lat'><strong>28</strong></span> <span class='ocrx_word' id='word_1_213' title='bbox 269 1443 272 1445; x_wconf 66' lang='lat'>‚</span> <span class='ocrx_word' id='word_1_214' title='bbox 314 1393 370 1433; x_wconf 81' lang='lat' dir='ltr'><strong>A.</strong></span> <span class='ocrx_word' id='word_1_215' title='bbox 392 1392 482 1434; x_wconf 91' lang='lat' dir='ltr'><strong>Ubi</strong></span> <span class='ocrx_word' id='word_1_216' title='bbox 501 1391 644 1447; x_wconf 86' lang='lat' dir='ltr'><strong>igitur,</strong></span> <span class='ocrx_word' id='word_1_217' title='bbox 664 1400 737 1433; x_wconf 88' lang='lat' dir='ltr'><strong>aut</strong></span> <span class='ocrx_word' id='word_1_218' title='bbox 757 1391 892 1447; x_wconf 88' lang='lat' dir='ltr'><strong>qualis</strong></span> <span class='ocrx_word' id='word_1_219' title='bbox 913 1400 977 1432; x_wconf 86' lang='lat' dir='ltr'><strong>est</strong></span> <span class='ocrx_word' id='word_1_220' title='bbox 996 1391 1076 1432; x_wconf 89' lang='lat' dir='ltr'><strong>ista</strong></span> <span class='ocrx_word' id='word_1_221' title='bbox 1094 1392 1241 1433; x_wconf 88' lang='lat' dir='ltr'><strong>mens?</strong></span> <span class='ocrx_word' id='word_1_222' title='bbox 1275 1392 1363 1439; x_wconf 87' lang='lat' dir='ltr'><strong>Ubi</strong></span> <span class='ocrx_word' id='word_1_223' title='bbox 1383 1400 1471 1443; x_wconf 83' lang='lat' dir='ltr'><strong>tua,</strong></span> <span class='ocrx_word' id='word_1_224' title='bbox 1492 1402 1565 1433; x_wconf 87' lang='lat' dir='ltr'><strong>aut</strong></span> <span class='ocrx_word' id='word_1_225' title='bbox 1583 1406 1686 1447; x_wconf 84' lang='lat' dir='ltr'><strong>qua·</strong></span> 
     </span>
    </p>

    <p class='ocr_par' dir='ltr' id='par_1_7' title="bbox 212 1447 1690 1957">
     <span class='ocr_line' id='line_1_24' title="bbox 212 1447 1688 1504; baseline -0.001 -13"><span class='ocrx_word' id='word_1_226' title='bbox 212 1466 243 1497; x_wconf 75' lang='lat' dir='ltr'><strong>b,</strong></span> <span class='ocrx_word' id='word_1_227' title='bbox 256 1450 304 1491; x_wconf 88' lang='lat' dir='ltr'><strong>lis</strong></span> <span class='ocrx_word' id='word_1_228' title='bbox 326 1450 339 1489; x_wconf 85' lang='lat'>?</span> <span class='ocrx_word' id='word_1_229' title='bbox 371 1459 547 1504; x_wconf 90' lang='lat' dir='ltr'><strong>potesne</strong></span> <span class='ocrx_word' id='word_1_230' title='bbox 567 1448 734 1490; x_wconf 81' lang='lat' dir='ltr'><strong>dicere?</strong></span> <span class='ocrx_word' id='word_1_231' title='bbox 768 1463 835 1498; x_wconf 85' lang='lat' dir='ltr'><strong>an,</strong></span> <span class='ocrx_word' id='word_1_232' title='bbox 858 1448 891 1489; x_wconf 90' lang='lat' dir='ltr'><strong>si</strong></span> <span class='ocrx_word' id='word_1_233' title='bbox 911 1447 1053 1489; x_wconf 80' lang='lat' dir='ltr'><strong>omnia</strong></span> <span class='ocrx_word' id='word_1_234' title='bbox 1079 1448 1132 1489; x_wconf 87' lang='lat' dir='ltr'><strong>ad</strong></span> <span class='ocrx_word' id='word_1_235' title='bbox 1164 1448 1485 1504; x_wconf 84' lang='lat' dir='ltr'><strong>intelligendum</strong></span> <span class='ocrx_word' id='word_1_236' title='bbox 1507 1463 1590 1489; x_wconf 90' lang='lat' dir='ltr'><strong>non</strong></span> <span class='ocrx_word' id='word_1_237' title='bbox 1612 1448 1688 1489; x_wconf 88' lang='lat' dir='ltr'><strong>ha-</strong></span> 
     </span>
     <span class='ocr_line' id='line_1_25' title="bbox 255 1504 1687 1561; baseline -0.001 -14"><span class='ocrx_word' id='word_1_238' title='bbox 255 1506 353 1556; x_wconf 88' lang='lat' dir='ltr'><strong>beo,</strong></span> <span class='ocrx_word' id='word_1_239' title='bbox 375 1513 411 1537; x_wconf 76' lang='lat'><strong>1³</strong></span> <span class='ocrx_word' id='word_1_240' title='bbox 427 1521 521 1561; x_wconf 85' lang='lat' dir='ltr'><strong>quae</strong></span> <span class='ocrx_word' id='word_1_241' title='bbox 553 1504 707 1545; x_wconf 83' lang='lat' dir='ltr'><strong>habere</strong></span> <span class='ocrx_word' id='word_1_242' title='bbox 736 1505 900 1555; x_wconf 88' lang='lat' dir='ltr'><strong>vellem,</strong></span> <span class='ocrx_word' id='word_1_243' title='bbox 922 1520 973 1545; x_wconf 87' lang='lat' dir='ltr'><strong>ne</strong></span> <span class='ocrx_word' id='word_1_244' title='bbox 1004 1504 1053 1545; x_wconf 83' lang='lat' dir='ltr'><strong>iis</strong></span> <span class='ocrx_word' id='word_1_245' title='bbox 1086 1504 1271 1560; x_wconf 87' lang='lat' dir='ltr'><strong>quidem,</strong></span> <span class='ocrx_word' id='word_1_246' title='bbox 1291 1520 1385 1560; x_wconf 87' lang='lat' dir='ltr'><strong>quae</strong></span> <span class='ocrx_word' id='word_1_247' title='bbox 1412 1505 1564 1554; x_wconf 86' lang='lat' dir='ltr'><strong>habeo,</strong></span> <span class='ocrx_word' id='word_1_248' title='bbox 1583 1504 1687 1545; x_wconf 86' lang='lat' dir='ltr'><strong>mihi</strong></span> 
     </span>
     <span class='ocr_line' id='line_1_26' title="bbox 254 1561 1686 1619; baseline -0.001 -16"><span class='ocrx_word' id='word_1_249' title='bbox 254 1577 330 1619; x_wconf 88' lang='lat' dir='ltr'><strong>per</strong></span> <span class='ocrx_word' id='word_1_250' title='bbox 349 1571 391 1603; x_wconf 91' lang='lat' dir='ltr'><strong>te</strong></span> <span class='ocrx_word' id='word_1_251' title='bbox 411 1561 474 1602; x_wconf 90' lang='lat' dir='ltr'><strong>uti</strong></span> <span class='ocrx_word' id='word_1_252' title='bbox 495 1561 672 1602; x_wconf 84' lang='lat' dir='ltr'><strong>licebit?</strong></span> <span class='ocrx_word' id='word_1_253' title='bbox 706 1577 790 1602; x_wconf 92' lang='lat' dir='ltr'><strong>non</strong></span> <span class='ocrx_word' id='word_1_254' title='bbox 822 1561 928 1602; x_wconf 88' lang='lat' dir='ltr'><strong>valet</strong></span> <span class='ocrx_word' id='word_1_255' title='bbox 959 1569 1122 1601; x_wconf 89' lang='lat' dir='ltr'><strong>tanturn</strong></span> <span class='ocrx_word' id='word_1_256' title='bbox 1156 1562 1334 1610; x_wconf 87' lang='lat' dir='ltr'><strong>animus,</strong></span> <span class='ocrx_word' id='word_1_257' title='bbox 1356 1571 1404 1602; x_wconf 87' lang='lat' dir='ltr'><strong>ut</strong></span> <span class='ocrx_word' id='word_1_258' title='bbox 1435 1576 1479 1601; x_wconf 91' lang='lat' dir='ltr'><strong>se</strong></span> <span class='ocrx_word' id='word_1_259' title='bbox 1508 1561 1596 1615; x_wconf 85' lang='lat' dir='ltr'><strong>ipse</strong></span> <span class='ocrx_word' id='word_1_260' title='bbox 1627 1562 1686 1602; x_wconf 86' lang='lat' dir='ltr'><strong>vi-</strong></span> 
     </span>
     <span class='ocr_line' id='line_1_27' title="bbox 253 1617 1688 1668; baseline -0.001 -9"><span class='ocrx_word' id='word_1_261' title='bbox 253 1619 363 1660; x_wconf 84' lang='lat' dir='ltr'><strong>deat.</strong></span> <span class='ocrx_word' id='word_1_262' title='bbox 395 1627 451 1668; x_wconf 68' lang='lat' dir='ltr'><strong>at,</strong></span> <span class='ocrx_word' id='word_1_263' title='bbox 472 1627 519 1659; x_wconf 92' lang='lat' dir='ltr'><strong>ut</strong></span> <span class='ocrx_word' id='word_1_264' title='bbox 540 1618 704 1668; x_wconf 89' lang='lat' dir='ltr'><strong>oculus,</strong></span> <span class='ocrx_word' id='word_1_265' title='bbox 725 1618 784 1658; x_wconf 82' lang='lat' dir='ltr'><strong>sic</strong></span> <span class='ocrx_word' id='word_1_266' title='bbox 803 1618 967 1658; x_wconf 86' lang='lat' dir='ltr'><strong>animus</strong></span> <span class='ocrx_word' id='word_1_267' title='bbox 988 1632 1031 1658; x_wconf 89' lang='lat' dir='ltr'><strong>se</strong></span> <span class='ocrx_word' id='word_1_268' title='bbox 1053 1632 1136 1658; x_wconf 93' lang='lat' dir='ltr'><strong>non</strong></span> <span class='ocrx_word' id='word_1_269' title='bbox 1156 1617 1312 1668; x_wconf 82' lang='lat' dir='ltr'><strong>videns,</strong></span> <span class='ocrx_word' id='word_1_270' title='bbox 1333 1618 1414 1658; x_wconf 83' lang='lat' dir='ltr'><strong>alia</strong></span> <span class='ocrx_word' id='word_1_271' title='bbox 1433 1618 1578 1658; x_wconf 91' lang='lat' dir='ltr'><em>cernit.</em></span> <span class='ocrx_word' id='word_1_272' title='bbox 1604 1632 1688 1658; x_wconf 89' lang='lat' dir='ltr'><strong>non</strong></span> 
     </span>
     <span class='ocr_line' id='line_1_28' title="bbox 253 1674 1687 1730; baseline 0 -14"><span class='ocrx_word' id='word_1_273' title='bbox 253 1676 366 1716; x_wconf 85' lang='lat' dir='ltr'><strong>videt</strong></span> <span class='ocrx_word' id='word_1_274' title='bbox 397 1684 553 1724; x_wconf 89' lang='lat' dir='ltr'><strong>autem,</strong></span> <span class='ocrx_word' id='word_1_275' title='bbox 589 1674 703 1730; x_wconf 91' lang='lat' dir='ltr'><strong>quod</strong></span> <span class='ocrx_word' id='word_1_276' title='bbox 734 1675 956 1715; x_wconf 85' lang='lat' dir='ltr'><strong>minimum</strong></span> <span class='ocrx_word' id='word_1_277' title='bbox 993 1684 1071 1724; x_wconf 85' lang='lat' dir='ltr'><strong>est,</strong></span> <span class='ocrx_word' id='word_1_278' title='bbox 1102 1675 1280 1715; x_wconf 86' lang='lat' dir='ltr'><strong>formam</strong></span> <span class='ocrx_word' id='word_1_279' title='bbox 1317 1689 1450 1715; x_wconf 86' lang='lat' dir='ltr'><strong>suam.</strong></span> <span class='ocrx_word' id='word_1_280' title='bbox 1482 1674 1687 1716; x_wconf 83' lang='lat' dir='ltr'><strong>fortasse:</strong></span> 
     </span>
     <span class='ocr_line' id='line_1_29' title="bbox 255 1730 1689 1788; baseline -0.001 -16"><span class='ocrx_word' id='word_1_281' title='bbox 255 1746 513 1788; x_wconf 86' lang='lat' dir='ltr'><strong>quamquam</strong></span> <span class='ocrx_word' id='word_1_282' title='bbox 535 1731 578 1771; x_wconf 87' lang='lat' dir='ltr'><strong>id</strong></span> <span class='ocrx_word' id='word_1_283' title='bbox 599 1745 768 1786; x_wconf 91' lang='lat' dir='ltr'><strong>quoque</strong></span> <span class='ocrx_word' id='word_1_284' title='bbox 788 1748 797 1772; x_wconf 91' lang='lat'>:</span> <span class='ocrx_word' id='word_1_285' title='bbox 829 1730 902 1771; x_wconf 88' lang='lat' dir='ltr'><strong>sed</strong></span> <span class='ocrx_word' id='word_1_286' title='bbox 931 1731 1238 1786; x_wconf 86' lang='lat' dir='ltr'><strong>relinquamus:</strong></span> <span class='ocrx_word' id='word_1_287' title='bbox 1270 1731 1350 1771; x_wconf 89' lang='lat' dir='ltr'><strong>vim</strong></span> <span class='ocrx_word' id='word_1_288' title='bbox 1379 1741 1507 1780; x_wconf 87' lang='lat' dir='ltr'><strong>certe,</strong></span> <span class='ocrx_word' id='word_1_289' title='bbox 1527 1732 1689 1786; x_wconf 83' lang='lat' dir='ltr'><strong>sagaci-</strong></span> 
     </span>
     <span class='ocr_line' id='line_1_30' title="bbox 255 1786 1690 1842; baseline -0.001 -14"><span class='ocrx_word' id='word_1_290' title='bbox 255 1797 401 1838; x_wconf 80' lang='lat' dir='ltr'><strong>tatem,</strong></span> <span class='ocrx_word' id='word_1_291' title='bbox 424 1788 689 1838; x_wconf 81' lang='lat' dir='ltr'><strong>memoriam,</strong></span> <span class='ocrx_word' id='word_1_292' title='bbox 711 1797 892 1838; x_wconf 86' lang='lat' dir='ltr'><strong>motum,</strong></span> <span class='ocrx_word' id='word_1_293' title='bbox 914 1787 1171 1828; x_wconf 86' lang='lat' dir='ltr'><strong>celeritatem</strong></span> <span class='ocrx_word' id='word_1_294' title='bbox 1202 1786 1329 1828; x_wconf 90' lang='lat' dir='ltr'><strong>videt.</strong></span> <span class='ocrx_word' id='word_1_295' title='bbox 1387 1788 1497 1827; x_wconf 88' lang='lat' dir='ltr'><strong>Haec</strong></span> <span class='ocrx_word' id='word_1_296' title='bbox 1517 1801 1690 1842; x_wconf 85' lang='lat' dir='ltr'><strong>magna,</strong></span> 
     </span>
     <span class='ocr_line' id='line_1_31' title="bbox 255 1842 1690 1900; baseline 0 -15"><span class='ocrx_word' id='word_1_297' title='bbox 255 1844 346 1886; x_wconf 86' lang='lat' dir='ltr'><strong>haec</strong></span> <span class='ocrx_word' id='word_1_298' title='bbox 367 1845 518 1895; x_wconf 85' lang='lat' dir='ltr'><strong>divina,</strong></span> <span class='ocrx_word' id='word_1_299' title='bbox 540 1844 630 1885; x_wconf 87' lang='lat' dir='ltr'><strong>haec</strong></span> <span class='ocrx_word' id='word_1_300' title='bbox 653 1845 902 1900; x_wconf 87' lang='lat' dir='ltr'><strong>sempiterna</strong></span> <span class='ocrx_word' id='word_1_301' title='bbox 935 1853 1044 1884; x_wconf 90' lang='lat' dir='ltr'><strong>sunt.</strong></span> <span class='ocrx_word' id='word_1_302' title='bbox 1077 1859 1160 1899; x_wconf 86' lang='lat' dir='ltr'><strong>qua</strong></span> <span class='ocrx_word' id='word_1_303' title='bbox 1190 1843 1296 1883; x_wconf 80' lang='lat' dir='ltr'><strong>facie</strong></span> <span class='ocrx_word' id='word_1_304' title='bbox 1328 1842 1497 1899; x_wconf 89' lang='lat' dir='ltr'><strong>quidem</strong></span> <span class='ocrx_word' id='word_1_305' title='bbox 1529 1843 1597 1893; x_wconf 85' lang='lat' dir='ltr'><strong>sit,</strong></span> <span class='ocrx_word' id='word_1_306' title='bbox 1617 1854 1690 1885; x_wconf 91' lang='lat' dir='ltr'><strong>aut</strong></span> 
     </span>
     <span class='ocr_line' id='line_1_32' title="bbox 255 1899 1689 1957; baseline -0.001 -15"><span class='ocrx_word' id='word_1_307' title='bbox 255 1901 328 1942; x_wconf 94' lang='lat' dir='ltr'><strong>ubi</strong></span> <span class='ocrx_word' id='word_1_308' title='bbox 361 1901 539 1951; x_wconf 86' lang='lat' dir='ltr'><strong>habitet,</strong></span> <span class='ocrx_word' id='word_1_309' title='bbox 571 1915 622 1941; x_wconf 89' lang='lat' dir='ltr'><strong>ne</strong></span> <span class='ocrx_word' id='word_1_310' title='bbox 653 1901 926 1957; x_wconf 77' lang='lat' dir='ltr'><strong>quaerendum</strong></span> <span class='ocrx_word' id='word_1_311' title='bbox 962 1900 1135 1955; x_wconf 89' lang='lat' dir='ltr'><strong>quidem</strong></span> <span class='ocrx_word' id='word_1_312' title='bbox 1169 1909 1245 1940; x_wconf 92' lang='lat' dir='ltr'><strong>est.</strong></span> <span class='ocrx_word' id='word_1_313' title='bbox 1276 1909 1339 1949; x_wconf 84' lang='lat' dir='ltr'><strong>ut,</strong></span> <span class='ocrx_word' id='word_1_314' title='bbox 1371 1914 1468 1941; x_wconf 88' lang='lat' dir='ltr'><strong>cum</strong></span> <span class='ocrx_word' id='word_1_315' title='bbox 1501 1899 1689 1941; x_wconf 87' lang='lat' dir='ltr'><strong>videmus</strong></span> 
     </span>
    </p>

    <p class='ocr_par' dir='ltr' id='par_1_8' title="bbox 194 1955 1694 2353">
     <span class='ocr_line' id='line_1_33' title="bbox 194 1955 1693 2013; baseline 0 -15"><span class='ocrx_word' id='word_1_316' title='bbox 194 1968 243 2005; x_wconf 76' lang='lat'><strong>68</strong></span> <span class='ocrx_word' id='word_1_317' title='bbox 256 1958 437 2013; x_wconf 85' lang='lat' dir='ltr'><strong>speciem</strong></span> <span class='ocrx_word' id='word_1_318' title='bbox 479 1958 679 2013; x_wconf 88' lang='lat' dir='ltr'><strong>primum,</strong></span> <span class='ocrx_word' id='word_1_319' title='bbox 717 1957 1026 2012; x_wconf 82' lang='lat' dir='ltr'><strong>candoremque</strong></span> <span class='ocrx_word' id='word_1_320' title='bbox 1061 1956 1154 1997; x_wconf 85' lang='lat' dir='ltr'><strong>caeli</strong></span> <span class='ocrx_word' id='word_1_321' title='bbox 1173 1973 1181 1996; x_wconf 73' lang='grc' dir='ltr'><em>τ</em></span> <span class='ocrx_word' id='word_1_322' title='bbox 1226 1955 1377 1997; x_wconf 90' lang='lat' dir='ltr'><strong>deinde</strong></span> <span class='ocrx_word' id='word_1_323' title='bbox 1411 1956 1693 1998; x_wconf 84' lang='lat' dir='ltr'><strong>conversionis</strong></span> 
     </span>
     <span class='ocr_line' id='line_1_34' title="bbox 255 2013 1691 2070; baseline -0.001 -15"><span class='ocrx_word' id='word_1_324' title='bbox 255 2013 511 2056; x_wconf 80' lang='lat' dir='ltr'><strong>celeritatem</strong></span> <span class='ocrx_word' id='word_1_325' title='bbox 544 2024 719 2064; x_wconf 87' lang='lat' dir='ltr'><strong>tantam,</strong></span> <span class='ocrx_word' id='word_1_326' title='bbox 745 2022 946 2070; x_wconf 85' lang='lat' dir='ltr'><strong>quantam</strong></span> <span class='ocrx_word' id='word_1_327' title='bbox 976 2013 1165 2068; x_wconf 82' lang='lat' dir='ltr'><strong>cogitare</strong></span> <span class='ocrx_word' id='word_1_328' title='bbox 1197 2028 1280 2054; x_wconf 89' lang='lat' dir='ltr'><strong>non</strong></span> <span class='ocrx_word' id='word_1_329' title='bbox 1310 2027 1566 2068; x_wconf 82' lang='lat' dir='ltr'><strong>possumus3</strong></span> <span class='ocrx_word' id='word_1_330' title='bbox 1598 2022 1691 2053; x_wconf 89' lang='lat' dir='ltr'><strong>tum</strong></span> 
     </span>
     <span class='ocr_line' id='line_1_35' title="bbox 254 2070 1690 2125; baseline -0.001 -14"><span class='ocrx_word' id='word_1_331' title='bbox 254 2070 559 2112; x_wconf 83' lang='lat' dir='ltr'><strong>vicissitudines</strong></span> <span class='ocrx_word' id='word_1_332' title='bbox 608 2070 786 2120; x_wconf 86' lang='lat' dir='ltr'><strong>dierum,</strong></span> <span class='ocrx_word' id='word_1_333' title='bbox 827 2080 953 2125; x_wconf 88' lang='lat' dir='ltr'><strong>atque</strong></span> <span class='ocrx_word' id='word_1_334' title='bbox 1002 2070 1207 2120; x_wconf 89' lang='lat' dir='ltr'><strong>noctium,</strong></span> <span class='ocrx_word' id='word_1_335' title='bbox 1252 2070 1690 2125; x_wconf 86' lang='lat' dir='ltr'><strong>commutationesque</strong></span> 
     </span>
     <span class='ocr_line' id='line_1_36' title="bbox 255 2125 1690 2183; baseline -0.002 -14"><span class='ocrx_word' id='word_1_336' title='bbox 255 2137 495 2183; x_wconf 89' lang='lat' dir='ltr'><strong>temporum</strong></span> <span class='ocrx_word' id='word_1_337' title='bbox 529 2126 867 2182; x_wconf 84' lang='lat' dir='ltr'><strong>quadripartitas,</strong></span> <span class='ocrx_word' id='word_1_338' title='bbox 893 2136 930 2158; x_wconf 71' lang='lat'><strong>14</strong></span> <span class='ocrx_word' id='word_1_339' title='bbox 948 2126 1001 2167; x_wconf 89' lang='lat' dir='ltr'><strong>ad</strong></span> <span class='ocrx_word' id='word_1_340' title='bbox 1030 2127 1316 2168; x_wconf 80' lang='lat' dir='ltr'><strong>maturitatem</strong></span> <span class='ocrx_word' id='word_1_341' title='bbox 1348 2126 1538 2181; x_wconf 87' lang='lat' dir='ltr'><strong>frugum,</strong></span> <span class='ocrx_word' id='word_1_342' title='bbox 1564 2135 1607 2166; x_wconf 94' lang='lat' dir='ltr'><strong>et</strong></span> <span class='ocrx_word' id='word_1_343' title='bbox 1638 2125 1690 2166; x_wconf 88' lang='lat' dir='ltr'><strong>ad</strong></span> 
     </span>
     <span class='ocr_line' id='line_1_37' title="bbox 254 2182 1690 2239; baseline -0.001 -15"><span class='ocrx_word' id='word_1_344' title='bbox 254 2184 605 2239; x_wconf 87' lang='lat' dir='ltr'><strong>temperationem</strong></span> <span class='ocrx_word' id='word_1_345' title='bbox 627 2198 853 2238; x_wconf 87' lang='lat' dir='ltr'><strong>corporum</strong></span> <span class='ocrx_word' id='word_1_346' title='bbox 874 2194 1007 2239; x_wconf 63' lang='lat' dir='ltr'><strong>aptam,</strong></span> <span class='ocrx_word' id='word_1_347' title='bbox 1030 2197 1262 2238; x_wconf 88' lang='lat' dir='ltr'><strong>eorumque</strong></span> <span class='ocrx_word' id='word_1_348' title='bbox 1282 2182 1473 2223; x_wconf 91' lang='lat' dir='ltr'><strong>omnium</strong></span> <span class='ocrx_word' id='word_1_349' title='bbox 1496 2182 1690 2223; x_wconf 89' lang='lat' dir='ltr'><strong>modera-</strong></span> 
     </span>
     <span class='ocr_line' id='line_1_38' title="bbox 255 2239 1692 2296; baseline -0.001 -16"><span class='ocrx_word' id='word_1_350' title='bbox 255 2249 387 2281; x_wconf 89' lang='lat' dir='ltr'><strong>torem</strong></span> <span class='ocrx_word' id='word_1_351' title='bbox 419 2249 461 2280; x_wconf 90' lang='lat' dir='ltr'><strong>et</strong></span> <span class='ocrx_word' id='word_1_352' title='bbox 491 2240 642 2281; x_wconf 90' lang='lat' dir='ltr'><strong>ducem</strong></span> <span class='ocrx_word' id='word_1_353' title='bbox 666 2240 813 2290; x_wconf 89' lang='lat' dir='ltr'><strong>solem,</strong></span> <span class='ocrx_word' id='word_1_354' title='bbox 834 2239 1063 2296; x_wconf 83' lang='lat' dir='ltr'><strong>lunamque</strong></span> <span class='ocrx_word' id='word_1_355' title='bbox 1083 2240 1333 2290; x_wconf 87' lang='lat' dir='ltr'><strong>accretione,</strong></span> <span class='ocrx_word' id='word_1_356' title='bbox 1354 2248 1395 2280; x_wconf 89' lang='lat' dir='ltr'><strong>et</strong></span> <span class='ocrx_word' id='word_1_357' title='bbox 1415 2239 1692 2280; x_wconf 85' lang='lat' dir='ltr'><strong>diminutione</strong></span> 
     </span>
     <span class='ocr_line' id='line_1_39' title="bbox 252 2295 1694 2353; baseline -0.001 -16"><span class='ocrx_word' id='word_1_358' title='bbox 252 2296 437 2347; x_wconf 85' lang='lat' dir='ltr'><strong>luminis,</strong></span> <span class='ocrx_word' id='word_1_359' title='bbox 459 2306 496 2330; x_wconf 84' lang='lat'><strong>1⁵</strong></span> <span class='ocrx_word' id='word_1_360' title='bbox 513 2297 632 2353; x_wconf 88' lang='lat' dir='ltr'><strong>quasi</strong></span> <span class='ocrx_word' id='word_1_361' title='bbox 651 2297 857 2338; x_wconf 86' lang='lat' dir='ltr'><strong>fastorum</strong></span> <span class='ocrx_word' id='word_1_362' title='bbox 877 2297 986 2338; x_wconf 87' lang='lat' dir='ltr'><strong>notis</strong></span> <span class='ocrx_word' id='word_1_363' title='bbox 1016 2297 1252 2352; x_wconf 86' lang='lat' dir='ltr'><strong>signantem</strong></span> <span class='ocrx_word' id='word_1_364' title='bbox 1283 2295 1369 2336; x_wconf 89' lang='lat' dir='ltr'><strong>dies</strong></span> <span class='ocrx_word' id='word_1_365' title='bbox 1385 2311 1399 2346; x_wconf 82' lang='lat'><em>3</em></span> <span class='ocrx_word' id='word_1_366' title='bbox 1428 2305 1519 2338; x_wconf 84' lang='lat' dir='ltr'><strong>tum</strong></span> <span class='ocrx_word' id='word_1_367' title='bbox 1551 2295 1591 2335; x_wconf 92' lang='lat' dir='ltr'><strong>in</strong></span> <span class='ocrx_word' id='word_1_368' title='bbox 1621 2310 1694 2336; x_wconf 90' lang='lat' dir='ltr'><strong>eo-</strong></span> 
     </span>
    </p>
   </div>
   <div class='ocr_carea' id='block_1_2' title="bbox 247 2438 956 2867">
    <p class='ocr_par' dir='ltr' id='par_1_9' title="bbox 253 2438 953 2597">
     <span class='ocr_line' id='line_1_40' title="bbox 299 2438 952 2478; baseline -0.003 -8"><span class='ocrx_word' id='word_1_369' title='bbox 299 2448 336 2471; x_wconf 87' lang='lat'><strong>10</strong></span> <span class='ocrx_word' id='word_1_370' title='bbox 351 2441 476 2470; x_wconf 66' lang='lat' dir='ltr'><strong>orimum</strong></span> <span class='ocrx_word' id='word_1_371' title='bbox 493 2441 554 2469; x_wconf 80' lang='lat' dir='ltr'><strong>baec</strong></span> <span class='ocrx_word' id='word_1_372' title='bbox 568 2447 597 2469; x_wconf 80' lang='lat' dir='ltr'><strong>er</strong></span> <span class='ocrx_word' id='word_1_373' title='bbox 612 2439 641 2469; x_wconf 78' lang='lat' dir='ltr'><strong>d.</strong></span> <span class='ocrx_word' id='word_1_374' title='bbox 658 2447 699 2469; x_wconf 74' lang='lat' dir='ltr'><strong>est</strong></span> <span class='ocrx_word' id='word_1_375' title='bbox 717 2447 745 2469; x_wconf 78' lang='lat' dir='ltr'><strong>et</strong></span> <span class='ocrx_word' id='word_1_376' title='bbox 759 2438 802 2477; x_wconf 80' lang='grc' dir='ltr'><strong>α.]</strong></span> <span class='ocrx_word' id='word_1_377' title='bbox 823 2439 952 2478; x_wconf 81' lang='lat' dir='ltr'><strong>primum</strong></span> 
     </span>
     <span class='ocr_line' id='line_1_41' title="bbox 253 2479 952 2518; baseline -0.003 -5"><span class='ocrx_word' id='word_1_378' title='bbox 253 2494 318 2513; x_wconf 87' lang='lat' dir='ltr'><strong>non</strong></span> <span class='ocrx_word' id='word_1_379' title='bbox 345 2484 495 2513; x_wconf 86' lang='lat' dir='ltr'><strong>convenit</strong></span> <span class='ocrx_word' id='word_1_380' title='bbox 517 2479 598 2513; x_wconf 80' lang='lat' dir='ltr'><strong>loeo.</strong></span> <span class='ocrx_word' id='word_1_381' title='bbox 625 2490 667 2518; x_wconf 88' lang='lat' dir='ltr'><strong>et,</strong></span> <span class='ocrx_word' id='word_1_382' title='bbox 695 2484 720 2512; x_wconf 84' lang='lat' dir='ltr'><strong>si</strong></span> <span class='ocrx_word' id='word_1_383' title='bbox 744 2483 893 2512; x_wconf 84' lang='lat' dir='ltr'><strong>referatur</strong></span> <span class='ocrx_word' id='word_1_384' title='bbox 914 2483 952 2512; x_wconf 89' lang='lat' dir='ltr'><strong>ad</strong></span> 
     </span>
     <span class='ocr_line' id='line_1_42' title="bbox 253 2525 953 2565; baseline 0.001 -11"><span class='ocrx_word' id='word_1_385' title='bbox 253 2526 384 2562; x_wconf 71' lang='lat' dir='ltr'><strong>inducta,</strong></span> <span class='ocrx_word' id='word_1_386' title='bbox 425 2527 586 2565; x_wconf 83' lang='lat' dir='ltr'><strong>langueat.</strong></span> <span class='ocrx_word' id='word_1_387' title='bbox 632 2526 713 2556; x_wconf 69' lang='lat' dir='ltr'><strong>Puro</strong></span> <span class='ocrx_word' id='word_1_388' title='bbox 749 2525 953 2555; x_wconf 82' lang='lat' dir='ltr'><strong>scribendum</strong></span> 
     </span>
     <span class='ocr_line' id='line_1_43' title="bbox 253 2580 402 2597; baseline 0 0"><span class='ocrx_word' id='word_1_389' title='bbox 253 2580 402 2597; x_wconf 75' lang='lat' dir='ltr'><strong>nlmlrllm.</strong></span> 
     </span>
    </p>

    <p class='ocr_par' dir='ltr' id='par_1_10' title="bbox 251 2607 954 2692">
     <span class='ocr_line' id='line_1_44' title="bbox 298 2607 954 2652; baseline -0.002 -11"><span class='ocrx_word' id='word_1_390' title='bbox 298 2619 333 2641; x_wconf 81' lang='grc'><strong>11</strong></span> <span class='ocrx_word' id='word_1_391' title='bbox 364 2621 430 2652; x_wconf 72' lang='lat' dir='ltr'><strong>quae</strong></span> <span class='ocrx_word' id='word_1_392' title='bbox 455 2610 515 2639; x_wconf 81' lang='lat' dir='ltr'><strong>sola</strong></span> <span class='ocrx_word' id='word_1_393' title='bbox 542 2610 649 2639; x_wconf 78' lang='lat' dir='ltr'><strong>divina</strong></span> <span class='ocrx_word' id='word_1_394' title='bbox 671 2607 751 2649; x_wconf 79' lang='lat' dir='ltr'><strong>sunt]</strong></span> <span class='ocrx_word' id='word_1_395' title='bbox 782 2607 954 2640; x_wconf 70' lang='lat' dir='ltr'><strong>Quomodo</strong></span> 
     </span>
     <span class='ocr_line' id='line_1_45' title="bbox 251 2653 748 2692; baseline 0 -10"><span class='ocrx_word' id='word_1_396' title='bbox 251 2653 339 2683; x_wconf 72' lang='lat' dir='ltr'><em>sola?</em></span> <span class='ocrx_word' id='word_1_397' title='bbox 362 2655 465 2684; x_wconf 89' lang='lat' dir='ltr'><strong>immo</strong></span> <span class='ocrx_word' id='word_1_398' title='bbox 483 2660 555 2689; x_wconf 79' lang='lat' dir='ltr'><strong>tota,</strong></span> <span class='ocrx_word' id='word_1_399' title='bbox 575 2660 609 2682; x_wconf 93' lang='lat' dir='ltr'><strong>ut</strong></span> <span class='ocrx_word' id='word_1_400' title='bbox 625 2653 748 2692; x_wconf 87' lang='lat' dir='ltr'><strong>opinor.</strong></span> 
     </span>
    </p>

    <p class='ocr_par' dir='ltr' id='par_1_11' title="bbox 247 2694 956 2821">
     <span class='ocr_line' id='line_1_46' title="bbox 297 2694 956 2738; baseline -0.003 -12"><span class='ocrx_word' id='word_1_401' title='bbox 297 2704 334 2727; x_wconf 74' lang='lat'><strong>12</strong></span> <span class='ocrx_word' id='word_1_402' title='bbox 352 2696 430 2738; x_wconf 67' lang='lat' dir='ltr'><strong>quod</strong></span> <span class='ocrx_word' id='word_1_403' title='bbox 450 2694 532 2734; x_wconf 81' lang='lat' dir='ltr'><em>vult]</em></span> <span class='ocrx_word' id='word_1_404' title='bbox 555 2696 632 2727; x_wconf 87' lang='lat' dir='ltr'><strong>Edd.</strong></span> <span class='ocrx_word' id='word_1_405' title='bbox 650 2696 798 2735; x_wconf 81' lang='lat' dir='ltr'><strong>quaedarn</strong></span> <span class='ocrx_word' id='word_1_406' title='bbox 821 2702 897 2725; x_wconf 81' lang='lat' dir='ltr'><strong>vett.</strong></span> <span class='ocrx_word' id='word_1_407' title='bbox 920 2702 956 2725; x_wconf 91' lang='lat' dir='ltr'><strong>ut</strong></span> 
     </span>
     <span class='ocr_line' id='line_1_47' title="bbox 247 2739 953 2778; baseline 0 -10"><span class='ocrx_word' id='word_1_408' title='bbox 247 2739 339 2770; x_wconf 86' lang='lat' dir='ltr'><strong>Junt.</strong></span> <span class='ocrx_word' id='word_1_409' title='bbox 355 2739 452 2774; x_wconf 77' lang='lat' dir='ltr'><strong>vivit,</strong></span> <span class='ocrx_word' id='word_1_410' title='bbox 470 2739 555 2778; x_wconf 88' lang='lat' dir='ltr'><strong>quod</strong></span> <span class='ocrx_word' id='word_1_411' title='bbox 580 2739 737 2769; x_wconf 75' lang='lat' dir='ltr'><strong>revocavit</strong></span> <span class='ocrx_word' id='word_1_412' title='bbox 752 2739 862 2770; x_wconf 77' lang='lat' dir='ltr'><strong>Davis.</strong></span> <span class='ocrx_word' id='word_1_413' title='bbox 877 2740 953 2777; x_wconf 89' lang='lat' dir='ltr'><strong>quia</strong></span> 
     </span>
     <span class='ocr_line' id='line_1_48' title="bbox 247 2782 675 2821; baseline -0.005 -9"><span class='ocrx_word' id='word_1_414' title='bbox 247 2783 294 2812; x_wconf 86' lang='lat' dir='ltr'><strong>sic</strong></span> <span class='ocrx_word' id='word_1_415' title='bbox 310 2790 340 2812; x_wconf 87' lang='lat' dir='ltr'><strong>et</strong></span> <span class='ocrx_word' id='word_1_416' title='bbox 357 2783 420 2812; x_wconf 85' lang='lat' dir='ltr'><strong>Ms.</strong></span> <span class='ocrx_word' id='word_1_417' title='bbox 440 2782 547 2811; x_wconf 80' lang='lat' dir='ltr'><strong>Guelf.</strong></span> <span class='ocrx_word' id='word_1_418' title='bbox 562 2782 675 2821; x_wconf 71' lang='lat' dir='ltr'><strong>recepi,</strong></span> 
     </span>
    </p>

    <p class='ocr_par' dir='ltr' id='par_1_12' title="bbox 295 2823 760 2867">
     <span class='ocr_line' id='line_1_49' title="bbox 295 2823 760 2867; baseline -0.006 -12"><span class='ocrx_word' id='word_1_419' title='bbox 295 2832 330 2855; x_wconf 73' lang='lat'><strong>153</strong></span> <span class='ocrx_word' id='word_1_420' title='bbox 349 2836 414 2867; x_wconf 76' lang='lat' dir='ltr'><strong>yuae</strong></span> <span class='ocrx_word' id='word_1_421' title='bbox 432 2825 459 2854; x_wconf 74' lang='lat' dir='ltr'><strong>h.</strong></span> <span class='ocrx_word' id='word_1_422' title='bbox 476 2823 599 2865; x_wconf 76' lang='lat' dir='ltr'><strong>vellem]</strong></span> <span class='ocrx_word' id='word_1_423' title='bbox 618 2824 638 2854; x_wconf 90' lang='lat' dir='ltr'><strong>l.</strong></span> <span class='ocrx_word' id='word_1_424' title='bbox 656 2823 760 2855; x_wconf 75' lang='lat' dir='ltr'><em>velim.</em></span> 
     </span>
    </p>
   </div>
   <div class='ocr_carea' id='block_1_3' title="bbox 996 2438 1698 2820">
    <p class='ocr_par' dir='ltr' id='par_1_13' title="bbox 997 2438 1696 2565">
     <span class='ocr_line' id='line_1_50' title="bbox 1044 2438 1696 2480; baseline 0.003 -11"><span class='ocrx_word' id='word_1_425' title='bbox 1044 2446 1081 2469; x_wconf 83' lang='lat'><strong>14</strong></span> <span class='ocrx_word' id='word_1_426' title='bbox 1107 2439 1149 2468; x_wconf 73' lang='lat' dir='ltr'><strong>ad</strong></span> <span class='ocrx_word' id='word_1_427' title='bbox 1169 2440 1367 2468; x_wconf 77' lang='lat' dir='ltr'><strong>maturitatem</strong></span> <span class='ocrx_word' id='word_1_428' title='bbox 1377 2438 1521 2480; x_wconf 77' lang='lat' dir='ltr'><strong>frugum]</strong></span> <span class='ocrx_word' id='word_1_429' title='bbox 1548 2440 1696 2471; x_wconf 73' lang='lat' dir='ltr'><strong>Davisius</strong></span> 
     </span>
     <span class='ocr_line' id='line_1_51' title="bbox 998 2482 1694 2522; baseline 0.001 -11"><span class='ocrx_word' id='word_1_430' title='bbox 998 2483 1031 2511; x_wconf 89' lang='lat' dir='ltr'><strong>in</strong></span> <span class='ocrx_word' id='word_1_431' title='bbox 1061 2482 1125 2512; x_wconf 78' lang='lat' dir='ltr'><strong>Ms.</strong></span> <span class='ocrx_word' id='word_1_432' title='bbox 1157 2482 1285 2512; x_wconf 74' lang='lat' dir='ltr'><strong>Non-ic.</strong></span> <span class='ocrx_word' id='word_1_433' title='bbox 1320 2483 1431 2522; x_wconf 85' lang='lat' dir='ltr'><strong>reperit</strong></span> <span class='ocrx_word' id='word_1_434' title='bbox 1460 2483 1694 2520; x_wconf 80' lang='lat' dir='ltr'><strong>maturationem,</strong></span> 
     </span>
     <span class='ocr_line' id='line_1_52' title="bbox 997 2525 1567 2565; baseline 0.004 -11"><span class='ocrx_word' id='word_1_435' title='bbox 997 2525 1082 2564; x_wconf 89' lang='lat' dir='ltr'><strong>quod</strong></span> <span class='ocrx_word' id='word_1_436' title='bbox 1099 2525 1208 2563; x_wconf 84' lang='lat' dir='ltr'><strong>probat</strong></span> <span class='ocrx_word' id='word_1_437' title='bbox 1223 2525 1368 2556; x_wconf 82' lang='lat' dir='ltr'><strong>Pearcius</strong></span> <span class='ocrx_word' id='word_1_438' title='bbox 1382 2537 1392 2564; x_wconf 86' lang='lat'>;</span> <span class='ocrx_word' id='word_1_439' title='bbox 1417 2535 1474 2565; x_wconf 88' lang='lat' dir='ltr'><strong>ego</strong></span> <span class='ocrx_word' id='word_1_440' title='bbox 1491 2535 1567 2556; x_wconf 89' lang='lat' dir='ltr'><strong>non.</strong></span> 
     </span>
    </p>

    <p class='ocr_par' dir='ltr' id='par_1_14' title="bbox 996 2566 1698 2820">
     <span class='ocr_line' id='line_1_53' title="bbox 1042 2566 1693 2608; baseline 0.003 -13"><span class='ocrx_word' id='word_1_441' title='bbox 1042 2575 1079 2598; x_wconf 82' lang='lat'><strong>15</strong></span> <span class='ocrx_word' id='word_1_442' title='bbox 1097 2568 1180 2608; x_wconf 78' lang='lat' dir='ltr'><strong>quasi</strong></span> <span class='ocrx_word' id='word_1_443' title='bbox 1183 2568 1335 2607; x_wconf 81' lang='lat' dir='ltr'><strong>fastorum</strong></span> <span class='ocrx_word' id='word_1_444' title='bbox 1350 2569 1422 2598; x_wconf 75' lang='lat' dir='ltr'><strong>notis</strong></span> <span class='ocrx_word' id='word_1_445' title='bbox 1437 2569 1597 2608; x_wconf 77' lang='lat' dir='ltr'><strong>signantem</strong></span> <span class='ocrx_word' id='word_1_446' title='bbox 1617 2566 1693 2608; x_wconf 72' lang='lat' dir='ltr'><strong>dies]</strong></span> 
     </span>
     <span class='ocr_line' id='line_1_54' title="bbox 997 2609 1695 2650; baseline 0.001 -10"><span class='ocrx_word' id='word_1_447' title='bbox 997 2609 1092 2640; x_wconf 78' lang='lat' dir='ltr'><strong>Hanc</strong></span> <span class='ocrx_word' id='word_1_448' title='bbox 1108 2610 1279 2640; x_wconf 70' lang='lat' dir='ltr'><strong>lectionem</strong></span> <span class='ocrx_word' id='word_1_449' title='bbox 1295 2611 1417 2640; x_wconf 86' lang='lat' dir='ltr'><strong>confeci</strong></span> <span class='ocrx_word' id='word_1_450' title='bbox 1439 2613 1554 2650; x_wconf 71' lang='lat' dir='ltr'><strong>partim</strong></span> <span class='ocrx_word' id='word_1_451' title='bbox 1570 2620 1608 2640; x_wconf 88' lang='lat' dir='ltr'><strong>ex</strong></span> <span class='ocrx_word' id='word_1_452' title='bbox 1625 2611 1695 2641; x_wconf 87' lang='lat' dir='ltr'><strong>edd.</strong></span> 
     </span>
     <span class='ocr_line' id='line_1_55' title="bbox 997 2653 1698 2693; baseline 0.001 -11"><span class='ocrx_word' id='word_1_453' title='bbox 997 2660 1072 2682; x_wconf 72' lang='lat' dir='ltr'><strong>vett.</strong></span> <span class='ocrx_word' id='word_1_454' title='bbox 1097 2662 1171 2691; x_wconf 86' lang='lat' dir='ltr'><strong>quae</strong></span> <span class='ocrx_word' id='word_1_455' title='bbox 1196 2653 1316 2682; x_wconf 80' lang='lat' dir='ltr'><strong>habent</strong></span> <span class='ocrx_word' id='word_1_456' title='bbox 1338 2653 1409 2682; x_wconf 80' lang='lat' dir='ltr'><strong>notis</strong></span> <span class='ocrx_word' id='word_1_457' title='bbox 1432 2653 1643 2693; x_wconf 57' lang='lat' dir='ltr'><strong>significantem</strong></span> <span class='ocrx_word' id='word_1_458' title='bbox 1666 2661 1698 2684; x_wconf 78' lang='lat' dir='ltr'><strong>et</strong></span> 
     </span>
     <span class='ocr_line' id='line_1_56' title="bbox 1000 2692 1696 2734; baseline 0.003 -10"><span class='ocrx_word' id='word_1_459' title='bbox 1000 2695 1064 2725; x_wconf 85' lang='lat' dir='ltr'><strong>Ms.</strong></span> <span class='ocrx_word' id='word_1_460' title='bbox 1091 2695 1207 2725; x_wconf 82' lang='lat' dir='ltr'><strong>Eliens.</strong></span> <span class='ocrx_word' id='word_1_461' title='bbox 1234 2705 1284 2734; x_wconf 90' lang='lat' dir='ltr'><strong>ap.</strong></span> <span class='ocrx_word' id='word_1_462' title='bbox 1315 2692 1483 2726; x_wconf 85' lang='lat' dir='ltr'><strong>Davisium</strong></span> <span class='ocrx_word' id='word_1_463' title='bbox 1513 2703 1543 2725; x_wconf 84' lang='lat' dir='ltr'><strong>et</strong></span> <span class='ocrx_word' id='word_1_464' title='bbox 1570 2696 1696 2726; x_wconf 81' lang='lat' dir='ltr'><strong>duobus</strong></span> 
     </span>
     <span class='ocr_line' id='line_1_57' title="bbox 996 2738 1697 2778; baseline 0 -11"><span class='ocrx_word' id='word_1_465' title='bbox 996 2738 1089 2768; x_wconf 81' lang='lat' dir='ltr'><strong>Paris.</strong></span> <span class='ocrx_word' id='word_1_466' title='bbox 1107 2747 1156 2778; x_wconf 82' lang='lat' dir='ltr'><strong>ap.</strong></span> <span class='ocrx_word' id='word_1_467' title='bbox 1174 2738 1406 2769; x_wconf 84' lang='lat' dir='ltr'><strong>Alemannum.</strong></span> <span class='ocrx_word' id='word_1_468' title='bbox 1451 2738 1556 2778; x_wconf 82' lang='lat' dir='ltr'><strong>Vulgo</strong></span> <span class='ocrx_word' id='word_1_469' title='bbox 1580 2745 1626 2769; x_wconf 76' lang='lat' dir='ltr'><strong>est</strong></span> <span class='ocrx_word' id='word_1_470' title='bbox 1649 2750 1697 2767; x_wconf 72' lang='lat' dir='ltr'><strong>no-</strong></span> 
     </span>
     <span class='ocr_line' id='line_1_58' title="bbox 998 2780 1385 2820; baseline 0.005 -12"><span class='ocrx_word' id='word_1_471' title='bbox 998 2788 1105 2810; x_wconf 71' lang='lat' dir='ltr'><strong>tantem</strong></span> <span class='ocrx_word' id='word_1_472' title='bbox 1123 2788 1149 2809; x_wconf 83' lang='lat' dir='ltr'><strong>et</strong></span> <span class='ocrx_word' id='word_1_473' title='bbox 1165 2780 1385 2820; x_wconf 64' lang='lat' dir='ltr'><strong>significantem.</strong></span> 
     </span>
    </p>
   </div>
  </div>
 </body>
</html>
