1778 3095
224 141 304 173 510
596 135 674 172 DE
703 135 971 174 NATURA
1000 136 1265 175 DEORUM

224 242 445 284 consulere
469 242 693 285 debebant.
754 244 844 286 Cur
872 245 1003 301 igitur
1035 245 1122 288 duo
1155 247 1385 302 Scipiones,
1407 245 1657 287 fortissimos

223 308 266 341 et
286 300 472 356 optimos
493 301 615 351 viros,
636 301 678 342 in
704 301 911 357 Hispania
942 303 1094 344 Poenus
1124 303 1356 359 oppressit.
1349 304 1361 333 ³
1398 301 1488 342 Cur
1517 303 1658 343 Maxi-

224 371 320 398 mus
340 357 490 399 extulit
511 357 643 398 filium
674 359 965 400 consularem?
1002 360 1090 401 Cur
1112 359 1366 400 Marcellum
1387 358 1604 399 Annibal
1595 373 1659 399 m-

224 414 425 455 teremit?
460 413 549 455 Cur
579 415 770 456 Paullum
804 416 962 457 Cannae
995 417 1279 457 sustuleiunt?
1315 416 1404 456 Cur
1434 416 1659 456 Poenorum

222 470 461 513 crudelitati
504 471 656 526 Reguli
690 487 843 528 corpus
881 481 944 513 est
979 473 1237 528 praebitum?
1286 473 1374 513 Cur
1408 471 1658 512 Africanum

221 527 445 568 domestici
480 528 658 582 parietes
694 544 777 569 non
813 530 1034 570 texerunt?
1072 529 1154 570 Sed
1191 529 1282 570 haec
1317 538 1468 578 vetera,
1504 537 1547 569 et
1578 527 1661 592 alia

220 583 444 648 permulta.
476 584 674 640 propiora
694 586 921 626 videamus.
984 585 1073 625 Cur
1102 586 1330 627 avunculus
1356 600 1490 635 meus,
1509 584 1569 625 vir
1590 584 1655 625 in-

220 640 556 691 nocentissimus,
591 641 787 696 idemque
822 641 1106 691 doctissimus,
1141 643 1184 682 Ρ.
1220 643 1401 683 Rutilius
1435 642 1476 682 in
1509 641 1657 682 exsilio

221 698 315 737 est?
349 712 424 738 cui
453 697 607 738 sodalis
638 712 757 738 meus
788 698 1033 740 interfectus
1066 697 1183 738 domi
1216 713 1316 748 suae,
1351 699 1547 740 Drusus?
1581 713 1656 739 cur

222 754 512 809 temperantiae
543 754 860 809 prudentiaeque
892 754 1119 809 specimen,
1142 763 1237 795 ante
1267 755 1539 796 simulacrum
1569 755 1657 796 Ve-

219 818 312 860 stae,
332 810 521 865 pontifex
552 810 759 850 maximus
782 818 844 850 est
864 809 1130 866 Q.<Scaevola
1159 811 1390 852 trucidatus
1410 813 1423 852 ,Ρ
1456 826 1531 852 cur
1557 818 1655 852 ante

219 866 347 907 etiam
370 875 434 906 tot
454 866 631 906 civitatis
662 866 868 922 principes
889 881 913 907 a
935 866 1072 907 Cinna
1099 867 1337 907 interemti?
1370 881 1444 908 cur
1463 868 1655 908 omnium

163 945 166 948 ⁴
220 922 602 977 perfidiosissimus,
642 923 913 974 C.Ma11us,
946 925 1002 979 Q.
1043 923 1262 973 Catulum,
1311 924 1656 978 praestantissima

157 989 202 1021 81
220 979 429 1034 dignitate
448 979 596 1030 viium,
619 980 727 1020 mori
755 980 896 1035 potuit
916 980 1098 1036 jubere?
1133 980 1236 1020 Dies
1266 980 1446 1030 deficiat,
1472 988 1508 1011 12
1523 980 1557 1020 si
1586 994 1654 1021 ve-

216 1036 291 1077 lim
329 1049 564 1086 numerare,
597 1036 749 1091 quibus
784 1036 905 1077 bonis
939 1037 1050 1077 male
1085 1036 1292 1077 evenerit:
1325 1051 1400 1077 nec
1436 1036 1590 1086 minus,
1622 1037 1658 1078 si

215 1106 565 1142 commemorem,
587 1093 741 1148 quibus
771 1093 975 1148 improbis
1005 1093 1180 1148 optime.
1243 1093 1331 1133 Cur
1356 1094 1468 1133 enim
1489 1093 1654 1134 Marius

214 1157 303 1190 tam
336 1148 527 1199 feliciter,
561 1149 789 1213 septimum
825 1150 988 1200 consul,
1021 1149 1138 1191 domi
1169 1165 1255 1190 suae
1288 1164 1411 1190 senex
1441 1157 1505 1190 est
1536 1164 1653 1190 mor-

215 1207 343 1247 tuus?
376 1220 451 1246 cur
482 1206 674 1246 omnium
705 1206 1020 1247 crudelissimus
1051 1214 1135 1247 tam
1169 1206 1242 1247 diu
1266 1206 1403 1246 Cinna
1432 1206 1646 1261 regnavit.
1637 1207 1650 1234 ³

131 1260 202 1308 33
217 1262 279 1304 At
298 1262 417 1303 dedit
435 1276 596 1317 poenas.
658 1263 874 1303 Prohiberi
904 1263 1054 1303 melius
1086 1263 1181 1314 fuit,
1202 1262 1495 1318 impedirique,
1517 1277 1568 1303 ne
1589 1271 1656 1304 tot

216 1333 407 1360 summos
444 1319 552 1359 viros
591 1319 858 1383 interficeret,
895 1334 1023 1375 quam
1064 1319 1202 1374 ipsum
1242 1319 1469 1374 aliquando
1508 1333 1654 1383 poenas

215 1374 327 1416 dare.
387 1376 566 1416 Summo
597 1376 788 1417 cruciatu
818 1376 1110 1432 supplicioque
1139 1377 1195 1432 Q.
1216 1377 1384 1427 Varius,
1409 1376 1542 1416 homo
1571 1375 1654 1416 im-

169 1431 557 1487 nportunissimus,
578 1433 730 1488 periit·
763 1433 811 1484 si,
834 1434 932 1489 quia
961 1433 1151 1474 Drusum
1182 1433 1307 1484 ferro,
1330 1432 1556 1474 Metellum
1581 1447 1655 1473 ve-

214 1503 325 1529 neno
359 1489 612 1540 sustulerat3
644 1489 738 1530 illos
775 1489 1009 1531 conservari
1041 1489 1191 1531 melius
1225 1490 1320 1541 fuit,
1352 1504 1478 1544 quam
1500 1503 1657 1554 ‘poenas

214 1545 381 1587 sceleris
402 1546 579 1587 Varium
609 1546 804 1601 pendere.
861 1546 1301 1602 Duodequadraginta
1328 1546 1562 1610 Dionysius
1583 1554 1654 1602 ty-

214 1617 368 1644 rannus
418 1617 550 1644 annos
589 1604 671 1644 fuit
708 1603 1038 1668 opulentissimae
1078 1613 1122 1644 et
1158 1603 1412 1644 beatissimae
1460 1602 1653 1643 civitatis.

152 1670 202 1702 82
217 1660 359 1715 Quam
390 1659 549 1700 multos
577 1669 674 1701 ante
702 1660 893 1710 hunc,'1n
921 1660 1012 1715 ipso
1033 1659 1210 1701 Graeciae
1241 1661 1357 1709 flore,
1380 1659 1649 1700 Pisistratus?

214 1703 278 1756 ‘At
297 1716 495 1766 Phalaris,
515 1724 557 1756 at
579 1716 866 1771 Apollodorus
888 1731 1033 1771 poenas
1064 1716 1247 1757 sustulit.
1307 1715 1460 1756 Multis
1480 1715 1651 1771 quidem

214 1782 313 1814 ante
343 1772 537 1813 cruciatis
569 1782 611 1813 et
641 1773 811 1814 necatis.
870 1775 925 1813 Et
956 1773 1176 1829 praedones
1206 1772 1331 1813 multi
1362 1786 1473 1826 saepe
1505 1786 1654 1827 poenas

214 1829 341 1870 dant.
375 1843 450 1870 nec
471 1838 612 1870 tamen
642 1844 868 1884 possumus
890 1829 1043 1880 dicere,
1064 1845 1148 1870 non
1168 1830 1309 1885 plures
1329 1829 1514 1884 captivos
1535 1843 1655 1870 acer-

212 1887 283 1937 be,
305 1900 431 1941 quam
452 1886 673 1941 praedones
704 1895 889 1927 necatos.
948 1886 1246 1927 Anaxarchum
1278 1885 1602 1927 Democriteum
1628 1900 1654 1927 a

214 1942 380 2007 Cyprio
412 1950 591 2006 tyranno
619 1943 959 1984 excarnificatum
989 1943 1260 1997 accepimus·
1293 1943 1509 1982 Zenonem
1538 1942 1654 1983 Eleae

212 1999 256 2041 in
277 1999 497 2040 tormentis
517 2008 727 2041 necatum.
787 1999 905 2056 Quid
922 1999 1060 2041 dicam
1081 1999 1132 2040 de
1152 2000 1351 2040 Socrate?
1383 1999 1505 2054 cujus
1523 1999 1652 2040 morti

212 2055 467 2111 illacrymari
488 2056 619 2107 50160,
643 2044 858 2097 Platonem
879 2056 1038 2112 legens.
1097 2056 1285 2098 Videsne
1306 2056 1450 2111 igitur,
1471 2056 1649 2097 deorum

208 2112 389 2168 judicio,
423 2113 458 2153 si
487 2113 629 2155 vident
663 2127 729 2154 res
762 2113 981 2164 humanas,
1015 2113 1240 2154 discrimen
1275 2127 1365 2153 esse
1400 2112 1650 2154 sublatum?

131 2169 433 2225 34Diogenes
469 2170 640 2225 quidem
678 2170 866 2226 Cynicus
901 2169 1038 2211 dicere
1075 2170 1252 2221 solebat,
1290 2170 1543 2225 Harpalum,
1578 2169 1650 2225 qui

150 2250 197 2282 33
214 2226 479 2291 temporibus
499 2226 579 2267 illis
598 2227 743 2282 praedo
762 2227 861 2267 felix
881 2226 1130 2278 habebatur,
1150 2236 1297 2268 contra
1326 2226 1427 2267 deos
1457 2226 1649 2267 testimo-

212 2283 327 2324 nium
359 2283 511 2335 dicere,
533 2283 682 2339 quod
672 2299 714 2324 1n
746 2283 817 2324 illa
836 2283 1006 2324 fortuna
1034 2293 1122 2325 tam
1154 2284 1227 2325 diu
1256 2284 1421 2325 viv.eret
1479 2283 1647 2338 Diony-

207 2339 310 2391 sius,
332 2340 384 2381 de
404 2355 490 2396 quo
512 2349 608 2381 ante
629 2340 728 2391 dixi,
747 2356 844 2381 cum
866 2341 1011 2382 fanum
1034 2340 1290 2395 Proserpinae
1312 2339 1459 2380 Locris
1487 2339 1646 2393 expila-

207 2396 346 2448 visset,
375 2397 599 2453 navigabat
628 2398 883 2453 Syracusas:
915 2398 1032 2452 isque
1063 2411 1160 2438 cum
1190 2396 1495 2438 secundissimo
1522 2403 1646 2436 vento

208 2467 379 2494 cursum
401 2462 574 2504 teneret,
596 2454 761 2495 ridens:
792 2454 1028 2503 Videtisne,
1051 2453 1200 2508 inquit,
1221 2453 1359 2503 amici,
1382 2466 1509 2508 quam
1531 2452 1646 2493 bona

208 2524 233 2550 a
272 2510 349 2550 diis
386 2510 695 2551 immortalibus
736 2510 947 2565 navigatio
996 2510 1209 2564 sacrilegis
1248 2509 1398 2550 detur?
1450 2516 1484 2539 13
1499 2509 1646 2564 Atque

207 2565 340 2608 homo
362 2576 525 2617 acutus,
547 2581 644 2607 cum
667 2567 774 2607 bene
794 2568 999 2622 planeque
1020 2566 1289 2621 percepisset,
1311 2565 1353 2605 in
1374 2566 1520 2606 eadem
1552 2579 1650 2606 sen-

252 2707 289 2730 12
306 2699 330 2729 si
345 2698 435 2728 velim
457 2699 621 2741 numerare]
640 2702 691 2731 An
713 2702 904 2731 enumerare?
947 2702 1025 2732 dixit
1041 2711 1128 2732 more
1145 2700 1410 2741 philosophorum
1434 2701 1472 2730 de
1495 2705 1577 2730 certa
1591 2708 1645 2730 co-

207 2753 286 2776 mox
311 2749 357 2773 est
380 2753 605 2780 commemorare,
622 2745 706 2783 quod
730 2745 770 2783 «τῷ
793 2756 904 2774 enume-
947 2746 1099 2784 gnitione.
1145 2745 1300 2774 Buherius
1329 2744 1468 2774 malebat
1492 2742 1645 2782 processis-

206 2797 273 2815 rare
289 2786 465 2825 respondet,
483 2796 548 2816 non
565 2798 722 2817 numerare.
948 2795 1006 2816 set:
1031 2789 1084 2818 sed
1102 2788 1130 2817 ei
1146 2797 1204 2817 nec
1218 2787 1306 2826 plane
1320 2789 1393 2817 satis
1409 2787 1570 2824 convenit,
1586 2794 1648 2816 nee

254 2836 290 2860 13
309 2830 407 2870 Atque
430 2829 508 2859 homo
532 2829 645 2869 acutus]
670 2831 753 2861 Bene
779 2830 906 2860 Lambi-
948 2841 1083 2871 sequens
1100 2831 1129 2861 in
1142 2831 1281 2861 sententia
1290 2829 1511 2872 perseverabat.

208 2882 269 2903 nus
297 2873 424 2914 ‚corrigit
453 2873 538 2915 idque
564 2873 642 2904 homo
672 2876 730 2905 &Q
758 2874 906 2914 percipere
