1768 3095
253 105 327 143 156
556 104 628 141 DE
656 104 813 142 FINIB.
842 105 1042 143 BONOR.
1075 105 1141 142 ET
1169 105 1379 143 MALOR.

248 211 291 252 in
308 211 449 253 animo
469 220 688 268 ponerent.
708 220 747 246 ⁵4
785 227 863 255 uos
885 212 1143 270 quamquam
1172 213 1320 255 vitiose
1350 210 1523 276 quidam
1553 213 1684 258 secuti

250 272 362 320 sunt,
393 280 533 311 tamen
563 284 647 311 non
678 228 808 311 ιιιοὲο
830 269 943 312 ⁵⁵his
973 271 1121 321 tribus,
1153 271 1226 327 qui
1253 271 1343 312 virt
1338 279 1456 312 item
1473 285 1497 311 a
1517 278 1685 312 su'mrno

249 326 364 366 bono
399 336 739 391 segregaxerunt,
772 341 869 368 cum
904 335 975 368 aut
1012 327 1289 383 voluptatem,
1327 335 1400 368 aut
1434 327 1684 375 vacuitatem

249 382 423 433 doloris,
453 391 526 424 aut
555 384 693 438 prima
727 392 896 424 naturae
920 383 960 424 i'n
996 385 1172 426 summis
1208 385 1331 426 bonis
1361 387 1580 440 ponerent,
1611 379 1686 440 sed

247 439 374 480 etiam
418 440 615 480 ⁵6alteris
653 440 803 504 tribus,
840 440 910 496 qui
944 454 1136 480 mancam
1172 441 1260 482 fore
1296 447 1561 496 putaverunt,
1599 437 1687 481 sine

246 495 386 550 aliqua
418 496 672 545 accessione,
704 497 915 546 virtutem,
953 496 1009 536 ob
1045 510 1222 553 eamque
1254 512 1341 538 rem
1378 498 1504 538 trium
1541 496 1687 538 ea'rum

247 566 403 601 rerum,
434 567 536 607 quas
567 565 693 606 supra
726 552 824 602 dixi,
862 559 898 588 ⁵7
915 551 1070 607 singuli
1101 553 1286 608 singulas
1317 553 1592 595 addiderunt.
1623 552 1689 606 his

247 616 390 649 tamen
411 609 607 649 omnibus
628 622 700 649 eos
719 618 945 672 antepono,
970 609 1227 650 cuicuimodi
1247 620 1360 661 sunt,
1379 611 1451 665 qui
1473 615 1688 651 summum

187 678 233 711 31
249 665 440 706 bonum
430 680 471 705 m
492 666 648 715 animo,
670 673 794 721 atque
814 664 856 704 in
876 664 1026 705 virtute
1047 674 1294 729 posuerunt.
1325 667 1410 707 Sed
1430 672 1529 707 sunt
1546 673 1689 708 tamen

248 721 493 777 perabsurdi
513 731 556 762 et
577 721 620 772 ii,
642 722 728 778 qui,
750 736 848 762 cum
870 721 1043 762 scientia
1069 721 1216 773 vivere,
1245 722 1442 763 ultimum
1463 722 1690 774 bonorum,

248 786 291 818 et
326 779 399 834 qui
426 778 587 819 nullam
622 792 763 819 rerum
800 778 1076 819 differentiam
1111 792 1203 818 esse
1238 778 1445 829 dixerunt,
1475 785 1602 830 atque
1631 778 1691 820 ita

249 835 478 889 sapientem
500 835 670 875 beatum
692 834 795 885 fore,
815 842 852 867 ⁵8
869 834 973 875 nihil
992 834 1107 876 aliud
1128 833 1197 875 alii
1211 846 1431 876 momento
1455 833 1546 877 ullo
1569 840 1690 881 arite-

247 898 505 946 ponentem:
537 899 583 932 ut
603 888 775 947 quidam
805 891 1052 932 Academici
1084 892 1350 933 constituisse
1383 891 1595 942 dicuntur,
1617 905 1690 933 ex-

248 956 433 989 tremum
465 947 690 999 bonorum,
721 956 765 989 et
803 963 1017 989 summum
1050 963 1204 989 munus
1237 962 1329 989 esse
1364 948 1578 1004 sapientis,
1611 948 1691 989 ob-

249 1003 396 1044 sistere
416 1003 524 1054 visis,
544 1018 819 1059 assensusque
839 1019 938 1045 suos
959 1013 998 1038 ⁵9
1013 1005 1130 1046 firme
1151 1006 1368 1046 sustinere.
1410 1005 1492 1046 His
1514 1003 1691 1060 singulis

248 1060 422 1115 copiose
442 1060 686 1116 responderi
707 1061 828 1102 solet.
850 1060 925 1102 sed
946 1076 1039 1117 quae
1061 1062 1284 1117 perspicua
1317 1070 1431 1112 sunt,
1450 1060 1581 1126 longa
1599 1075 1692 1103 esse

249 1131 335 1157 non
355 1117 522 1158 debent.
582 1117 702 1159 Quid
731 1128 874 1158 autem
904 1118 1105 1173 apertius,
1136 1132 1278 1182 quam,
1309 1118 1344 1158 si
1374 1117 1546 1159 selectio
1575 1117 1694 1158 nulla

249 1173 305 1214 sit
323 1174 406 1214 ab
395 1174 444 1215 1is
464 1174 606 1224 rebus,
628 1189 723 1230 quae
745 1183 893 1215 contra
919 1183 1113 1215 naturam
1147 1175 1243 1226 sint,
1269 1177 1413 1215 earum
1435 1188 1573 1215 rerum
1595 1186 1691 1230 quae

248 1229 333 1270 sint
352 1230 584 1272 secundum
606 1240 814 1280 naturam,
835 1236 877 1263 60
889 1230 1063 1272 tollatur
1091 1230 1228 1271 omnis
1256 1245 1320 1279 ea,
1349 1245 1444 1294 quae
1466 1235 1692 1294 quaeratur‚

194 1297 196 1301 ·
249 1285 529 1341 laudeturque
557 1286 807 1341 prudentia?
843 1286 1199 1342 Circumscriptis
1216 1287 1347 1342 igitur
1378 1286 1428 1327 iis
1458 1285 1692 1340 sententiis,

250 1357 353 1397 quas
384 1343 522 1398 posui,
553 1353 596 1384 et
625 1342 689 1393 iis,
720 1358 838 1407 quae·
850 1342 1007 1384 similes
1039 1357 1182 1384 earum
1212 1351 1326 1393 sunt,
1354 1343 1641 1406 relinquitur,
1643 1352 1694 1385 ut

250 1413 466 1439 summum
500 1399 662 1440 bonum
699 1399 767 1449 sit,
804 1398 951 1449 vivere,
987 1400 1206 1440 scientiam
1240 1399 1512 1441 adhibentem
1545 1413 1691 1441 earum

138 1478 170 1508 p.
187 1471 238 1500 97.
250 1469 405 1507 rerum,
427 1470 522 1511 quae
543 1465 690 1497 natura
709 1456 913 1506 eveniant,
944 1456 1210 1511 seligentem,
1240 1471 1335 1521 quae
1363 1455 1608 1497 secundum
1615 1470 1692 1497 na-

207 1518 237 1538 a.
251 1521 403 1563 turam,
421 1520 478 1563 et,
497 1519 533 1544 61
550 1513 585 1553 si
606 1527 700 1568 quae
721 1511 847 1553 etiam
864 1521 1011 1553 contra
1032 1522 1223 1553 naturam
1239 1514 1335 1562 sint,
1355 1512 1629 1577 rejicientem,
1650 1512 1694 1554 id

186 1580 238 1612 32
251 1577 329 1618 est
344 1568 639 1609 convenienter
653 1569 1021 1624 congruenterque
1037 1577 1196 1609 naturae
1210 1568 1356 1610 vivere.
1389 1569 1495 1610 Sed'
1486 1584 1527 1609 m
1542 1569 1692 1610 ceteris

249 1625 410 1666 artibus
439 1640 537 1666 cum
562 1625 715 1666 dicitur
730 1625 985 1675 Artificiose,
1016 1633 1232 1680 posterum
1264 1624 1449 1680 quodam
1480 1625 1627 1676 modo,
1648 1634 1694 1667 et

246 1695 510 1737 consequens
532 1682 768 1737 putandum
790 1692 884 1722 est:
913 1682 1029 1737 quod
1048 1681 1141 1722 illi’
1130 1699 1232 1736 επιγε
1219 1698 1447 1734 ννηματικον
1463 1681 1692 1746 appellant.

249 1743 288 1768 62
302 1738 417 1802 quod
458 1748 599 1779 autem
639 1753 681 1779 in
729 1753 815 1793 quo
858 1738 1079 1793 Sapienter
1127 1737 1322 1790 dicimus,
1361 1738 1403 1779 id
1438 1744 1520 1779 63a
1553 1737 1693 1793 primo

247 1794 479 1835 rectissime
499 1794 666 1835 dicitur.
698 1794 903 1850 quidquid
934 1795 1044 1835 enim
1070 1809 1093 1835 a
1114 1795 1302 1850 sapiente
1332 1793 1633 1858 proficiscitur,
1647 1793 1692 1836 id

249 1850 453 1891 continuo
484 1851 608 1892 debet
640 1851 854 1906 expletum
884 1865 974 1891 esse
1005 1851 1202 1892 omnibus
1233 1851 1318 1892 suis
1349 1851 1556 1906 partibus.
1577 1849 1619 1891 in
1639 1864 1692 1891 eo

248 1907 359 1947 enim
392 1907 578 1962 positum
608 1917 672 1948 est
700 1907 758 1959 id,
793 1907 908 1972 quod
947 1907 1127 1948 dicimus
1155 1921 1246 1948 esse
1273 1906 1571 1972 expetendum.
1593 1921 1691 1948 nam

246 1972 296 2004 ut
330 1971 553 2018 peccatum
591 1972 670 2016 est,
709 1965 886 2019 patriam
926 1964 1116 2028 prodere,
1155 1972 1346 2019 parentes
1385 1963 1554 2014 violare,
1595 1963 1693 2004 fana

247 2019 503 2075 depeculari,
525 2035 619 2076 quae
640 2031 738 2062 sunt
756 2037 798 2062 ιιι
826 2022 1005 2063 effectu:
1039 2020 1097 2061 sic
1127 2020 1294 2072 timere,
1324 2020 1382 2061 sic
1412 2034 1602 2070 maerere,
1632 2017 1692 2061 sic

293 2163 331 2186 54
355 2155 437 2197 quos]
463 2156 515 2186 Sic
539 2167 595 2196 pro
618 2168 689 2199 quas
713 2158 851 2196 rescripsi
869 2167 946 2188 cum
990 2156 1237 2196 ediditfitmiter.

248 2194 391 2235 Davisio‚
407 2199 540 2238 pertinet
555 2201 643 2230 enim
662 2210 725 2230 non
742 2201 780 2230 ad
796 2200 947 2230 sententias
1035 2204 1076 2230 fio
1099 2198 1232 2238 tollatur]
1273 2198 1366 2229 Nihil
1405 2206 1464 2237 est,
1505 2197 1606 2232 unde'
1628 2201 1692 2232 hoc

249 2242 302 2271 Sed
319 2243 357 2271 ad
369 2242 557 2283 philosophos.

295 2292 331 2315 55
357 2284 400 2313 his
415 2284 521 2326 tribus]
545 2287 693 2326 Epicuro,
710 2285 758 2315 vel
776 2286 948 2326 Aristippo,

250 2327 449 2368 Hieronymo
476 2337 506 2358 et
533 2329 704 2360 Carneade.
726 2339 757 2359 v.
782 2339 876 2369 supra
900 2330 944 2365 11,

252 2377 301 2400 11.

294 2417 333 2442 56
368 2411 468 2442 alteris
505 2413 610 2453 tribus]
651 2414 836 2450 Polemone,
875 2413 946 2442 Cal-

249 2455 394 2494 liphonte
410 2463 441 2485 et
455 2457 605 2487 Diodoro.
623 2466 652 2486 ν.
670 2457 744 2487 ibid.

296 2502 332 2531 57
359 2497 466 2537 singuli
496 2498 635 2539 singulas]
662 2500 739 2529 Edd.
764 2508 800 2538 pr
834 2498 949 2537 singula

251 2539 386 2578 singulis,
424 2542 519 2571 male.
549 2542 647 2580 vulgo
677 2543 863 2572 recentiores
892 2541 949 2570 sin-

249 2582 327 2621 gulis
357 2583 495 2622 ungulas.
535 2585 619 2614 male
657 2594 781 2614 omnes.
812 2593 858 2614 res
896 2594 950 2623 po-

251 2625 360 2662 stulat,
384 2627 469 2665 quod
493 2627 575 2657 edidi
598 2637 675 2657 cum
699 2628 810 2657 [amb.
834 2633 864 2657 et
886 2627 950 2657 Da-

250 2669 340 2699 visio.
367 2669 485 2708 singuli
517 2670 613 2700 trium
644 2671 779 2700 istorum
806 2670 950 2701 addidere

249 2711 392 2752 singulas
408 2722 465 2741 res.

296 2762 335 2785 58
351 2753 428 2783 nihil
440 2754 526 2784 aliud
544 2754 603 2785 ullo
622 2754 773 2795 momento]
798 2755 851 2785 Est
868 2752 949 2784 023⁴oe-

290 2810 315 2838 ξΙ

254 2796 347 2874 φο5ζ
347 2838 456 2881 firme]
487 2840 636 2871 Davisius
666 2850 683 2871 e
713 2840 793 2872 Mss.
823 2841 950 2872 duobus

992 2243 1136 2281 pendeat
1182 2243 1356 2273 Lambinus
1386 2243 1504 2273 addidit
1527 2243 1601 2284 fore
1630 2250 1662 2274 ut
1679 2255 1691 2283 3

992 2286 1079 2325 quod
1095 2285 1208 2324 placet.

1033 2333 1069 2358 61
1095 2328 1119 2357 si
1136 2339 1202 2369 quae
1221 2328 1308 2356 etiam
1332 2335 1429 2357 contra
1451 2334 1588 2357 naturam
1611 2327 1686 2368 sint]

988 2372 1090 2410 Friget
1105 2371 1205 2408 etiam,
1220 2371 1397 2410 delevitque
1412 2371 1570 2400 Davisius.

1035 2419 1074 2444 62
1099 2413 1174 2454 quod
1201 2420 1297 2442 autem
1323 2413 1352 2441 in
1377 2425 1430 2454 quo
1459 2413 1615 2453 Sapzenter
1644 2413 1691 2442 di-

990 2455 1094 2494 cimus]
1124 2456 1190 2486 Ser.
1216 2467 1317 2498 quum,
1343 2462 1377 2486 ut
1403 2463 1475 2486 ante
1499 2463 1546 2487 est
1575 2467 1638 2487 cum
1661 2456 1693 2486 in

992 2499 1115 2528 artibus.
1130 2508 1185 2538 pro
1201 2499 1230 2527 in
1241 2511 1295 2541 quo
1304 2499 1453 2530 Davisius
1468 2499 1570 2539 legit'
1560 2511 1590 2528 m
1606 2499 1690 2529 bono:

992 2542 1076 2581 quod
1093 2551 1158 2571 non
1181 2542 1396 2572 necessarium
1419 2549 1508 2581 puto.
1531 2542 1562 2572 in
1576 2554 1630 2586 quo
1645 2549 1692 2573 est

994 2586 1025 2614 in
1043 2584 1149 2624 aliquo
1164 2594 1290 2624 genere,
1308 2585 1340 2615 in
1357 2585 1463 2624 aliqua
1479 2595 1521 2616 re.

1037 2632 1075 2658 63
1100 2627 1244 2667 adprimoJ
1272 2628 1344 2658 Hoc
1367 2635 1413 2658 est
1436 2629 1570 2659 verbum
1585 2627 1692 2658 nihili.

994 2670 1064 2700 edd.
1094 2680 1140 2709 pr.
1167 2670 1288 2701 habent
1316 2671 1458 2710 apprime.
1487 2672 1541 2702 sed
1570 2680 1627 2711 pro
1653 2680 1691 2701 eo

993 2713 1166 2762 legendum
1183 2725 1200 2742 a
1211 2713 1307 2752 primo
1326 2716 1369 2753 (v.
1384 2714 1472 2744 Clav.
1475 2713 1486 2753 )
1503 2716 1524 2745 i.
1539 2724 1567 2744 e.
1582 2713 1690 2744 statim

994 2757 1027 2786 in
1048 2756 1212 2796 principio.
1230 2766 1306 2787 mox
1326 2766 1381 2804 pro
1405 2767 1443 2788 eo
1458 2758 1533 2789 dicit
1548 2757 1690 2794 contiuuo,

992 2805 1023 2829 et
1047 2806 1115 2838 post
1140 2799 1249 2839 paullo
1272 2800 1302 2829 in
1319 2800 1425 2840 primis
1449 2800 1589 2838 continuo,
1613 2800 1691 2830 item

992 2840 1163 2882 susceptione
1172 2842 1283 2882 pritna.
