1778 3095
245 85 324 123 226
549 83 621 121 DE
648 84 805 122 FINIB.
823 83 1022 123 BONOR.
1041 86 1109 124 ET
1134 86 1343 125 MALOR.

250 190 434 248 (quando
465 206 592 233 unam
625 193 867 235 societatem
899 192 1118 236 hominum
1149 208 1240 235 esse
1250 192 1483 258 Mvolumus)
1493 201 1664 250 propter

246 264 290 290 se
312 248 532 305 expetendi
556 249 651 290 sint.
683 259 808 306 atque
838 265 984 291 eorum
1018 250 1121 291 nihil
1141 259 1204 292 est
1224 249 1313 306 ejus
1342 249 1522 304 generis,
1541 261 1590 292 ut
1609 252 1663 293 sit

183 305 288 347 osin
308 305 388 347 fine
406 314 530 361 atque
551 315 738 347 extremo
764 307 987 348 bonorum.
1047 308 1112 348 Ita
1134 307 1192 358 fit,
1214 318 1260 348 ut
1280 305 1365 348 duo
1385 321 1543 361 genera
1563 321 1663 362 pro-

243 371 337 426 pter
356 376 399 402 se
420 362 749 417 expetendorum
780 363 1060 418 reperiantur:
1091 379 1236 414 unum,
1268 371 1303 394 13
1321 362 1437 418 quod
1455 372 1520 404 est
1536 363 1578 404 in
1598 364 1665 416 iis,

242 435 285 460 1n
314 418 466 475 quibus
494 419 730 474 completur
759 419 863 460 illud
891 428 1153 470 extremum3
1185 436 1279 484 quae
1310 428 1407 460 sunt
1430 428 1504 460 aut
1522 419 1666 471 animi,

243 483 316 518 aut
335 475 534 540 corporis:
565 475 655 516 haec
683 484 838 524 autem,
859 491 953 540 quae
984 486 1082 517 sunt
1110 478 1377 526 extrinsecus,
1398 476 1441 516 id
1470 484 1548 527 est,
1570 491 1665 532 quae

245 546 380 586 neque
398 531 440 572 in
462 532 601 574 animo
617 540 727 582 sunt,
748 546 881 595 neque
901 532 943 572 in
963 546 1151 586 corpore,
1168 543 1215 573 ut
1233 533 1370 582 amici,
1392 542 1439 573 ut
1459 541 1666 587 parentes,

247 598 296 631 ut
314 587 447 639 liberi,
469 598 517 630 ut
546 588 785 644 propinqui,
818 597 865 628 ut
895 588 985 642 ipsa
1010 589 1156 642 patria,
1177 599 1273 630 sunt
1301 589 1372 631 illa
1401 589 1571 645 quidem
1590 604 1667 631 sua

246 654 396 701 sponte
427 659 536 696 cara,
568 645 638 686 sed
670 644 820 685 eodem
851 643 894 684 in
925 657 1092 699 genere,
1114 660 1198 700 quo
1228 645 1312 696 illa,
1333 661 1416 687 non
1447 655 1557 687 sunt.
1588 660 1666 687 nec

244 716 341 744 vero
350 702 582 766 quisquam
613 715 827 741 summum
859 700 1017 741 bonum
1047 701 1212 756 assequi
1233 717 1434 756 umquam
1455 711 1611 758 posset,
1633 702 1668 744 si

245 758 388 800 omnia
417 757 503 808 illa,
536 772 630 813 quae
659 765 756 797 sunt
785 766 914 807 extra,
945 772 1200 821 quamquam
1232 758 1476 812 expetenda,
1499 773 1666 800 summo

164 815 359 868 24bono
377 813 701 855 continerentur.
760 814 860 870 Quo
889 813 1019 854 modo
1048 814 1191 868 igitur,
1213 814 1389 869 inquies,
1409 830 1551 856 verum
1576 829 1667 857 esse

181 889 232 936 59
244 870 412 935 poterit,
449 869 592 911 omnia
621 869 763 911 referri
795 868 849 910 ad
878 884 1092 911 summum
1123 870 1297 919 bonum,
1329 870 1363 911 si
1392 871 1600 923 amicitiae,
1631 871 1666 913 si

241 926 589 983 propinquitates,
617 925 652 967 si
684 925 844 990 reliqua
874 935 1043 968 externa
1074 941 1240 968 summo
1269 927 1383 968 bono
1412 942 1497 969 non
1529 928 1666 969 conti-

241 983 424 1025 nentur?
457 983 553 1023 Hac
582 982 773 1024 videlicet
802 983 987 1025 ratione:
1019 982 1133 1039 quod
1161 998 1224 1034 ea,
1246 999 1340 1039 quae
1364 993 1534 1025 externa
1554 993 1671 1034 sunt,

239 1039 289 1081 iis
309 1048 478 1080 tuemur
497 1038 657 1090 officiis,
677 1054 770 1095 quae
791 1039 982 1081 oriuntur
1010 1055 1035 1080 a
1063 1055 1140 1081 suo
1170 1039 1375 1105 cujusque
1402 1054 1557 1096 genere
1585 1041 1668 1082 vir-

240 1096 357 1137 tutis.
390 1103 428 1128 14
445 1110 540 1136 nam
573 1105 617 1137 et
645 1096 769 1137 amici
798 1096 951 1146 cultus,
971 1106 1013 1139 et
1040 1096 1236 1152 parentis,
1259 1106 1301 1137 et
1320 1097 1391 1151 qui
1412 1097 1550 1138 officio
1571 1097 1665 1139 fun-

241 1152 372 1207 gitur,
390 1152 432 1193 in
450 1166 501 1193 eo
532 1152 622 1206 ipso
650 1152 834 1207 prodest,
855 1152 984 1215 quod,
1004 1153 1063 1193 ita
1082 1153 1202 1208 fungi
1231 1153 1416 1204 officio,
1406 1168 1448 1194 1n
1470 1162 1583 1194 recte
1603 1153 1666 1194 fa-

240 1209 319 1250 ctis
339 1218 432 1249 est:
462 1223 556 1264 quae
576 1218 673 1249 sunt
692 1217 784 1250 orta
802 1207 1038 1250 virtutibus.
1068 1224 1163 1264 quae
1182 1209 1353 1265 quidem
1373 1209 1579 1265 sapientes
1600 1224 1666 1251 se-

240 1274 441 1322 quuntur,
462 1273 626 1305 utentes
645 1274 862 1320 tamquam
883 1263 990 1305 duce
1009 1274 1171 1307 natura.

296 1322 399 1362 Non
419 1321 597 1375 perfecti
625 1328 765 1361 autem
796 1319 1005 1372 homines,
1025 1329 1068 1362 et
1088 1329 1228 1363 tamen
1259 1320 1437 1377 ingeniis
1461 1321 1667 1364 excellen-

197 1383 229 1414 b
240 1377 351 1417 tibus
383 1376 563 1432 praediti,
595 1376 829 1419 excitantur
860 1392 972 1433 saepe
1002 1377 1167 1432 gloria:
1198 1393 1292 1434 quae
1324 1377 1452 1419 habet
1486 1378 1667 1421 formam

240 1433 486 1484 honestatis,
526 1441 569 1474 et
602 1433 934 1475 similitudinem.
993 1434 1126 1477 Quod
1161 1435 1196 1476 si
1235 1435 1366 1491 ipsam
1402 1434 1667 1477 honestatem

238 1488 425 1545 undique
444 1489 673 1545 perfectam
694 1499 738 1531 et
756 1489 1006 1541 absolutam,
1029 1506 1118 1532 rem
1147 1506 1275 1532 unam
1306 1491 1668 1546 praeclarissimam

240 1547 446 1598 omnium,
465 1546 730 1602 maximeque
758 1546 1026 1597 laudandam,
1046 1547 1213 1602 penitus
1239 1547 1451 1598 viderent3
1483 1562 1667 1613 quonam

239 1602 396 1658 gaudio
429 1602 754 1658 complerentur,
784 1617 879 1644 curn
915 1612 1135 1658 tantopere
1170 1603 1260 1659 ejus
1294 1603 1543 1645 adumbrata
1575 1605 1669 1660 opi-

179 1663 230 1705 70
241 1674 364 1700 mone
392 1659 619 1700 laetentur?
652 1661 793 1716 Quem
824 1659 936 1700 enim
964 1659 1154 1701 deditum
1185 1660 1484 1714 voluptatibus,
1505 1661 1670 1716 cupidi-

240 1724 373 1756 tatum
405 1714 606 1756 incendiis
635 1715 988 1767 inflammatum,
978 1732 1020 1757 m
1040 1716 1088 1757 iis
1108 1716 1332 1772 potiendis,
1353 1731 1446 1772 quae
1467 1717 1669 1759 acerrime

238 1772 558 1836 concupivisset,
579 1780 695 1813 tanta
723 1772 870 1813 laetitia
900 1772 1095 1828 perfundi
1123 1773 1388 1823 arbitramur,
1409 1782 1567 1828 quanta
1595 1783 1668 1815 aut

237 1828 494 1884 superiorem
515 1828 763 1870 Africanum
784 1828 995 1870 Annibale
1013 1829 1143 1870 victo:
1171 1839 1244 1869 aut
1263 1829 1540 1884 posteriorem
1561 1831 1667 1871 Kar-

239 1883 414 1941 thagine
446 1887 615 1926 eversa?
649 1900 775 1941 quem
814 1894 849 1918 1⁵
866 1885 1064 1926 Tiberina
1094 1884 1302 1936 decursio,
1333 1885 1440 1926 festo
1475 1885 1550 1926 illo
1584 1886 1666 1938 die,

239 1949 356 1982 tanto
376 1941 535 1997 gaudio
566 1941 719 1993 affecit,
739 1950 897 1997 quanto
919 1943 969 1983 L.
993 1941 1199 1992 Paullum,
1221 1956 1319 1982 cum
1347 1956 1494 1998 regem
1515 1943 1666 1984 Persen

177 2006 411 2052 71captum
446 1997 686 2049 adduceret,
726 1998 875 2039 eodem
911 1998 1083 2039 flumine
1122 1998 1365 2039 invectum?
1404 1999 1503 2054 Age
1539 2014 1666 2049 nunc,

238 2055 346 2095 Luci
385 2064 541 2105 noster,
582 2063 747 2095 exstrue
794 2055 936 2095 animo
974 2054 1254 2105 altitudinem,
1293 2054 1666 2111 excellentiamque

237 2110 464 2151 virtutum:
490 2111 582 2174 jam
613 2126 697 2152 non
729 2110 957 2162 dubitabis,
988 2111 1087 2167 quin
1117 2125 1261 2152 earum
1283 2120 1502 2175 compotes
1523 2112 1663 2153 homi-

237 2181 323 2217 nes,
344 2181 500 2223 magno
517 2182 674 2217 animo,
689 2176 915 2223 erectoque
935 2167 1131 2218 viventes,
1152 2181 1316 2222 semper
1332 2167 1414 2208 sint
1429 2168 1567 2209 beati.
1591 2169 1663 2224 qui

237 2237 383 2265 omnes
415 2233 558 2265 motus
592 2224 787 2275 fortunae,
807 2224 1145 2280 mutationesque
1164 2238 1318 2275 rerum,
1338 2233 1381 2265 et
1408 2233 1665 2280 temporum,

278 2410 312 2434 18
332 2405 407 2445 quod
419 2411 460 2434 est
483 2404 576 2441 iniis,
594 2403 623 2433 in
640 2404 741 2445 quibus
757 2400 926 2443 completur]
971 2409 1002 2432 et
1031 2402 1196 2433 manifeste
1232 2402 1343 2432 vitioso
1373 2401 1504 2432 dissensio
1533 2412 1550 2433 e
1580 2403 1666 2434 libris

232 2445 386 2477 Posterius
411 2447 440 2477 in
463 2447 545 2477 delet
568 2448 755 2483 Lambinus,
780 2447 926 2476 Davisius
969 2446 1089 2484 scriptis
1113 2446 1197 2474 dedit
1220 2445 1252 2474 P.
1270 2446 1449 2482 Manutius,
1468 2447 1552 2485 quod
1576 2454 1606 2476 et
1632 2447 1665 2476 in

231 2490 356 2528 corrigit
371 2502 395 2520 e.
411 2490 490 2520 illud
507 2490 621 2520 melius
638 2497 724 2529 puto.
749 2497 866 2519 temere
882 2498 928 2519 re·
972 2489 1051 2518 Mss.
1079 2489 1191 2527 reperit
1218 2488 1411 2518 Lambinus:
1443 2495 1551 2528 estque
1576 2496 1608 2519 et
1633 2489 1666 2520 in

231 2533 366 2570 petitum
382 2540 428 2562 est
443 2543 482 2562 ex
498 2533 712 2562 antecedente.
971 2531 1052 2560 Mss.
1075 2531 1164 2569 regiis
1191 2531 1258 2561 Par.
1280 2531 1330 2560 alii
1357 2541 1493 2571 reperere
1515 2531 1665 2569 descensio,

276 2582 314 2605 14
329 2586 397 2604 nam
420 2582 447 2604 et
470 2575 558 2604 amici
581 2574 673 2604 cultus
697 2581 723 2603 e!
739 2573 884 2614 parentis,
900 2579 928 2602 et
970 2574 1056 2612 quod
1085 2574 1200 2612 recepit
1229 2574 1395 2603 Davisius:
1429 2575 1541 2605 eodem
1578 2575 1667 2605 redit.

230 2617 281 2658 qui
297 2616 546 2657 cffciofungitur]
575 2618 654 2647 Haec
679 2627 742 2647 non
768 2617 848 2646 bene
873 2625 926 2645 co-
971 2617 1025 2646 Est
1041 2616 1245 2655 intelligenda
1267 2626 1303 2645 ea
1325 2618 1469 2647 decursio
1489 2626 1562 2655 quae
1576 2618 1667 2648 VIII.

229 2661 361 2691 haerent.
405 2660 544 2690 Clericus
555 2660 647 2689 cultor
662 2660 735 2699 legit
751 2669 805 2698 pro
820 2658 923 2688 cultus.
970 2659 1041 2688 Kal.
1058 2659 1143 2698 Sept.
1166 2658 1320 2688 celebrata
1342 2667 1388 2689 est
1410 2669 1460 2699 ap.
1477 2660 1569 2690 Ovid.
1584 2660 1666 2691 Fast.

230 2703 309 2732 mihi
332 2710 405 2733 ante
430 2710 458 2731 et
481 2703 600 2742 aliquid
621 2704 773 2732 excidisse
788 2702 923 2737 videtur,
967 2701 1023 2731 VI.
1042 2708 1113 2735 773.
1129 2711 1154 2731 s.
1172 2711 1249 2731 mox
1272 2711 1326 2741 pro
1350 2702 1498 2731 invectum
1515 2702 1664 2732 Davisius

228 2755 258 2775 v.
275 2755 303 2775 c.
320 2746 356 2774 ab
371 2744 458 2785 officio
475 2752 515 2775 est
527 2746 576 2775 vel
592 2746 622 2774 in
639 2744 726 2784 officio
739 2751 790 2774 est.
967 2745 1092 2782 corrigit
1118 2744 1254 2775 invectio.
1300 2745 1323 2776 F
1325 2751 1418 2775 avent
1441 2746 1510 2778 edd.
1526 2755 1572 2785 pr.
1591 2754 1664 2785 quae

272 2795 308 2819 15
327 2788 461 2819 Tiberina
484 2788 623 2828 decursio]
650 2788 700 2818 Sic
723 2798 779 2828 pro
795 2786 924 2827 vulgato
967 2787 1087 2817 habent
1103 2786 1226 2817 invecto.
