1778 3095
600 138 780 176 LIBER
807 134 1100 173 QUINTUS.
1478 141 1551 172 231

139 247 319 293 texueris
340 249 434 292 illa:
464 254 684 303 paupertas
717 245 751 286 si
781 242 939 285 malum
968 249 1045 293 est,
1065 240 1282 282 mendicus
1301 240 1447 282 beatus
1467 257 1558 284 esse

139 322 264 348 nemo
295 313 445 362 potest,
477 302 663 359 quamvis
693 301 746 342 sit
774 301 951 355 sapiens.
1008 299 1071 340 At
1098 300 1216 339 Zeno
1237 312 1334 338 eum
1355 312 1438 337 non
1458 299 1558 339 bea-

138 373 231 405 tum
252 362 392 411 modo,
415 360 488 401 sed
506 359 632 399 etiam
651 357 818 399 divitem
837 356 975 396 dicere
996 369 1120 396 ausus
1141 363 1218 395 est.
1275 353 1448 402 Dolere,
1469 367 1557 394 ma-

137 420 250 461 lum:
280 420 322 460 in
342 431 509 457 crucem
531 415 603 471 qui
623 415 776 469 agitur,
795 413 943 454 beatus
964 425 1053 452 esse
1073 426 1156 452 non
1176 419 1330 467 potest.
1378 410 1559 460 Bonum,

137 476 282 517 liberi:
321 481 361 505 ³4
375 473 573 513 miserum
607 470 777 511 orbitas.
817 469 977 509 bonum
1012 467 1172 523 patria:
1212 467 1412 508 miserum
1451 465 1560 506 exsi-

137 532 255 573 lium.
286 530 444 571 bonum
466 527 677 569 valitudo:
709 526 909 567 miserum
934 524 1122 566 morbus.
1152 524 1312 565 bonum
1343 523 1561 577 integritas

139 585 324 642 corporis
343 602 352 626 ε
384 585 584 626 miserum
607 582 822 625 debilitas:
851 582 1009 622 bonum
1029 580 1252 622 incolumis
1272 580 1402 621 acies:
1434 579 1559 620 mise-

137 658 229 685 rum
251 642 431 683 caecitas.
463 656 556 696 quae
590 640 623 681 si
655 649 796 695 potest
826 638 992 694 singula
1018 637 1276 678 consolando
1298 636 1445 686 levare,
1466 635 1560 676 uni-

136 713 250 740 versa
280 713 364 754 quo
397 697 526 738 modo
559 695 808 738 sustinebit?
842 695 896 736 sit
924 694 1036 735 enim
1068 694 1179 735 idem
1213 708 1365 744 caecus,
1397 692 1561 743 debilis,

135 755 286 796 morbo
319 754 565 810 gravissimo
599 754 788 803 affectus,
820 751 930 802 exul,
964 751 1106 800 orbus,
1140 765 1283 806 egens,
1315 758 1561 805 torqueatur

133 811 279 852 eculeo
298 828 307 852 :
340 826 466 867 quem
487 811 599 851 hunc
620 808 802 865 appellas
824 809 941 848 Zeno
959 824 967 847 τ
998 808 1191 857 Beatum,
1213 806 1362 862 inquit.
1420 806 1561 846 Etiam

132 867 460 909 beatissimum?
493 867 676 923 Quippe,
709 865 882 920 inquiet,
908 878 1006 904 cum
1038 873 1124 905 tam
1155 864 1384 913 docuerim,
1404 862 1561 917 gradus

132 923 256 965 istam
287 938 377 964 rem
407 938 490 965 non
525 924 691 972 habere,
713 936 836 977 quam
869 921 1081 970 virtutem,
1101 920 1143 960 in
1165 934 1247 975 qua
1267 920 1319 960 sit
1338 919 1464 960 etiarn
1495 919 1560 974 ip-

136 995 230 1022 sum
249 981 436 1022 beatum.
492 980 590 1020 Tibi
619 979 700 1019 hoc
729 976 986 1027 incredibile,
1008 976 1106 1032 quia
1124 976 1426 1017 beatissimum.
1458 975 1560 1032 quid
1572 974 1619 1011 85

131 1038 283 1078 tuum?
317 1036 514 1078 credibile
532 1037 544 1076 ?
578 1036 612 1076 si
631 1035 742 1076 enim
763 1034 816 1075 ad
835 1033 1043 1090 populum
1062 1047 1131 1073 me
1152 1048 1299 1074 vocas:
1329 1047 1442 1083 eum,
1464 1033 1562 1088 quia

131 1094 191 1135 ita
210 1093 264 1134 sit
282 1093 469 1143 affectus,
490 1093 662 1133 beatum
684 1105 915 1147 numquam
941 1089 1151 1146 probabis.
1183 1090 1218 1130 si
1237 1090 1289 1130 ad
1310 1089 1533 1144 prudentes
1551 1106 1561 1130 z

133 1150 312 1191 alterum
342 1150 519 1190 fortasse
548 1149 816 1199 dubitabunt,
841 1147 947 1188 sitne
974 1154 1139 1187 tantum
1168 1146 1212 1186 in
1242 1146 1408 1197 virtute,
1437 1155 1487 1186 ut
1514 1157 1564 1186 ea

135 1206 315 1262 praediti,
335 1207 398 1247 vel
429 1206 472 1246 in
504 1205 730 1246 Phalaridis
757 1213 878 1245 tauro
908 1203 1020 1244 beati
1040 1203 1151 1244 sint:
1181 1202 1360 1244 alterum
1382 1217 1466 1243 non
1486 1201 1565 1243 du-

134 1263 345 1311 bitabunt,
365 1262 465 1317 quin
492 1272 536 1302 et
568 1261 700 1302 Stoici
730 1260 1019 1302 convenientia
1048 1259 1128 1300 sibi
1157 1259 1314 1310 dicant,
1335 1268 1378 1300 et
1405 1274 1476 1300 vos
1499 1273 1562 1299 re-

135 1319 380 1374 pugnantia.
437 1317 718 1373 Theophrasti
746 1317 889 1373 igitur‚
921 1315 1070 1372 inquit,
1091 1316 1169 1356 tibi
1197 1316 1302 1356 liber
1330 1315 1401 1356 ille
1426 1315 1565 1371 placet

135 1375 188 1415 de
223 1376 345 1416 beata
375 1374 485 1415 vita?
518 1375 679 1415 Tamen
709 1374 950 1415 aberramus
980 1387 1005 1413 a
1033 1372 1281 1427 proposito:
1312 1381 1368 1422 et,
1390 1387 1440 1412 ne
1470 1371 1563 1412 lon-

133 1432 259 1486 gius3
304 1445 491 1486 prorsus,
532 1431 718 1486 inquam,
760 1430 868 1480 Piso,
908 1429 942 1469 si
986 1429 1065 1469 ista
1104 1428 1215 1469 mala
1262 1438 1373 1479 sunt,
1411 1429 1563 1483 placet.

133 1489 290 1528 Nonne
312 1487 442 1541 igitur
462 1487 538 1527 tibi
558 1487 765 1536 videntur,
794 1485 945 1540 inquit,
973 1485 1083 1525 mala
1101 1486 1114 1524 ?
1147 1492 1185 1516 35
1206 1484 1255 1525 Id
1276 1486 1464 1540 quaeres?
1499 1485 1561 1526 in·
1575 1479 1627 1516 86

133 1558 260 1599 quam
278 1560 288 1583 ι
318 1544 361 1583 in
391 1558 491 1599 quo,
513 1550 655 1584 utrum
685 1542 964 1597 respondebo,
985 1556 1120 1582 verses
1141 1550 1184 1582 te
1206 1541 1289 1582 huc
1308 1550 1432 1596 atque
1462 1541 1562 1582 illuc

132 1614 300 1640 necesse
320 1608 397 1640 est.
456 1600 556 1656 Quo
576 1598 748 1639 tandem
770 1597 913 1648 modo,
933 1597 1068 1653 inquit
1088 1598 1100 1637 ?
1133 1597 1246 1653 Quia
1267 1597 1300 1637 si
1320 1597 1429 1638 mala
1450 1607 1560 1649 sunt,
1573 1607 1604 1636 Ρ·
1621 1603 1691 1627 145·

130 1656 180 1707 is,
214 1656 286 1711 qui
316 1656 395 1697 erit
424 1655 467 1696 in
500 1655 580 1706 his,
609 1655 758 1696 beatus
790 1669 874 1695 non
904 1654 995 1695 erit.
1027 1655 1061 1695 si
1081 1655 1192 1695 mala
1211 1668 1294 1694 non
1320 1663 1430 1705 sunt,
1446 1650 1602 1710 jaceta·

133 1714 270 1753 omnis
299 1713 403 1753 ratio
437 1711 823 1767 Peripateticorum.
882 1712 937 1751 Et
966 1710 1036 1752 ille
1065 1710 1217 1760 ridens,
1239 1710 1391 1760 Video,
1413 1711 1562 1767 inquit,

135 1768 239 1824 quid
257 1783 374 1824 agas.
405 1783 455 1810 ne
475 1768 725 1824 discipulum
747 1767 970 1818 abducam,
990 1767 1126 1808 times.
1157 1768 1224 1808 Tu
1242 1782 1354 1818 vero,
1375 1769 1562 1824 inquam,

134 1826 262 1867 ducas
282 1825 393 1875 licet,
414 1825 448 1865 si
468 1833 681 1880 sequatur.
711 1825 789 1865 erit
809 1824 921 1864 enim
942 1838 1125 1874 mecum,
1149 1824 1182 1865 si
1204 1833 1342 1864 tecum
1365 1825 1457 1865 erit.

189 1881 307 1922 Audi
337 1881 482 1936 igitur,
513 1881 664 1937 inquit,
694 1881 815 1921 Luci.
846 1889 987 1921 tecum
1019 1881 1146 1930 enim,
1179 1887 1218 1911 36
1237 1882 1302 1935 [ut
1333 1882 1390 1922 ait
1419 1881 1560 1922 Theo·
1575 1874 1645 1928 ⁶29

135 1938 368 1993 phrastus],
406 1937 510 1978 mihi
549 1937 803 1978 instituenda
838 1937 972 1977 orat-io
1011 1948 1087 1977 est.
1148 1937 1297 1978 Omnis
1331 1939 1560 1979 auctoritas

133 1994 413 2050 philosophiae
435 1994 624 2034 consistit
654 1994 696 2034 in
726 1994 849 2034 beata
877 1994 960 2034 vita
979 1993 1276 2049 comparanda.
1307 1994 1427 2035 beate
1448 1995 1559 2035 enim

133 2050 295 2091 vivendi
314 2050 545 2105 cupiditate
564 2049 721 2090 incensi
740 2064 886 2090 omnes
907 2065 1066 2091 sumus.
1126 2051 1225 2091 Hoc
1247 2050 1350 2090 mihi
1371 2066 1467 2091 cum
1487 2061 1561 2092 tuo
1574 2057 1622 2097 87

133 2108 260 2148 fratre
282 2107 487 2147 convenit.
519 2120 645 2161 quare
676 2106 757 2146 hoc
787 2106 1010 2147 videndum
1033 2115 1110 2156 est,
1130 2107 1317 2161 possitne
1338 2108 1457 2149 nobis
1478 2108 1560 2148 hoc

133 2163 240 2204 ratio
260 2163 608 2218 philosophorum
642 2162 754 2202 dare.
786 2162 1010 2217 pollicetur
1038 2172 1164 2203 certe.
1194 2163 1272 2203 nisi
1302 2164 1414 2204 enim
1437 2164 1477 2204 id
1499 2164 1560 2204 fa—

133 2227 262 2270 ceret,
283 2234 358 2260 cur
379 2220 496 2260 Plato
518 2219 757 2276 AEgyptum
778 2219 1028 2274 peragravit,
1051 2228 1098 2259 ut
1114 2233 1139 2259 a
1158 2219 1444 2260 sacerdotibus
1464 2221 1561 2261 bar-

134 2276 244 2317 baris
266 2290 475 2326 numeros,
495 2284 535 2315 et
557 2275 739 2315 caelestia
766 2275 973 2330 acciperet
991 2277 1004 2315 ?
1037 2290 1112 2315 cur
1140 2285 1237 2330 post
1256 2276 1484 2316 Tarentum
1508 2274 1563 2317 ad

134 2333 401 2389 Archytam?
434 2347 509 2373 cur
543 2331 596 2372 ad
631 2341 793 2372 ceteros
829 2331 1132 2387 PythagoreOS,
1166 2331 1455 2383 Echecratem,
1487 2333 1560 2373 Ti-

134 2404 305 2439 maeum,
337 2389 564 2430 Acrionem
598 2390 773 2438 Locros,
806 2397 866 2438 ut,
898 2403 997 2429 cum
1029 2388 1246 2428 Socratem
1276 2389 1561 2444 expressisset,

135 2445 385 2502 adjungeret
407 2445 770 2501 Pythagoreorum
791 2444 1068 2499 disciplinam,
1085 2458 1231 2499 eaque,
1252 2459 1345 2500 quae
1368 2445 1562 2493 Socrates

177 2596 217 2620 34
234 2589 378 2626 miserum,
396 2588 513 2627 orbitas]
532 2590 638 2628 Vulgo
653 2597 698 2620 est
714 2590 826 2619 misem.
870 2589 903 2619 id
913 2588 1031 2631 quaeris,
1048 2589 1077 2618 in
1093 2600 1158 2631 quo,
1175 2596 1271 2618 utrum
1288 2589 1459 2628 respondero.

138 2640 202 2661 non
227 2632 319 2662 male.
343 2633 396 2662 sed
418 2633 493 2672 quia
516 2634 547 2662 in
567 2634 771 2672 sequentibus
795 2634 826 2662 in
914 2638 953 2662 36
977 2639 1009 2660 ur
1031 2633 1075 2660 ait
1092 2631 1309 2670 Theophrastus]
1330 2633 1384 2662 Est
1407 2633 1467 2662 hoc
1490 2632 1563 2661 alic-

139 2681 270 2713 utroque
297 2676 442 2705 membro
468 2683 514 2705 est
539 2676 827 2712 bonum—miserum,
871 2685 950 2705 num
975 2675 1014 2706 ab
1039 2676 1098 2704 hoe
1123 2675 1200 2704 loco.
1226 2676 1330 2714 itaque
1347 2675 1454 2705 Davis.
1471 2676 1560 2704 uncis

138 2717 233 2746 etiam
256 2719 308 2747 hic
332 2719 424 2747 debet
445 2719 489 2747 sic
511 2728 577 2748 esse
600 2726 629 2748 et
652 2719 731 2748 infra
746 2718 828 2747 mise·
873 2718 1012 2747 inclusit.
1036 2718 1165 2747 transfer
1192 2725 1259 2757 post
1285 2719 1418 2748 verbum
1441 2717 1563 2756 philoso-

140 2769 202 2787 rum
217 2759 347 2788 debilitas
363 2767 393 2790 et
407 2760 539 2789 miserum
555 2762 679 2790 caecims.
866 2761 958 2800 phiae,
984 2768 1019 2790 ut
1043 2761 1216 2791 Lambinus
1239 2761 1339 2791 voluit
1362 2768 1391 2791 et
1412 2760 1562 2790 Aleman-

183 2807 221 2831 35
240 2802 276 2829 ld
297 2813 417 2842 quaeres,
442 2802 568 2843 inquam,
595 2804 625 2832 in
649 2815 714 2844 quo,
735 2810 832 2833 utrum
873 2813 933 2833 nus
950 2804 1033 2834 fecit.

141 2843 317 2884 respondebo]
334 2844 426 2882 Puto,
447 2845 632 2877 Ciceronem
654 2847 829 2885 scripsisse:

875 2914 951 2951 04
