1778 3095
531 144 714 182 LIBER
750 142 1086 183 SECUNDUS.
1435 141 1508 186 567

83 252 230 296 Jovem
259 251 432 304 inducit,
453 252 567 309 quod
592 251 877 307 Sarpedonem
909 251 1040 293 filium
1062 266 1087 292 a
1105 255 1241 290 morte
1272 256 1419 290 contra
1450 249 1511 289 fa-

86 318 177 351 tum
194 310 353 366 eripere
374 325 457 351 non
478 317 631 363 posset.
692 310 791 349 Hoc
811 307 921 348 idem
943 308 1147 362 significat
1168 306 1344 346 Graeeus
1372 304 1442 345 ille
1471 305 1513 345 in

84 380 176 407 eam
198 376 447 408 sententlam
468 379 607 406 versus
627 381 636 405 :

196 446 295 496 Quod
297 447 378 495 fhre
393 454 552 496 paratum
571 453 631 487 est,
650 442 689 480 id
702 456 867 479 summum
886 449 1062 492 exsuperat
1081 441 1221 489 Jovem.

82 531 243 570 Totum
273 528 444 570 omnino
474 527 607 568 fatum
638 525 765 566 etiam
786 524 1000 565 Atellanio
1020 538 1138 565 versu
1162 523 1259 580 jure
1289 523 1393 564 mihi
1422 538 1513 564 esse

84 585 251 627 irrisum
270 584 444 625 videtur.
466 584 600 624 sedin
617 583 739 623 rebus
761 591 846 622 tam
874 581 1022 622 severis
1054 595 1136 621 non
1163 589 1227 621 est
1247 580 1421 636 jocandi
1449 581 1512 622 lo-

85 657 175 684 cus.
234 639 524 681 Concludatur
541 640 671 695 igitur
689 638 810 679 ratio.
833 638 867 679 si
887 638 998 678 enim
1020 637 1228 693 provideri
1248 637 1350 677 nihil
1375 645 1514 692 potest

85 699 274 739 futurum
304 711 394 737 6336
423 711 585 747 eorum,
617 711 710 751 quae
741 709 840 736 casu
872 694 989 745 fiunt,
1020 693 1119 749 quia
1157 707 1248 735 6336
1281 702 1397 734 certa
1429 702 1512 735 non

84 762 286 811 possunt:
319 753 516 794 divinatio
539 752 651 793 nulla
669 760 746 793 est.
782 752 854 792 Sin
876 761 1017 791 autem
1041 750 1195 791 idcirco
1216 757 1396 805 possunt
1414 764 1513 805 pro-

86 810 229 861 videri,
250 810 348 865 quia
372 819 487 850 certa
512 818 609 850 sunt
637 817 680 849 et
704 808 870 849 fatalia:
902 822 1043 848 rursus
1072 806 1270 848 divinatio
1295 806 1409 847 nulla
1435 814 1513 847 est.

84 881 179 908 eam
201 867 312 907 enim
334 875 381 908 tu
402 866 669 907 fortuitarum
692 880 829 906 rerum
849 879 938 905 6336
958 864 1140 905 dicebas.
1201 862 1284 904 Sed
1309 863 1399 903 haec
1422 864 1514 903 fue-
1527 863 1577 899 26

83 924 138 965 rit
168 923 289 964 nobis
316 932 532 978 tamquam
559 922 659 962 levis
683 931 904 962 armaturae
923 921 1059 975 prima
1079 919 1278 961 orationis
1299 919 1514 961 excursio:

86 994 196 1021 nunc
225 980 417 1020 cominus
450 993 640 1034 agamUS,
665 978 1026 1032 experiamurque,
1057 976 1090 1016 si
1121 976 1329 1032 possimus
1358 990 1517 1016 cornua

85 1050 352 1079 commovere
373 1035 666 1090 disputationis
687 1042 786 1075 tuae.

142 1094 244 1134 Duo
282 1092 395 1132 enim
438 1106 594 1147 genera
632 1089 842 1131 divinandi
880 1104 971 1130 esse
1021 1089 1206 1140 dicebas,
1245 1104 1375 1130 unum
1416 1088 1595 1136 arti-ll

88 1149 292 1199 ficiosum,
321 1149 499 1190 alterum
530 1147 731 1189 naturale.
764 1146 1037 1187 artificiosum
1067 1155 1259 1187 constare
1289 1146 1441 1201 partim
1467 1160 1518 1186 ex

84 1205 345 1261 conjectura,
364 1206 516 1261 partim
538 1219 588 1245 ex
609 1203 900 1245 observatione
924 1203 1148 1244 diuturna:
1181 1202 1383 1253 naturale,
1404 1202 1519 1258 quod

85 1263 250 1303 animus
270 1262 469 1317 arriperet
497 1271 570 1302 aut
594 1261 802 1316 exciperet
826 1261 1083 1300 extrinsecus
1112 1274 1163 1300 ex
1191 1259 1418 1309 divinitate,
1439 1273 1518 1299 un-

86 1319 139 1360 de
167 1333 313 1359 omnes
341 1319 502 1359 animos
535 1318 722 1367 haustos,
749 1324 822 1357 aut
851 1327 1066 1371 acceptos,
1097 1326 1170 1357 aut
1203 1316 1356 1356 libatos
1389 1315 1518 1356 habe-

86 1390 240 1417 remus.
299 1375 553 1416 Artificiosae
593 1373 855 1415 divinationis
891 1373 962 1413 illa
1002 1373 1088 1413 fere
1121 1387 1277 1427 genera
1315 1372 1517 1427 ponebas,

85 1432 351 1487 extispicum,
383 1446 627 1487 eorumque,
659 1430 730 1486 qui
761 1444 811 1470 ex
840 1429 1080 1484 fulguribus
1114 1429 1374 1483 ostentisque
1410 1443 1516 1483 prae-
1530 1448 1646 1479 pau.

86 1489 287 1538 dicerent,
320 1498 412 1529 tum
446 1503 670 1543 augurum,
702 1501 948 1541 eorumque,
981 1486 1054 1541 qui
1086 1486 1231 1541 signis,
1264 1495 1335 1526 aut
1366 1485 1517 1525 omini·
1530 1493 1557 1513 a,

86 1545 165 1587 bus
187 1554 416 1594 uterentur,
437 1558 645 1599 omneque
675 1557 809 1598 genus
837 1543 1119 1599 conjecturale
1145 1542 1186 1583 in
1218 1542 1300 1582 hoc
1326 1542 1411 1582 fere
1438 1556 1515 1597 ge-

86 1616 183 1642 nere
209 1602 409 1655 ponebas.
470 1601 581 1642 Illud
611 1610 750 1641 autem
779 1599 982 1648 naturale,
1004 1607 1077 1639 aut
1096 1598 1378 1640 concitatione
1400 1612 1517 1638 men·
1531 1609 1579 1648 27

84 1659 139 1699 tis
173 1657 240 1698 edi
272 1667 315 1698 et
343 1657 460 1713 quasi
491 1657 610 1697 fundi
647 1656 881 1706 videbatur,
917 1664 989 1695 aut
1023 1656 1179 1704 animo,
1212 1670 1286 1710 per
1322 1669 1519 1695 somnum

86 1715 274 1768 sensibus
303 1724 346 1755 et
374 1714 484 1755 curis
522 1728 667 1763 vacuo,
701 1711 921 1768 provideri.
981 1712 1151 1752 Duxisti
1187 1720 1327 1752 autem
1362 1710 1519 1751 divina-

87 1771 247 1811 tionem
289 1785 459 1810 omnem
499 1785 524 1810 a
563 1770 695 1810 tribus
735 1769 876 1819 rebus,
908 1783 932 1808 a
971 1768 1066 1819 deo,
1103 1783 1128 1808 a
1165 1769 1269 1818 fato,
1300 1783 1324 1808 a
1358 1777 1519 1810 natura.

89 1827 171 1868 Sed
197 1836 337 1867 tamen
366 1841 463 1867 cum
491 1827 696 1881 explicare
725 1825 827 1865 nihil
854 1839 1012 1880 posses,
1041 1824 1243 1879 pugnasti
1268 1824 1521 1865 commenti-

87 1884 249 1924 ciorum
279 1883 567 1937 exemplorum
601 1881 776 1922 mirifica
810 1882 945 1936 copia.
1006 1881 1073 1921 De
1106 1896 1191 1936 quo
1222 1881 1405 1936 primum
1438 1880 1521 1921 hoc

87 1940 192 1980 libet
217 1940 369 1980 dicere.
402 1940 484 1979 hoc
512 1953 594 1994 ego
628 1938 870 1992 philosophi
901 1951 983 1977 non
1011 1937 1205 1987 arbitror,
1226 1937 1406 1978 testibus
1428 1938 1519 1987 uti3

90 1997 163 2052 qui
184 2005 256 2037 aut
277 2010 375 2036 casu
396 1995 492 2045 veri,
516 2004 589 2035 aut
609 1994 768 2034 malitia
788 1993 880 2034 falsi
903 1994 1071 2049 fictique
1092 2008 1182 2034 6336
1203 2002 1393 2049 possunt.
1437 1994 1521 2034 Ar-

89 2052 317 2108 gumentis,
345 2060 387 2091 et
422 2051 650 2092 rationibus
679 2059 860 2105 oportet,
891 2065 1020 2105 quare
1049 2050 1235 2106 quidque
1263 2050 1322 2091 ita
1349 2050 1416 2100 sit,
1445 2050 1523 2090 do-

89 2123 198 2159 cere,
220 2123 304 2149 non
324 2108 493 2158 eventis,
515 2108 563 2148 iis
588 2107 835 2163 praesertim,
856 2107 1009 2162 quibus
1032 2107 1137 2147 mihi
1165 2107 1290 2147 liceat
1318 2121 1400 2146 non
1429 2120 1520 2147 cre-

87 2165 200 2206 dere.

148 2223 211 2262 Ut
244 2222 382 2262 ordiar
418 2222 470 2262 ab
502 2221 780 2276 haruspicina,
819 2235 943 2275 quam
981 2234 1065 2275 ego
1103 2219 1346 2275 reipublicae
1380 2224 1600 2270 causa,12

88 2279 411 2334 communisque
439 2278 666 2332 refigionis,
687 2277 908 2318 colendam
937 2291 1114 2317 censeo:
1148 2277 1220 2317 sed
1248 2276 1326 2317 soli
1347 2290 1583 2329 sumusz2g

89 2334 188 2376 licet
221 2349 362 2375 verum
405 2335 620 2390 exquirere
659 2334 746 2374 sine
785 2333 950 2383 invidia,
994 2340 1030 2364 16
1053 2333 1158 2374 mihi
1195 2333 1426 2387 praesertim
1468 2332 1520 2373 de

90 2391 298 2446 plerisque
337 2390 560 2431 dubitanti.
600 2390 886 2445 inspiciamus,
926 2389 960 2430 si
995 2390 1148 2445 placet,
1188 2399 1284 2429 exta
1321 2389 1520 2444 primum.

95 2447 334 2487 Persuaderi
356 2447 484 2502 igitur
503 2447 701 2502 cuiquam
730 2455 882 2501 potest,
903 2461 965 2496 ea,
996 2461 1090 2501 quae
1120 2445 1345 2501 significari
1374 2445 1522 2485 dicun-

92 2512 162 2544 tur
187 2503 306 2552 extis,
326 2504 498 2558 cognita
524 2518 614 2544 esse
641 2504 692 2543 ab
723 2502 1014 2557 haruspicibus
1042 2502 1332 2543 observatione
1361 2501 1525 2542 diutur—

93 2560 176 2599 na?
209 2573 336 2614 quam
367 2560 562 2601 diuturna
588 2561 666 2600 ista
686 2559 793 2600 fuit?
827 2568 900 2599 aut
921 2574 1046 2614 quarn
1077 2559 1311 2614 longinquo
1334 2569 1523 2613 tempore

91 2615 301 2657 observari
341 2616 509 2670 potuit?
559 2626 632 2657 aut
668 2625 703 2653 17
724 2616 943 2671 quomodo
974 2626 1038 2657 est
1066 2616 1220 2657 collata
1253 2615 1360 2655 inter
1395 2616 1523 2669 ipsos,

138 2741 176 2766 16
200 2735 314 2774 mihip.
331 2734 364 2763 de
375 2734 522 2776 plerisque
537 2735 695 2774 dubitanti]
723 2736 786 2765 Mi·
831 2736 962 2765 inimica
992 2744 1082 2772 esset,
1115 2743 1356 2776 cognosceretur
1385 2736 1434 2765 vel
1465 2742 1525 2765 sta—

96 2779 143 2814 hi,
159 2779 212 2817 qui
230 2779 439 2809 Academicus
455 2787 540 2808 sum.
831 2785 981 2809 tueretur.
1007 2780 1060 2808 sed
1090 2780 1119 2809 id
1145 2787 1191 2809 est
1214 2779 1331 2808 durius.
1357 2778 1458 2808 lenius
1481 2786 1525 2809 est

142 2827 176 2856 17
203 2833 251 2862 qu.
268 2828 308 2850 est
323 2820 428 2850 collata
448 2820 522 2849 inter
541 2820 611 2859 ipsos
628 2819 704 2861 δῖα]
726 2822 788 2850 Int.
831 2821 982 2859 corrigere
998 2831 1075 2851 cum
1093 2823 1248 2852 Lambino
1264 2820 1409 2850 collatum.

95 2873 163 2904 pars
186 2870 331 2904 utraque,
353 2869 401 2901 ut,
424 2872 498 2903 quae
520 2863 692 2900 familiaris,
716 2873 789 2901 quae

841 2915 966 2953 004
