1778 3095
547 158 722 195 LIBER
752 155 1044 195 omNTUS.
1447 163 1523 206 ³93

98 260 247 303 similis
276 261 463 303 adimat?
495 275 590 302 nam
626 259 732 301 illud
767 259 980 314 Antipatri
1013 258 1236 316 Cyrenaici
1265 268 1328 302 est
1357 262 1526 317 quidem

93 318 237 374 paullo
268 318 516 367 obscaenius,
551 323 590 348 64
604 317 678 357 sed
713 330 799 357 non
830 315 1011 358 absurda
1041 317 1247 357 sententia
1275 325 1364 358 est:
1406 319 1526 375 cujus

91 375 325 416 caecitatem
347 389 445 416 cum
465 373 722 414 mulierculae
751 372 1093 424 lamentarentur,
1127 372 1237 428 Quid
1266 373 1392 429 agitis
1412 377 1435 414 P
1465 376 1528 416 in-

97 431 191 486 quit
209 449 218 473 z
251 446 303 472 an
323 431 430 472 vobis
449 429 565 471 nulla
585 430 744 470 videtur
763 428 950 484 voluptas
971 443 1052 470 esse
1070 437 1265 470 nocturna
1282 432 1306 470 Ρ
1335 431 1526 485 Appium

95 487 262 543 quidem
284 497 463 529 veterem
484 487 619 538 illum,
640 486 712 541 qui
743 500 880 526 caecus
908 500 1038 526 annos
1064 486 1222 526 multos
1243 486 1336 537 fuit,
1357 497 1400 527 et
1420 493 1457 537 65
1476 502 1525 528 ex

96 544 424 599 magistratibUS,
453 552 496 583 et
528 558 577 583 ex
614 544 737 583 rebus
770 543 899 598 gestis
936 542 1228 597 intelligimus,
1265 542 1307 583 in
1342 543 1415 583 illo
1448 558 1524 585 suo

94 614 196 641 casu
227 615 301 641 nec
335 599 508 655 privato,
544 614 618 640 nec
654 598 825 654 publico
857 599 1021 639 muneri
1053 599 1249 640 defuisse.
1310 600 1365 640 G.
1393 601 1651 647 Drusis-220.

95 656 270 697 domum
293 656 492 711 compleri
522 671 544 696 a
572 656 886 697 consultoribus
915 656 1081 696 solitam
1110 656 1378 710 accepimus:
1411 661 1565 708 cum,³·

96 728 273 768 quorum
296 726 360 753 res
381 721 502 763 esset,
525 727 600 754 sua
628 713 706 768 ipsi
738 726 819 752 non
852 712 1063 762 videbant,
1085 726 1245 753 caecum
1266 713 1526 755 adhibebant

94 769 261 810 ducem.
321 770 462 809 Pueris
482 770 618 819 nobis,
643 770 722 810 Cn.
746 775 784 800 66
801 769 997 809 Aufidius
1014 769 1233 823 praetorius
1255 777 1297 809 et
1316 769 1356 809 in
1379 779 1526 811 senatu

93 825 343 866 sententiam
382 825 562 877 dicebat,
603 841 678 867 nec
718 825 863 866 amicis
912 825 1240 866 deliberantibus
1282 826 1439 877 deerat,
1484 837 1526 868 et

94 882 288 922 Graecam
310 882 517 924 scribebat
537 883 770 932 historiam,
793 888 828 917 67
846 891 888 922 et
907 882 1073 923 videbat
1093 882 1134 922 in
1156 882 1320 924 litteris.
1358 883 1524 924 Diodo-
1538 877 1610 931 39

93 946 161 978 tus
199 938 381 989 Stoicus,
420 953 572 990 caecus,
611 939 768 980 multos
805 953 933 979 annos
970 936 1086 978 domi
1120 947 1272 979 nostrae
1312 939 1424 981 vixit.
1486 942 1614 983 18113

91 1008 204 1046 vero,
241 995 353 1050 quod
391 995 589 1036 credibile
621 996 683 1036 vix
718 1004 842 1045 esset,
878 1009 974 1036 cum
1010 995 1052 1035 in
1086 994 1355 1051 philosophia
1389 997 1526 1038 multo

91 1051 218 1092 etiam
238 1052 372 1106 magis
389 1051 568 1103 assidue,
591 1067 714 1108 quam
745 1061 880 1102 antea,
909 1060 1153 1102 versaretur,
1185 1061 1228 1092 et
1255 1067 1351 1093 cum
1375 1053 1528 1095 fidibus

94 1107 457 1163 Pythagoreorum
491 1124 609 1149 more
644 1118 846 1158 uteretur,
883 1122 1068 1164 cumque
1099 1108 1137 1148 ei
1171 1108 1265 1149 libri
1296 1119 1454 1161 noctes,
1487 1121 1530 1152 et

92 1163 178 1204 dies
212 1164 464 1219 legerentur,
501 1166 653 1221 quibus
687 1165 728 1206 in
765 1165 911 1206 studiis
948 1165 1082 1206 oculis
1113 1179 1196 1205 non
1227 1166 1405 1220 egebat:
1435 1177 1524 1208 tum

93 1220 209 1276 quod
240 1222 328 1262 sine
358 1222 490 1262 oculis
528 1223 613 1262 fieri
647 1236 770 1277 posse
804 1222 869 1263 vix
901 1221 1078 1272 videtur,
1104 1223 1352 1277 geometriae
1373 1238 1528 1265 munus

91 1277 305 1328 tuebatur,
339 1279 472 1319 verbis
505 1279 748 1334 praecipiens
776 1278 1047 1328 discentibus,
1079 1278 1206 1328 unde,
1246 1295 1346 1334 quo,
1379 1295 1529 1335 quam-

93 1348 176 1388 que
203 1334 355 1374 lineam
377 1335 619 1376 scriberent.
678 1335 971 1390 Asclepiadem
1003 1336 1156 1385 ferunt,
1186 1350 1269 1375 non
1294 1337 1527 1391 ignobilem

95 1396 134 1421 68
150 1391 383 1431 Eretricum
418 1391 734 1447 philosophum,
768 1407 863 1432 cum
900 1390 1071 1447 quidam
1106 1402 1325 1447 quaereret,
1359 1393 1460 1448 quid
1491 1395 1528 1434 ei

92 1448 259 1488 caecitas
280 1447 502 1498 attulisset,
525 1447 803 1503 respondisse,
823 1463 954 1504 puero
975 1457 1022 1488 ut
1040 1462 1125 1488 uno
1148 1458 1255 1489 esset
1272 1450 1528 1492 comitatior.

96 1504 161 1544 Ut
192 1504 305 1544 enim
338 1504 400 1544 vel
434 1519 600 1545 summa
638 1516 860 1559 paupertas
899 1505 1126 1545 tolerabilis
1161 1505 1227 1554 sit,
1264 1513 1302 1539 09
1318 1507 1352 1547 si
1388 1506 1529 1558 liceat,

92 1559 208 1615 quod
242 1559 495 1616 quibusdam
533 1561 692 1601 Graecis
726 1561 947 1616 quotidie:
980 1561 1037 1601 sic
1069 1561 1235 1602 caecitas
1270 1562 1368 1603 ferri
1407 1563 1528 1604 facile

92 1616 238 1671 possit,
278 1617 312 1657 si
349 1631 434 1657 non
483 1617 620 1658 desint
667 1617 853 1658 subsidia
900 1617 1192 1658 valitudinum.
1253 1619 1527 1662 Democritus
1546 1630 1619 1662 114

91 1672 321 1714 luminibus
343 1673 521 1725 amissis,
551 1674 648 1714 alba
678 1674 851 1724 scilicet,
878 1685 920 1715 et
952 1683 1042 1715 atra
1071 1673 1306 1716 discernere
1327 1691 1410 1717 non
1431 1686 1528 1732 pot-

95 1738 211 1771 erat:
242 1739 287 1771 at
316 1744 410 1771 vero
440 1730 567 1781 bona,
596 1731 706 1772 mala
722 1746 733 1781 3
774 1745 908 1786 aequa,
939 1731 1106 1786 iniqua3
1138 1730 1332 1784 honesta,
1361 1733 1500 1788 turpia
1516 1751 1527 1785 3

92 1786 226 1837 utilia,
264 1786 429 1828 inutilia
442 1802 453 1836 3
504 1802 672 1843 magna,
709 1802 834 1842 parva
872 1797 1062 1843 poterat:
1114 1798 1156 1828 et
1199 1788 1286 1829 sine
1333 1790 1530 1830 varietate

93 1843 284 1883 colorum
307 1843 462 1884 licebat
479 1843 612 1884 vivere
632 1844 779 1894 beate3
812 1845 899 1885 sine
914 1845 1086 1885 notione
1105 1859 1243 1885 rerum
1259 1861 1342 1886 non
1362 1846 1528 1888 licebat.

94 1898 238 1953 Atque
261 1899 328 1940 hic
349 1900 406 1940 vir
429 1900 623 1955 impediri
643 1901 771 1941 etiam
790 1901 918 1941 animi
937 1901 1068 1942 aciem
1086 1901 1290 1956 adspectu
1306 1903 1529 1944 oculorum

95 1955 376 1996 arbitrabatur
395 1973 403 1997 :
434 1965 492 2008 et,
513 1971 611 1997 cum
632 1957 702 1997 alii
734 1971 859 2012 saepe,
888 1957 1004 2013 quod
1034 1966 1131 1999 ante
1151 1959 1279 2013 pedes
1300 1970 1422 2011 esset,
1445 1975 1529 2001 non

95 2011 298 2062 viderent,
317 2012 458 2068 70ipse
489 2012 737 2054 infinitatem
766 2028 936 2054 omnem
968 2015 1327 2070 peregrinabatur,
1350 2026 1396 2057 ut
1416 2017 1531 2058 nulla

92 2067 136 2108 in
158 2069 419 2110 extremitate
449 2070 709 2111 consisteret.
768 2070 989 2111 Traditum
1023 2082 1087 2112 est
1114 2071 1255 2122 etiarn,
1288 2074 1527 2114 Homerum

94 2138 256 2166 caecum
292 2125 433 2166 fuisse.
492 2127 554 2167 At
589 2126 681 2182 ejus
718 2127 940 2182 picturam,
984 2142 1069 2168 non
1107 2129 1285 2183 poesim,
1327 2129 1527 2171 videmus.

94 2180 205 2222 Quae
225 2182 358 2237 regio,
378 2197 471 2238 quae
492 2197 578 2233 ora,
608 2183 680 2238 qui
710 2183 829 2224 locus
851 2183 1044 2234 Graeciae,
1072 2198 1167 2239 quae
1188 2185 1346 2241 species
1365 2187 1527 2236 formae,

96 2244 243 2293 71quae
274 2253 432 2294 pugna,
468 2254 561 2295 quae
598 2241 722 2290 acies,
756 2239 870 2296 quod
899 2240 1142 2296 remigium,
1173 2242 1245 2297 qui
1276 2252 1418 2284 motus
1450 2243 1528 2283 ho-

138 2342 177 2368 64
201 2337 250 2367 sed
259 2349 311 2367 non
321 2338 444 2368 absurda
455 2340 592 2369 sententia
603 2339 655 2379 est]
671 2340 787 2371 Malim

95 2387 135 2410 est
150 2381 267 2411 abesse.

832 2347 951 2370 rexerat
967 2340 1122 2371 Corradus
1146 2343 1177 2371 in
1204 2343 1382 2377 Guaestura.
1407 2344 1452 2373 sic
1476 2346 1529 2374 ha-

832 2384 885 2412 bet
908 2391 938 2413 et
960 2383 1023 2413 Ms.
1047 2384 1156 2415 Guelf.
1178 2386 1248 2416 edd.
1272 2395 1317 2425 pr.
1342 2387 1461 2416 habent
1480 2398 1529 2415 nee

137 2428 175 2454 65
201 2436 236 2452 ex
251 2422 485 2464 magistratibus]
512 2427 591 2466 Ergo
611 2426 707 2455 etiam
729 2435 789 2456 cae-

96 2475 152 2496 cus
168 2467 367 2505 magistratus
384 2469 499 2507 gessit?

140 2513 179 2538 66
203 2510 338 2548 A1fidius
349 2510 521 2551 praetorius]
541 2511 651 2549 Pighio
667 2512 789 2542 videtur

95 2551 277 2581 addendum
307 2563 397 2582 caecus
409 2565 419 2582 :
453 2555 537 2594 quod
569 2565 643 2584 sane
674 2554 788 2593 placet,

96 2593 279 2633 placuitque
313 2602 343 2624 et
377 2597 526 2627 Buberio.
570 2598 621 2627 Sic
655 2605 686 2627 et
721 2605 791 2637 post

95 2637 218 2667 additur
235 2638 267 2666 in
283 2637 429 2668 Diodoto.

140 2684 177 2714 67
203 2687 231 2708 et
245 2679 366 2709 videbat
381 2681 410 2710 in
426 2680 546 2722 litteris]
563 2683 643 2712 Viris
658 2684 790 2722 quidem

95 2722 195 2752 doctis
225 2723 329 2752 visum
365 2731 410 2752 est
447 2725 619 2763 legendum
650 2725 789 2762 vivebat,

96 2765 180 2803 quod
196 2773 226 2794 et
241 2766 336 2795 edidit
350 2766 509 2797 Davisius.
525 2768 605 2798 mihi
622 2768 788 2807 vulgatum

98 2807 212 2838 melius
229 2816 258 2838 et
274 2808 448 2847 elegantius
466 2811 589 2840 videtur
603 2812 641 2841 de
656 2821 753 2841 caeco.

140 2854 180 2880 68
205 2850 585 2891 Eretricumphilosophum]
602 2854 653 2884 Sic
669 2855 790 2893 primus

98 2892 191 2922 edidit
206 2892 377 2932 Victorius,
402 2895 454 2925 sed
479 2901 550 2925 ante
570 2896 639 2935 jam
662 2897 705 2926 sic
724 2905 791 2926 cor-

834 2425 1021 2455 inexercitum
1029 2427 1235 2467 philosophum.

878 2474 918 2500 69
941 2469 965 2498 si
996 2469 1094 2508 liceat]
1126 2471 1314 2509 Intelligunt
1337 2473 1530 2502 mendicare.

833 2512 893 2541 Sed
909 2520 1010 2541 cetera
1033 2514 1113 2543 mihi
1138 2524 1202 2543 non
1226 2515 1372 2543 videntur
1396 2524 1528 2545 consen-

834 2556 889 2585 tire
903 2565 913 2585 z
937 2554 1014 2596 quod
1027 2555 1196 2596 quibusdam
1215 2556 1329 2586 Graecis
1349 2558 1484 2598 quotidie.

878 2605 918 2632 70
940 2599 999 2637 ipse
1020 2597 1207 2638 irfinitatem]
1236 2601 1372 2639 Reposui
1395 2600 1452 2639 ipse
1476 2611 1531 2639 pro

835 2640 897 2677 ille,
921 2651 953 2671 re
976 2648 1005 2670 et
1029 2641 1181 2672 latinitate
1206 2643 1405 2682 postulante:
1431 2643 1528 2671 alii-

833 2684 903 2722 ipse.
949 2684 1105 2714 Sexcenta
1121 2686 1268 2726 exempla
1287 2694 1363 2716 sunt
1377 2687 1461 2725 apud
1478 2687 1528 2716 Ci—

833 2736 995 2756 ceronem.
1504 2756 1508 2763 ,

879 2775 914 2804 71
941 2781 1006 2810 quae
1024 2769 1141 2810 pugna]
1168 2770 1283 2802 Malim
1301 2777 1421 2810 pugnae.
1467 2771 1530 2800 Da-

834 2813 931 2842 visius
946 2813 1193 2856 deditformaque
1203 2820 1312 2853 pugna-
1326 2825 1335 2842 .·
1359 2815 1443 2853 quod
1460 2823 1529 2843 sen—

834 2865 871 2885 su
888 2856 1001 2885 eodem
1018 2856 1104 2885 redit.
