1778 3095
501 135 682 173 LIBER
717 132 1054 172 SECUNDUS.
1428 140 1503 181 ⁵7⁵

78 244 188 285 fatus
210 258 313 296 esse,
331 244 403 301 qui
423 243 580 285 arabat.
640 242 682 282 Is
704 250 844 282 autern
864 241 1017 296 Tages,
1035 250 1084 282 ut
1103 239 1145 282 in
1165 239 1283 282 libris
1301 249 1363 282 est
1381 243 1510 284 Etru-

79 314 262 352 scorum,
283 300 430 357 puerili
457 298 594 355 specie
620 297 775 338 dicitur
794 297 918 347 visus,
939 297 1011 338 sed
1032 297 1152 338 senili
1173 296 1302 338 fuisse
1323 299 1511 352 pruden-

79 357 151 397 tia.
173 358 262 413 ejus
290 357 490 412 adspectu
515 369 614 396 cum
645 352 934 408 obstupuisset
952 353 1177 404 bubulcus,
1197 353 1511 411 clamoremque

80 413 283 468 majorem
322 428 419 454 cum
457 410 732 453 admiratione
770 408 991 458 edidisset3
1024 423 1277 451 concursum
1317 424 1409 451 esse
1448 413 1511 452 fa-

80 479 214 521 ctum,
235 479 451 525 totamque
477 467 592 510 brevi
618 475 810 521 tempore
829 465 871 506 in
900 479 997 505 eum
1020 464 1161 505 locum
1179 466 1388 507 Etruriam
1408 481 1512 507 con-

80 526 267 576 venisse3
297 536 388 567 tum
418 524 538 566 illum
570 524 690 579 plura
722 522 913 563 locutum
949 520 1093 561 multis
1127 521 1407 574 audientibus,
1439 524 1513 579 qui

78 582 220 623 omnia
237 582 327 638 ejus
346 581 470 623 verba
486 579 739 635 exceperint,
756 577 989 633 litterisque
1010 577 1316 619 mandaverint:
1340 594 1511 620 omnem

79 647 221 679 autem
242 638 475 679 orationem
496 637 623 678 fuisse
643 650 751 686 eam,
769 650 851 690 qua
871 634 1149 690 haruspicinae
1170 633 1389 689 disciplina
1409 650 1512 677 con-

79 694 304 736 tineretur:
336 708 429 735 eam
458 704 603 748 postea
631 692 805 733 crevisse
833 692 957 732 rebus
988 691 1102 731 novis
1127 692 1449 746 cognoscendis,
1471 701 1514 733 et

79 750 133 790 ad
151 750 297 791 eadem
319 751 390 791 illa
409 750 611 806 principia
632 748 869 790 referendis.
919 749 1027 789 Haec
1048 748 1287 802 accepimus
1310 748 1363 788 ab
1383 748 1482 802 ipsis
1502 766 1512 790 ε

79 806 171 847 haec
211 807 366 862 scripta
402 815 674 848 conservant:
713 805 824 846 hunc
865 805 1026 845 fontem
1067 804 1226 845 habent
1265 804 1512 860 disciplinae.

78 862 197 904 Num
220 878 324 918 ergo
346 878 452 919 opus
473 873 536 904 est
563 863 616 904 ad
644 861 735 902 haec
755 860 984 902 refellenda
1005 860 1252 901 Carneade?
1286 876 1387 902 num
1409 862 1510 917 Epi-
1526 876 1572 907 51

79 921 212 960 curo?
245 921 375 961 Estne
407 920 629 975 quisquam
662 919 721 958 ita
755 917 976 972 desipiens,
1009 917 1079 972 qui
1116 917 1259 958 credat
1297 927 1514 959 exaratum

79 989 185 1026 esse,
214 975 339 1017 deum
375 976 526 1026 dicam,
557 990 609 1015 an
640 974 887 1014 hominem?
921 983 960 1005 42
976 973 1010 1014 si
1041 972 1158 1023 deus,
1189 988 1264 1014 cur
1294 988 1337 1015 se
1368 984 1516 1016 contra

80 1041 270 1073 naturam
302 1032 344 1072 in
364 1040 517 1073 terram
545 1030 765 1081 abdiderit,
785 1040 834 1072 ut
861 1030 1097 1085 patefactus
1119 1039 1258 1071 aratro
1279 1031 1417 1071 lucem
1440 1031 1514 1073 ad·-

80 1089 288 1143 spiceret?
322 1088 465 1144 Quid?
499 1088 611 1129 idem
632 1102 770 1128 nonne
797 1097 964 1142 poterat
993 1086 1095 1127 deus
1123 1086 1366 1128 hominibus
1387 1088 1515 1129 disci—

79 1145 235 1199 plinam
266 1145 478 1200 superiore
499 1159 522 1185 6
550 1145 645 1185 loco
675 1144 865 1184 tradere?
899 1143 943 1183 Si
964 1152 1106 1184 autem
1129 1143 1260 1184 homo
1282 1143 1353 1184 ille
1373 1145 1514 1200 Tages

78 1201 173 1252 fuit,
191 1214 373 1257 quonam
393 1201 523 1242 modo
542 1201 682 1256 potuit
701 1210 810 1241 terra
826 1214 1047 1256 oppressus
1065 1200 1197 1241 vivere
1214 1201 1227 1241 ?
1250 1200 1364 1241 unde
1385 1215 1513 1256 porro

79 1257 152 1298 illa
178 1258 331 1313 potuit,
359 1273 452 1314 quae
483 1258 664 1299 docebat
690 1257 808 1308 alios,
836 1257 924 1312 ipse
953 1256 1179 1298 didicisse?
1213 1256 1288 1297 sed
1307 1271 1389 1312 ego
1411 1257 1513 1298 insi-

79 1314 273 1368 pientior,
296 1329 421 1370 quam
453 1314 513 1355 illi
543 1315 638 1370 ipsi,
661 1314 732 1369 qui
757 1313 836 1354 ista
865 1312 1056 1363 credunt,
1078 1313 1150 1368 qui
1171 1313 1342 1368 quidem
1366 1323 1514 1355 contra

79 1385 152 1411 eos
183 1380 270 1412 tam
299 1371 372 1412 diu
402 1371 628 1427 disputem.
687 1371 821 1411 Vetus
851 1379 992 1410 autem
1023 1369 1128 1410 illud
1161 1369 1337 1411 Catonis
1365 1370 1513 1411 admo·
1525 1382 1598 1433 24

80 1427 182 1468 dum
214 1428 366 1469 scitum
396 1438 473 1479 est,
494 1428 566 1484 qui
594 1427 735 1468 mirari
763 1441 807 1467 se
841 1427 993 1476 aiebat,
1021 1425 1137 1482 quod
1159 1441 1243 1467 non
1264 1426 1416 1468 rideret
1434 1427 1511 1468 ha-

79 1498 230 1539 ruspex
260 1484 525 1539 haruspicem
555 1499 653 1525 cum
684 1483 866 1524 vidisset.
926 1484 1071 1539 Quota
1100 1483 1212 1524 enim
1244 1498 1425 1539 quaeque
1446 1499 1510 1526 res
1527 1498 1577 1530 52

80 1541 216 1582 evenit
235 1541 435 1596 praedicta
455 1542 508 1582 ab
530 1541 617 1582 istis
639 1543 651 1582 ?
685 1550 758 1581 aut
787 1540 820 1580 si
845 1541 980 1581 evenit
1001 1539 1232 1595 quippiam,
1254 1540 1356 1595 quid
1379 1541 1515 1582 afferri

80 1604 235 1651 potest,
265 1612 340 1638 cur
370 1613 454 1638 non
483 1612 582 1638 casu
612 1598 655 1640 id
685 1596 895 1638 evenerit?
929 1598 1018 1637 Rex
1050 1596 1228 1646 Prusias,
1250 1611 1348 1637 cum
1377 1597 1514 1638 Anni-

79 1653 165 1694 bali
192 1654 303 1709 apud
330 1669 428 1695 eum
453 1654 658 1695 exsulanti
684 1653 917 1709 depugnari
941 1653 1139 1708 placeret,
1163 1653 1347 1708 negabat
1375 1668 1418 1694 se
1441 1669 1516 1695 au-

80 1709 193 1762 dere,
214 1710 327 1766 quod
346 1720 441 1752 exta
461 1710 745 1766 prohiberent.
803 1711 874 1750 An
896 1718 957 1759 tu,
976 1709 1126 1764 inquit,
1147 1709 1385 1750 carunculae
1405 1710 1513 1751 vitu·
1524 1717 1557 1752 b.

80 1765 176 1806 linae
215 1768 356 1817 mavis,
398 1782 524 1823 quam
565 1765 806 1824 imperatori
847 1766 975 1806 veteri
1013 1765 1214 1807 credere?
1248 1766 1392 1823 Quid?
1426 1767 1515 1822 ipsc

82 1821 238 1873 Caesar,
270 1838 366 1864 curn
398 1839 422 1865 a
453 1838 619 1865 summo
649 1822 870 1878 haruspice
900 1832 1158 1873 moneretur,
1180 1836 1231 1863 ne
1259 1824 1301 1863 in
1321 1823 1512 1864 Africam

80 1888 177 1920 ante
206 1879 399 1920 brumam
430 1880 744 1930 transmitteret,
775 1894 914 1920 nonne
943 1879 1203 1920 transmisit?
1237 1880 1353 1934 quod
1383 1881 1425 1921 ni
1451 1880 1514 1921 fe-

79 1935 217 1986 cisset,
239 1950 324 1977 uno
344 1937 387 1977 in
406 1936 503 1977 loco
524 1951 671 1978 omnes
702 1936 1029 1978 adversariorum
1052 1936 1185 1991 copiae
1206 1937 1513 1978 convenissent.

80 1992 200 2033 Quid
216 2007 297 2048 ego
314 1992 585 2048 haruspicum
604 2008 802 2050 responsa
818 2006 1163 2042 commemorem,
1186 1995 1376 2048 (possum
1393 1993 1515 2050 equi-

80 2049 177 2089 dem
198 2049 546 2100 innumerabilia,)
581 2058 619 2081 48
635 2066 729 2106 quae
750 2058 823 2089 aut
849 2049 987 2090 nullos
1016 2049 1241 2090 habuerint
1268 2050 1418 2101 exitus,
1440 2058 1516 2092 aut

80 2106 312 2147 contrarios
329 2108 341 2147 ?
367 2107 464 2147 Hoc
485 2105 592 2147 civili
613 2107 740 2158 bello,
761 2105 818 2146 dii
837 2106 1095 2147 immortales
1113 2106 1121 2145 l
1144 2120 1270 2161 quam
1293 2106 1427 2148 multa
1446 2107 1512 2147 lu-
1524 2119 1572 2152 53

81 2164 252 2203 serunt?
285 2178 379 2219 quae
407 2163 528 2204 nobis
553 2163 594 2203 in
624 2162 832 2204 Graeciam
862 2163 997 2203 Roma
1025 2176 1223 2217 responsa
1242 2162 1514 2218 haruspicum

79 2218 208 2259 missa
238 2229 334 2260 sunt
352 2221 364 2260 ?
399 2235 491 2275 quae
523 2220 636 2261 dicta
656 2219 854 2274 Pompeio
873 2221 886 2260 ?
921 2219 1076 2260 etenim
1098 2219 1167 2259 ille
1188 2218 1419 2260 admodum
1441 2234 1512 2261 ex-

80 2274 135 2315 tis
167 2285 211 2316 et
245 2277 419 2317 ostentis
450 2277 710 2317 movebatur.
769 2277 871 2316 Non
905 2275 1024 2316 lubet
1054 2290 1403 2327 commemorare,
1436 2291 1512 2318 nec

80 2345 176 2373 vero
208 2347 374 2373 necesse
405 2341 482 2384 est,
510 2333 586 2374 tibi
616 2333 862 2389 praesertim,
896 2332 967 2388 qui
997 2332 1238 2373 interfuisti.
1295 2332 1425 2374 Vides
1450 2342 1515 2374 ta-

81 2401 193 2438 men,
223 2389 365 2430 onmia
393 2390 478 2430 fere
508 2398 666 2440 contra,
698 2404 745 2430 ac
776 2389 889 2430 dicta
918 2389 1013 2439 sint,
1045 2389 1240 2429 evenisse.
1299 2388 1381 2430 Sed
1420 2389 1513 2430 haec

83 2443 296 2486 hactenus.
327 2460 436 2487 nunc
467 2445 519 2486 ad
550 2455 713 2488 ostenta
741 2446 970 2486 veniamus.
1029 2445 1172 2486 Multa
1202 2460 1270 2486 me
1295 2446 1468 2487 consule
1490 2460 1514 2486 a
1525 2447 1594 2497 25

82 2514 151 2540 me
182 2500 273 2555 ipso
306 2501 460 2557 scripta
490 2502 701 2544 recitasti:
734 2501 868 2543 multa
898 2510 994 2542 ante
1029 2501 1263 2542 Marsicum
1295 2502 1454 2543 bellum
1489 2517 1514 2543 a
1525 2522 1576 2555 54

83 2556 256 2597 Sisenna
274 2558 450 2600 collecta
468 2559 645 2601 attulisti
664 2576 674 2601 z
704 2557 841 2600 multa
858 2567 954 2599 ante
981 2558 1399 2600 Lacedaemoniorum
1423 2574 1513 2599 ma-

125 2700 165 2723 42
189 2692 213 2721 si
237 2692 315 2730 deus]
347 2693 397 2723 Sic
422 2703 477 2733 pro
501 2694 525 2723 si
555 2694 637 2724 deum
666 2704 684 2724 e
714 2694 777 2724 Ms.
821 2693 934 2723 bue-rint
949 2700 994 2724 est
1012 2694 1044 2723 in
1066 2694 1128 2724 Ms.
1146 2693 1253 2724 Guelf.
1277 2694 1370 2731 idque
1386 2691 1515 2727 melius,

88 2734 167 2765 bene
191 2736 347 2766 Davisius.
365 2737 419 2765 int.
437 2744 580 2767 exaratus
603 2744 660 2774 est,
676 2739 721 2767 sic
746 2737 778 2766 in
821 2747 921 2776 quam
935 2737 1104 2776 vulgatum
1125 2736 1293 2766 habuerunt.
1317 2735 1396 2765 illud
1418 2735 1513 2764 etiam

82 2777 178 2808 altero
196 2779 340 2808 membro
356 2791 361 2808 :
386 2778 420 2808 Si
442 2786 536 2808 autem
561 2780 636 2809 homo
655 2780 704 2809 ille
721 2781 777 2809 Ta·
822 2780 968 2811 Davisius
984 2780 1077 2810 tacite
1098 2780 1204 2815 edidit,
1226 2787 1255 2809 et
1271 2784 1342 2808 ante
1358 2777 1514 2808 P.,vict0-

82 2821 172 2860 gesf.
822 2823 896 2852 rius.

127 2870 164 2893 43
191 2874 255 2904 qua*
272 2872 322 2893 au!
336 2864 426 2894 nullo:
437 2864 589 2894 habuerint
601 2863 707 2903 exitus]
727 2864 780 2893 ha-
