1778 3095
224 190 307 233 464
607 187 687 226 DE
715 187 977 226 NATURA
1004 187 1275 226 DEORUM

223 303 331 351 quot
348 303 516 351 genera,
535 310 747 351 quamque
766 295 947 351 disparia
974 296 1126 351 partim
1155 296 1482 345 submersarum,
1501 295 1652 350 partim

223 352 478 394 fluitantium
514 361 557 394 et
588 352 821 394 innantium
857 352 1091 403 beluarum,
1116 353 1268 408 partim
1301 351 1354 393 ad
1384 365 1482 391 saxa
1510 352 1656 397 nativis

224 408 344 450 testis
373 409 695 450 inhaerentium?
731 410 877 464 Ipsum
907 418 1050 449 autem
1083 424 1197 449 mare
1222 408 1313 449 osio
1344 417 1499 449 terram
1527 422 1656 463 appe-

225 472 317 507 tens
337 464 530 506 litoribus
550 465 696 513 eludit,
715 475 762 507 ut
782 481 867 506 una
887 479 937 505 ex
956 465 1120 506 duabus
1142 465 1297 506 naturis
1318 463 1500 505 conflata
1517 463 1658 506 videa-

143 532 211 564 101
227 529 310 563 tur.
369 521 528 562 Exinde
550 522 654 562 mari
677 522 875 562 finitimus
895 526 980 571 aer,
1013 530 1051 554 10
1065 521 1132 562 die
1152 532 1194 562 et
1216 531 1339 562 nocte
1358 519 1656 575 distinguitur:

226 578 348 634 isque
376 588 467 619 tum
494 579 626 627 fusus,
646 588 689 619 et
721 586 967 619 extenuatus
1000 577 1181 618 sublime
1211 579 1370 626 fertur3
1402 586 1494 617 tum
1513 584 1657 617 autem

226 644 463 685 concretus,
486 635 526 675 in
557 635 688 675 nubes
721 634 904 688 cogitur,
930 633 1237 690 humoremque
1267 634 1473 688 colligens
1501 640 1660 675 terram

227 700 357 745 auget
392 691 623 732 imbribus:
663 699 755 730 tum
789 689 959 730 effluens
999 690 1082 730 huc
1117 698 1159 730 et
1193 690 1307 740 illuc,
1341 699 1486 730 ventos
1518 688 1659 730 efficit.

232 747 352 787 Idem
372 762 528 788 annuas
549 747 755 801 frigorum
777 754 818 786 et
839 746 1025 786 calorum
1057 746 1157 786 facit
1185 746 1401 787 varietates
1421 762 1430 787 :
1462 744 1659 801 idemque

229 811 273 844 et
292 803 454 844 volatus
484 804 632 844 alitum
663 802 852 852 sustinet,
876 811 919 842 et
945 801 1094 856 spiritu
1123 802 1275 842 ductus
1296 803 1370 843 alit
1389 810 1431 843 et
1452 810 1660 843 sustentat

146 858 219 908 40
231 860 476 900 animantes.
536 860 680 899 Restat
711 858 900 908 ultimus,
931 867 974 899 et
1005 873 1029 898 a
1061 858 1284 899 domiciliis
1317 859 1468 900 nostris
1504 858 1660 899 altissi-

230 930 338 966 mus,
375 915 517 956 omnia
546 915 718 970 cingens
749 923 792 955 et
823 921 1019 956 coercens
1042 914 1134 956 caeli
1161 914 1419 969 complexus,
1444 914 1516 970 qui
1543 914 1658 956 idem

229 972 362 1013 aether
382 979 568 1022 vocatur,
587 981 772 1012 extrema
792 986 865 1012 ora
891 980 935 1012 et
967 971 1260 1012 determinatio
1289 970 1436 1011 mundi
1454 987 1463 1011 ε
1495 971 1536 1011 in
1555 986 1657 1026 quo,

229 1043 328 1069 cum
361 1028 685 1069 admirabilitate
718 1029 912 1077 maxima,
936 1027 1070 1083 igneae
1101 1028 1248 1068 formae
1278 1042 1424 1068 cursus
1444 1026 1660 1069 ordinatos

146 1092 218 1124 102
232 1084 450 1125 definiunt.
508 1086 544 1125 E
563 1085 715 1140 quibus
738 1084 815 1135 sol,
837 1084 956 1140 cujus
978 1083 1268 1139 magnitudine
1296 1083 1441 1124 multis
1472 1083 1661 1138 partibus

230 1150 341 1182 terra
371 1150 606 1197 superatur,
634 1141 790 1182 circum
825 1155 917 1181 eam
946 1141 1078 1196 ipsam
1103 1140 1293 1181 volvitur.
1324 1140 1441 1194 isque
1461 1139 1599 1180 oriens
1618 1148 1663 1181 et

231 1197 442 1249 occidens,
471 1198 583 1238 diem
612 1206 866 1252 noctemque
897 1197 1065 1238 conficit
1085 1206 1128 1238 et
1158 1197 1287 1238 modo
1319 1195 1535 1246 accedens,
1566 1205 1660 1237 tum

186 1263 219 1294 b.
231 1262 373 1295 autem
392 1254 606 1304 recedens,
627 1254 745 1295 binas
767 1254 807 1293 in
829 1254 1005 1308 singulis
1036 1253 1152 1294 annis
1180 1253 1432 1293 reversiones
1450 1252 1503 1293 ab
1524 1262 1658 1293 extre-

230 1325 302 1351 mo
323 1311 550 1352 contrarias
571 1311 692 1351 facit:
726 1319 761 1341 11
777 1325 952 1365 quarum
985 1309 1201 1350 intervallo
1231 1318 1322 1350 tum
1354 1309 1471 1364 quasi
1491 1308 1660 1349 tristitia

230 1367 425 1422 quaedam
463 1367 674 1407 contrahit
709 1376 877 1417 terram,
910 1375 1000 1407 tum
1033 1366 1214 1407 vicissim
1245 1365 1444 1415 laetificat,
1477 1374 1526 1406 ut
1560 1379 1660 1406 cum

146 1436 216 1468 103
231 1424 336 1464 caelo
358 1423 533 1464 hilarata
557 1423 756 1464 videatur.
816 1424 937 1463 Luna
965 1432 1121 1473 autem,
1141 1438 1235 1478 quae
1269 1431 1347 1472 est,
1368 1431 1416 1463 ut
1435 1420 1662 1462 ostendunt

230 1479 532 1528 mathematici,
552 1480 701 1535 major,
722 1494 846 1536 quam
869 1479 1042 1520 dimidia
1070 1494 1165 1534 pars
1189 1488 1323 1529 terrae,
1345 1477 1493 1519 iisdem
1515 1477 1660 1533 spatiis

228 1546 418 1592 vagatur,
454 1537 606 1592 quibus
641 1537 730 1578 sol:
761 1535 834 1577 sed
867 1545 957 1577 tum
993 1534 1269 1591 congrediens
1303 1550 1401 1576 cum
1433 1534 1534 1584 sole,
1568 1543 1659 1574 tum

228 1593 481 1649 digrediens,
502 1603 544 1635 et
563 1608 656 1634 eam
678 1593 831 1643 lucem,
851 1607 980 1647 quam
1008 1608 1032 1633 a
1058 1592 1146 1633 sole
1167 1592 1343 1647 accepit,
1364 1591 1494 1632 mittit.
1513 1591 1556 1631 in
1575 1599 1660 1631 ter-

229 1665 310 1701 raS,
331 1660 374 1691 et
394 1651 524 1691 varias
553 1650 641 1705 ipsa
670 1649 925 1690 mutationes
956 1649 1059 1689 lucis
1093 1649 1247 1689 habet:
1276 1658 1402 1703 atque
1419 1647 1547 1687 etiam
1567 1655 1659 1687 tum

228 1707 419 1762 subjecta
438 1716 563 1761 atque
585 1706 780 1761 opposita
809 1706 901 1755 soli,
923 1705 1059 1746 radios
1090 1705 1195 1760 ejus,
1216 1713 1258 1744 et
1278 1705 1419 1744 iumen
1446 1703 1658 1753 obscurat,

229 1773 319 1804 tum
343 1763 434 1818 ipsa
454 1762 636 1803 incidens
659 1763 700 1802 in
721 1762 914 1802 umbram
945 1771 1081 1811 terrae,
1101 1776 1197 1801 cum
1219 1769 1283 1800 est
1305 1774 1326 1800 e
1346 1760 1516 1814 regione
1542 1759 1658 1809 solis,

229 1819 482 1874 interpositu
521 1818 824 1874 interjectuque
861 1828 995 1866 terrae,
1030 1826 1200 1872 repente
1235 1816 1389 1856 deficit.
1426 1815 1660 1870 iisdemque

229 1876 374 1931 spatiis
395 1876 461 1915 hae
483 1875 628 1925 stellae,
650 1889 753 1929 quas
782 1889 906 1929 vagas
937 1874 1131 1923 dicimus,
1161 1873 1319 1913 circum
1341 1881 1494 1912 terram
1517 1872 1659 1912 ferun-

228 1942 312 1983 tur,
333 1932 568 1987 eodemque
601 1931 729 1971 modo
761 1931 951 1971 oriuntur
982 1938 1025 1970 et
1056 1929 1283 1970 occidunt:
1315 1942 1490 1984 quarum
1518 1936 1660 1969 motus

228 1998 322 2030 tum
341 1989 579 2037 incitantur,
602 1997 692 2028 tum
714 1987 990 2037 retardantur,
1012 2001 1124 2041 saepe
1141 1986 1268 2026 etiam
1288 1985 1497 2025 insistunt.
1556 1985 1658 2039 Quo

230 2045 473 2101 spectaculo
522 2044 625 2084 nihil
665 2052 806 2098 potest
841 2042 1127 2084 admirabilius
1166 2056 1270 2091 esse,
1311 2041 1415 2082 nihil
1456 2040 1658 2096 pulcrius.

146 2106 219 2139 104
231 2102 430 2157 Sequitur
459 2101 672 2141 stellarum
707 2100 977 2141 inerrantium
1007 2100 1189 2139 maxima
1209 2097 1465 2139 multitudo:
1499 2106 1536 2128 12
1553 2111 1658 2152 qua-

230 2174 323 2199 rum
343 2159 402 2199 ita
424 2157 633 2212 descripta
661 2156 875 2198 distinctio
897 2165 974 2207 est,
994 2163 1043 2197 ut
1061 2170 1112 2196 ex
1132 2162 1232 2195 nota
1254 2155 1484 2210 figurarum
1510 2153 1659 2195 simili-

147 2218 214 2267 41
231 2214 373 2257 tudine
395 2214 566 2255 nomina
583 2213 824 2254 invenerint.
873 2213 1016 2269 Atque
1035 2212 1117 2253 hoc
1136 2211 1233 2252 loco
1249 2226 1318 2252 me
1335 2211 1516 2261 intuens,
1536 2211 1658 2258 Utar,

967 2364 1027 2387 tum
1053 2356 1200 2396 laetg'fi‘cat]
1225 2357 1332 2387 Haeret
1355 2356 1409 2386 hic
1429 2356 1541 2386 frustra
1562 2355 1659 2385 Davi-

965 2402 1042 2432 sius.
1086 2401 1202 2431 Sensus
1225 2407 1283 2436 est,
1299 2400 1438 2430 solcum
1460 2399 1499 2428 ad
1521 2397 1657 2428 alterum

966 2443 1154 2481 terminum,
1185 2443 1347 2479 brumam,
1378 2442 1503 2478 recedit,
1541 2447 1661 2472 terram

271 2370 291 2395 9
311 2362 351 2392 sic
378 2369 485 2391 terram
506 2366 640 2400 appetens
664 2358 793 2388 litoribus
816 2356 920 2399 eludit]

227 2406 306 2437 Edd.
322 2412 396 2436 vett.
413 2405 531 2434 habent
554 2402 655 2439 cludit,
673 2410 709 2433 ut
732 2403 811 2432 Ven.
830 2409 923 2434 1494.

227 2459 283 2489 pro
299 2447 419 2478 claudit.
465 2448 542 2477 Mss.
561 2447 622 2476 fere
645 2445 748 2481 eludit,
765 2452 801 2475 ut
816 2445 924 2475 Guelf.

226 2501 282 2531 pro
297 2501 361 2531 quo
377 2491 524 2520 Davisius
548 2490 683 2529 reposuit
701 2487 819 2524 alludit,
836 2488 920 2527 quod

226 2541 309 2564 certe
332 2533 453 2563 facilius
469 2540 525 2562 est.
549 2539 580 2562 et
601 2533 641 2561 ita
658 2532 690 2560 in
707 2532 766 2560 hac
784 2541 814 2560 re
831 2537 876 2560 est
891 2538 922 2559 et

225 2577 335 2616 Topic.
354 2582 382 2610 7.
396 2576 450 2606 ubi
467 2582 574 2605 tamen
591 2575 686 2604 etiam
703 2574 771 2604 libri
788 2574 920 2611 quidam

226 2619 350 2648 eluderet
367 2619 494 2648 habent.
518 2618 598 2647 mihi
620 2618 721 2656 placet
739 2616 840 2652 cludit,
859 2617 877 2645 i.
894 2625 919 2644 e.

227 2662 339 2698 ambit,
356 2662 542 2691 circumdat.
563 2670 639 2689 nam
665 2661 694 2689 id
717 2658 921 2698 sequentibus

227 2711 260 2733 ut
275 2716 332 2733 una
349 2717 362 2733 e
377 2703 484 2732 duabus
500 2703 610 2731 naturis
626 2703 749 2741 cuffiam
771 2701 920 2735 videatur,

227 2747 343 2777 melius
368 2746 527 2782 convenit,
552 2755 652 2785 quarn
673 2744 765 2774 eludit
790 2752 820 2774 et
844 2742 921 2772 allu-

226 2790 282 2821 dit.

271 2840 309 2863 10
335 2832 381 2862 die
406 2838 434 2861 e!
457 2837 534 2860 nocte
558 2827 759 2869 distinguitur]
791 2829 917 2869 Nempe

225 2877 340 2916 specie,
356 2875 405 2905 die
421 2875 536 2911 clarus,
552 2880 645 2903 nocte
659 2873 824 2903 obscurus.

272 2926 307 2949 Η
334 2929 455 2961 quarum
477 2915 634 2947 inter-vallo
659 2913 920 2952 tum-contrahit,

963 2487 1132 2522 contrahit,
1164 2485 1275 2524 frigore
1300 2485 1366 2524 ejus
1393 2485 1579 2523 adspectum
1605 2483 1660 2513 tri-

961 2537 1043 2559 stem
1060 2529 1211 2563 efficiens,
1225 2535 1295 2558 turn
1312 2528 1457 2557 recedens
1472 2535 1580 2556 versus
1595 2525 1658 2556 sol-

962 2573 1085 2601 stitium
1109 2580 1180 2600 eam
1205 2571 1357 2601 laetiorem
1376 2570 1483 2606 efficit,
1504 2569 1658 2599 viriditate

964 2615 1114 2644 arborum
1131 2615 1191 2643 &c-

1010 2664 1046 2687 12
1063 2667 1185 2697 quarum
1209 2654 1252 2683 ita
1275 2654 1417 2694 descripta
1438 2653 1582 2684 distinctio
1600 2651 1654 2691 est]

965 2699 1047 2729 Quae
1070 2700 1111 2728 ita
1127 2698 1288 2728 collocatae
1303 2705 1379 2728 sunt
1394 2704 1424 2728 et
1437 2697 1604 2736 dispositae,
1620 2702 1657 2725 ut

964 2743 1079 2781 figuras
1108 2742 1258 2777 efficiant,
1288 2740 1406 2771 similes
1438 2738 1656 2769 animantibus

959 2788 1018 2816 &c.
1035 2785 1119 2814 unde
1135 2785 1269 2814 nomina
1290 2788 1488 2823 acceperunt.
1533 2781 1591 2811 Pro
1605 2791 1656 2809 no-

960 2835 1054 2857 tarum
1079 2827 1158 2857 Mss.
1180 2827 1310 2865 quidam
1334 2826 1429 2856 etiam
1446 2824 1510 2855 Gu.
1532 2831 1564 2855 et
1585 2821 1655 2854 edd.

960 2878 1036 2904 vett.
1050 2878 1116 2900 nota
1126 2881 1136 2900 .·
1160 2870 1245 2910 quod
1260 2879 1326 2900 non
1340 2868 1494 2909 displicet.
