1732 3105
467 376 1075 532 PRAEFATIO.

65 761 200 840 QUI
233 789 314 831 hoc
346 790 558 848 volumine
589 791 858 833 continentur
888 791 985 851 libri
1017 791 1249 844 Ciceronis,
1277 808 1326 835 ea
1356 810 1495 838 rerum

61 859 300 916 praestantia
319 859 501 915 insignes
522 868 633 910 sunt,
652 874 701 900 ea
721 859 947 900 disserendi
968 874 1066 901 cum
1097 862 1329 904 subtilitate
1348 873 1392 906 et
1411 865 1496 906 ele-

60 929 218 985 gantia,
238 937 330 969 tum
350 928 473 984 copia
493 937 536 970 et
557 928 774 980 suavitate,
795 937 844 969 ut
872 927 976 969 nihil
1006 929 1055 970 iis
1085 943 1174 970 esse
1203 933 1337 986 possit
1356 933 1409 973 ad
1428 934 1493 974 in-

58 997 232 1052 genium
252 1011 390 1037 rerum
412 997 668 1053 optimarum
699 997 821 1052 copia
849 997 1048 1038 alendum
1069 999 1255 1049 uberius,
1275 1009 1318 1040 et
1338 1014 1494 1041 acuen-

57 1064 160 1106 dum
187 1064 408 1117 efficacius,
437 1065 670 1107 orationem
701 1065 880 1122 denique
910 1067 952 1107 in
982 1066 1223 1108 disserendo
1254 1066 1492 1121 fingendam

57 1131 370 1188 ornandamque
399 1143 496 1189 apte
523 1134 576 1175 ad
606 1135 664 1176 rei
692 1136 899 1191 cujusque
925 1150 1059 1190 genus
1087 1146 1213 1191 atque
1242 1135 1418 1176 modum
1440 1135 1493 1176 li-

57 1201 227 1242 matius.
286 1203 436 1258 Itaque
455 1212 504 1244 ut
522 1212 585 1244 est
604 1204 781 1259 quisque
811 1203 863 1244 ad
893 1218 1060 1244 sensum
1079 1203 1248 1262 illorum
1281 1204 1490 1245 bonorum

57 1269 196 1309 minus
212 1268 355 1319 hebes,
375 1270 433 1310 ita
457 1271 552 1324 plus
580 1270 733 1311 horum
762 1270 966 1310 librorum
996 1270 1176 1311 lectione
1206 1276 1399 1312 teneatur
1418 1286 1491 1312 ne-

57 1349 172 1375 cesse
191 1343 268 1376 est.
326 1337 421 1377 Nos
440 1335 610 1390 quidem
640 1336 685 1376 hi
713 1336 807 1376 libri
828 1336 1002 1391 juvenili
1023 1345 1147 1377 aetate
1164 1338 1249 1392 legi
1268 1339 1412 1393 coepti,
1432 1339 1492 1381 ita

54 1401 278 1443 dulcedine
309 1403 517 1442 bonorum
550 1417 721 1442 suorum
754 1412 797 1442 et
826 1402 1139 1457 pulchritudine
1169 1419 1330 1459 cepere,
1361 1415 1410 1447 ut
1440 1407 1490 1449 iis

53 1468 243 1524 legendis
264 1469 404 1510 satiari
431 1483 646 1524 nunquam
677 1470 953 1524 potuerimus.
1012 1472 1111 1527 Quo
1141 1471 1339 1512 libentius
1360 1473 1488 1514 etiam

54 1535 107 1576 ad
125 1551 196 1577 eos
216 1535 504 1587 recensendos,
526 1545 568 1577 et
588 1545 679 1578 tum
701 1536 999 1589 emendandos,
1015 1546 1108 1578 tum
1129 1538 1397 1593 explicandos
1418 1555 1489 1581 ac-

54 1603 268 1644 cessimus.
327 1603 378 1643 In
398 1618 482 1658 quo
512 1617 588 1643 nos
619 1617 704 1644 non
731 1617 858 1658 parvo
885 1604 1175 1660 exemplorum
1196 1614 1287 1646 tum
1309 1607 1489 1662 scripto-

53 1684 162 1720 rum,
180 1678 273 1711 tum
304 1670 449 1712 formis
477 1671 690 1712 literarum
721 1685 1012 1727 expressorum
1046 1687 1222 1713 numero
1252 1673 1386 1729 adjuti
1416 1689 1487 1717 su-

53 1752 161 1779 mus.
240 1739 504 1795 Scriptorum
562 1739 731 1795 quidem
786 1740 978 1795 exempla
1026 1740 1299 1782 bibliothecae
1346 1743 1484 1794 variae,

52 1805 263 1857 Gothana,
285 1806 630 1862 Guelferbytana,
652 1807 882 1859 Curiensis,
903 1816 1097 1863 excerpta
1122 1818 1262 1849 autem
1287 1823 1309 1849 e
1329 1810 1484 1852 talibus

50 1874 250 1929 exemplis
268 1874 390 1914 amici
410 1874 548 1929 plures
578 1874 906 1930 suppeditavere,
926 1875 1138 1917 editorum
1167 1886 1310 1918 autem
1340 1892 1484 1919 exem-

49 1940 119 1995 pla
137 1941 385 1997 antiquiora,
406 1951 495 1982 turn
518 1942 670 1997 pariter
690 1943 957 1984 bibliothecae
987 1944 1184 1998 publicae,
1203 1953 1296 1986 tum
1325 1955 1483 1998 nostra,

48 2021 174 2063 quam
196 2023 221 2049 a
239 2009 385 2051 multis
411 2009 529 2050 annis
551 2009 923 2052 Ciceronianorum
954 2010 1159 2052 librorum
1189 2013 1390 2068 exemplis
1416 2014 1481 2055 in-

49 2083 208 2118 struere
234 2076 501 2118 studuimus:
532 2077 573 2117 in
602 2078 755 2133 quibus
784 2088 894 2129 sunt,
916 2094 1010 2134 quae
1042 2093 1066 2119 a
1097 2079 1382 2134 superioribus
1406 2096 1480 2123 eo-

48 2157 142 2185 rum
160 2144 405 2196 editoribus,
425 2145 487 2186 vel
507 2146 679 2186 omnino
700 2161 798 2197 non,
817 2147 879 2187 vel
902 2162 986 2187 non
1005 2147 1105 2188 satis
1133 2147 1356 2203 diligenter
1375 2163 1479 2191 con-

48 2210 158 2253 sulta
190 2213 433 2268 reperimus.
492 2213 644 2254 Libros
678 2213 756 2254 hos
786 2214 911 2268 primi
943 2229 1028 2255 uno
1055 2215 1268 2256 volumine
1297 2216 1478 2269 edidere,

48 2277 349 2321 Sweinhemius
379 2289 421 2321 et
453 2281 684 2332 Panartius,
705 2281 870 2322 omissis
901 2290 1042 2322 tamen
1073 2281 1126 2322 de
1156 2283 1315 2323 Officiis
1344 2284 1477 2337 libris,

46 2358 151 2400 quos
167 2355 264 2402 post
284 2362 320 2388 a.
347 2358 450 2404 1479
470 2349 523 2389 ab
542 2348 591 2389 iis
610 2348 744 2389 editos
775 2348 995 2400 habemus,
1016 2357 1058 2390 et
1077 2350 1326 2391 Tusculanis
1357 2366 1476 2407 quae-

46 2411 264 2465 stionibus‚
285 2430 380 2471 quae
407 2431 473 2457 an.
500 2426 602 2470 1471
625 2431 675 2456 ex
694 2430 841 2458 eorum
874 2416 1040 2457 officina
1069 2417 1276 2472 prodiere,
1296 2427 1393 2460 ante
1420 2420 1475 2461 ab

47 2478 192 2521 Ulrico
223 2482 348 2524 Gallo
382 2483 610 2525 Viennensi
640 2483 781 2534 editae,
814 2485 883 2525 Jo.
912 2484 965 2524 de
1001 2484 1180 2525 Colonia
1210 2494 1253 2526 et
1285 2487 1473 2529 Jensono

45 2544 215 2603 aliisque
235 2558 332 2605 post
351 2550 443 2602 hos,
462 2551 591 2592 etiam
610 2566 709 2592 cum
729 2552 852 2601 notis,
873 2551 926 2592 de
947 2551 1099 2607 quibus
1117 2552 1371 2595 editionibus
1392 2555 1426 2594 F
1427 2569 1473 2596 a-

43 2610 161 2655 bricii
188 2615 452 2658 Bibliotheca
479 2617 609 2659 latina
636 2601 894 2660 consulenda
917 2628 995 2669 est,
1016 2618 1125 2659 sicut
1143 2627 1186 2659 et
1205 2619 1256 2659 de
1276 2620 1472 2662 editioni·

43 2678 120 2727 bus
139 2681 291 2724 horum
310 2683 512 2726 librorum
535 2685 838 2736 universorum,
858 2693 902 2726 et
920 2685 961 2725 in
983 2685 1183 2741 exemplis
1204 2702 1298 2742 quae
1324 2698 1473 2743 postea

43 2746 97 2788 ad
115 2761 258 2792 eorum
288 2753 527 2808 exemplum
557 2753 670 2794 facta
700 2760 811 2804 sunt,
834 2768 916 2793 non
944 2753 1221 2809 reperiuntur.
1283 2756 1470 2797 Primum

41 2826 112 2855 eos
145 2816 316 2869 addidit,
350 2819 466 2876 quod
497 2820 642 2874 sciam,
672 2819 803 2861 editio
837 2820 1169 2864 Mediolanensis
1201 2822 1298 2864 loco
1328 2824 1467 2865 tertio.

99 2894 212 2926 VOL.
231 2898 302 2928 «lv.
325 2900 363 2927 Ρ.
386 2900 421 2929 1.
740 2899 768 2928 Β
