1778 3095
523 173 707 210 LIBER
736 170 1075 209 SECUNDUS.
1436 175 1511 208 435

133 288 231 330 porro
249 282 437 319 excellentes
455 282 527 318 viri
545 282 579 317 in
598 281 834 328 eoelumfama
860 293 901 316 ac
927 281 1104 316 voluntate
1121 277 1249 315 sublati
1268 288 1367 325 sunt,
1398 292 1438 315 ac
1456 277 1512 315 de-

139 334 236 384 nique
260 349 301 371 ex
322 336 458 385 physica
478 334 602 370 ratione
621 334 719 370 multi
732 334 914 380 flztxerunt
937 334 1056 382 po'e'tiei
1075 333 1151 369 Dii.
1171 346 1198 368 c.
1219 337 1281 368 23.
1301 345 1367 381 seq.
1427 331 1514 367 Con-

138 388 266 425 stitutis
293 388 421 424 duobus
449 387 511 430 his,
534 388 623 423 Deos
640 401 718 430 esse,
738 395 769 422 et
788 387 898 436 qualis
923 400 1030 421 eorum
1058 396 1184 421 natura
1201 385 1260 428 sit,
1280 385 1428 434 sequitur
1445 384 1513 420 dis-

135 442 266 490 putatio
299 441 338 477 de
363 440 577 491 providentia
608 441 767 476 Deorum.
823 441 879 476 Ea
907 439 1016 475 tribus
1043 439 1248 487 argumentis
1279 438 1452 479 asseritur,
1475 437 1513 473 dc

141 493 320 531 Stoicorum
342 506 436 530 more.
494 494 647 529 Primum
675 492 720 531 ab
747 506 781 529 eo
805 493 884 543 ipso,
903 491 991 542 quod
1010 492 1073 529 Dii
1100 500 1191 535 sunt,
1212 490 1369 535 ducitur3
1400 503 1429 527 c.
1451 496 1514 526 30.

140 552 203 584 31.
225 561 251 583 s.
271 547 412 583 alterum
439 546 526 590 inde,
546 546 634 596 quod
656 560 762 582 omnes
782 560 833 582 res
850 545 1008 592 subjectee
1026 554 1103 580 sunt
1122 554 1255 580 naturae
1286 544 1450 586 sentienti,
1470 542 1514 579 ab

137 613 239 649 eaque
254 600 363 635 omnia
376 599 595 648 pulcherrime
615 609 806 649 geruntiam
827 613 854 636 c.
875 605 937 636 32.
959 599 1090 634 tertium
1109 605 1219 634 autem
1239 610 1280 632 ἂν
1298 596 1516 633 admiratione

138 665 244 688 rerum
271 652 450 688 coelestium
478 663 508 690 et
537 654 739 689 terrestrium
769 653 957 695 arcessitur,
979 652 1036 701 qui
1056 651 1142 687 locus
1167 652 1285 699 copiose
1302 649 1514 686 admirabili-

137 715 248 755 terque
265 706 460 755 explicatur.
520 707 644 742 Tertiae
663 706 737 743 huic
755 706 987 756 disputationis
998 705 1094 755 parti
1113 703 1291 751 subjicitur
1310 703 1441 740 tandem
1460 715 1513 746 ea,

135 772 214 808 quae
231 759 331 794 istam
350 768 483 795 tantam
504 773 611 795 rerum
640 759 830 796 molitionem
860 759 995 795 hominis
1015 771 1118 795 causa
1123 758 1264 805 factam
1285 769 1364 800 esse,
1384 756 1515 793 demon-

134 819 238 855 strat,
258 811 486 862 hominumque
512 813 683 848 commodis
711 811 844 859 mirifice
872 825 938 849 csse
965 826 986 849 a
1007 813 1078 848 Deo
1097 811 1272 861 pro-visum
1290 826 1301 846 :
1330 809 1419 860 quod
1442 809 1515 860 qui·

135 863 208 900 dem
225 874 384 914 quattuor
403 865 665 914 argumentis-fit
680 883 689 912 3
704 862 707 867 ’
720 880 856 916 quorum
870 866 1017 916 primum
1035 864 1170 901 ductum
1185 874 1233 900 est
1254 877 1275 900 a
1294 863 1430 913 corporis
1451 861 1516 898 hu-

134 918 228 954 mani
253 927 449 960 structura3
480 919 623 955 alterum
657 933 679 955 a
703 919 955 969 perfectionibus
984 919 1088 955 animi
1100 934 1109 963 5
1140 918 1270 953 tertium
1292 916 1337 953 ab
1355 916 1514 960 utilitate,

134 984 237 1020 quam
257 985 307 1007 res
326 986 399 1007 cum
418 971 563 1008 coelestes
583 981 651 1008 tum
680 981 845 1008 terrestres
864 970 1046 1008 hominibus
1066 971 1226 1019 adferunt
1241 987 1251 1016 3
1282 979 1440 1020 quartum
1456 968 1514 1006 de-

135 1024 234 1075 nique
249 1025 295 1060 ab
312 1025 465 1074 exemplis
483 1024 648 1061 hominum
667 1025 862 1069 illustrium,
883 1024 1005 1076 quibus
1021 1024 1084 1061 Dii
1103 1024 1348 1060 consuluerunt.

84 1102 257 1181 QUAE
290 1149 386 1174 cum
421 1133 551 1176 Cotta
577 1134 762 1184 dixisset,
789 1144 879 1176 tum
908 1133 1111 1184 Velleius,
1133 1135 1214 1174 Nae
1245 1147 1343 1188 ego,
1364 1132 1514 1188 inquit,
1532 1132 1558 1178 l

84 1189 292 1241 incautus,
324 1191 395 1246 qui
427 1206 524 1232 eum
555 1191 829 1242 Academico,
859 1200 902 1232 et
931 1191 1080 1232 eodem
1111 1190 1293 1240 rhetore,
1314 1189 1517 1244 congredi
1534 1206 1550 1236 1

85 1255 262 1287 conatus
294 1262 402 1288 sum.
461 1248 574 1289 Nam
607 1263 742 1304 neque
774 1249 1018 1289 indisertum
1052 1247 1357 1300 Academicum
1388 1245 1518 1301 perti-

85 1303 301 1354 muissem,
323 1318 398 1344 nec
431 1304 518 1344 sine
548 1305 628 1344 ista
657 1305 925 1359 philosophia
952 1305 1182 1353 rhetorem,
1210 1302 1397 1358 quamvis
1428 1302 1518 1343 elo-

86 1368 302 1414 quentem.
333 1374 467 1416 neque
495 1361 606 1401 enim
627 1361 796 1401 flumine
822 1361 1053 1401 conturbor
1074 1360 1260 1400 inanium
1282 1360 1519 1408 verborum,

84 1429 162 1456 nec
195 1416 427 1457 subtilitate
463 1418 777 1468 sententiarum,
813 1418 843 1457 si
881 1417 1080 1458 orationis
1116 1425 1180 1457 est
1216 1416 1394 1456 siccitas.
1423 1414 1425 1416 ’
1452 1415 1520 1455 Tu

85 1480 244 1522 autem,
276 1472 419 1523 Cotta,
451 1482 628 1532 utraque
660 1488 703 1514 re
731 1473 908 1514 valuisti.
965 1482 1149 1514 1corona
1180 1472 1257 1513 tibi
1286 1482 1329 1512 et
1352 1471 1519 1527 judices

83 1527 321 1568 defuerunt.
381 1529 462 1569 Sed
491 1529 543 1570 ad
573 1531 652 1570 ista
681 1531 795 1570 alias.
829 1545 938 1570 nunc
973 1530 1200 1577 Lucilium,
1224 1529 1257 1569 si
1290 1529 1368 1583 ipsi
1399 1541 1518 1568 com-

83 1583 261 1624 modum
300 1595 377 1633 est,
417 1586 651 1627 audiamus.
709 1587 819 1626 Tum
866 1587 1038 1636 Balbus,
1088 1585 1281 1626 Eundem
1323 1584 1556 1639 equidem2

81 1639 253 1681 mallem
286 1641 429 1682 audire
460 1641 648 1693 Cottam,
670 1642 787 1692 dum,
808 1658 890 1698 qua
911 1644 1151 1698 eloquentia
1176 1641 1304 1681 falsos
1325 1641 1426 1681 deos
1449 1656 1522 1681 su-

83 1696 216 1748 stulit,
237 1697 385 1738 eadem
406 1713 523 1739 veros
543 1699 729 1739 inducat.
760 1709 823 1739 est
849 1699 957 1739 enim
981 1708 1023 1739 et
1042 1698 1299 1753 philosophi,
1316 1706 1358 1738 et
1378 1697 1519 1752 ponti-

83 1753 186 1804 ficis,
207 1761 250 1794 et
270 1753 427 1804 Cottae,
448 1755 501 1795 de
521 1754 598 1795 diis
620 1755 930 1796 immortalibus
959 1755 1113 1795 habere
1135 1769 1218 1794 non
1239 1762 1447 1794 errantem
1479 1764 1522 1794 et

83 1823 250 1864 vagam,
285 1819 332 1850 ut
363 1811 624 1862 Academici,
655 1812 741 1861 sed,
766 1820 845 1852 Qut
876 1812 1021 1861 nostri,
1054 1811 1245 1852 stabilem
1277 1820 1522 1864 certamque

84 1867 348 1907 sententiam.
371 1882 467 1907 nam
489 1876 636 1908 contra
657 1869 886 1923 Epicurum
910 1868 1008 1908 satis
1031 1881 1238 1923 superque
1259 1867 1420 1908 dictum
1443 1874 1522 1907 est.

84 1922 167 1962 Sed
199 1938 299 1963 aveo
329 1924 488 1973 audire,
509 1933 555 1964 tu
588 1925 692 1979 ipse,
717 1925 859 1974 Cotta,
892 1925 993 1980 quid
1025 1924 1192 1965 sentias.
1251 1924 1337 1973 An,
1371 1923 1520 1978 inquit,

83 1978 242 2019 oblitus
262 1993 321 2028 es,
342 1980 457 2034 quod
488 1980 607 2020 initio
638 1981 830 2031 dixerim,
852 1981 1015 2021 facilius
1046 1996 1128 2030 me,
1160 1980 1313 2020 talibus
1345 1993 1522 2035 praeser-

82 2034 161 2075 tim
183 2034 235 2075 de
257 2036 397 2086 rebus,
418 2036 516 2092 quid
541 2052 622 2077 non
644 2037 857 2087 sentirem,
879 2052 1006 2092 quam
1028 2037 1130 2092 quid
1161 2037 1376 2086 sentirem,
1399 2049 1522 2090 posse

85 2091 257 2132 dicere?
291 2092 420 2147 Quod
451 2093 484 2133 si
515 2092 709 2134 haberem
734 2093 908 2148 aliquid,
938 2094 1053 2148 quod
1083 2093 1286 2148 liqueret:
1318 2101 1458 2133 tamen
1480 2100 1556 2134 tes

82 2147 265 2188 vicissim
287 2149 432 2189 audire
452 2149 615 2199 vellem,
638 2165 734 2190 cum
758 2150 847 2204 ipse
868 2158 952 2190 tam
977 2150 1111 2191 multa
1138 2149 1353 2189 dixissem.
1410 2149 1522 2188 Tum

81 2203 256 2254 Balbus,
279 2205 435 2245 Geram
456 2205 533 2246 tibi
554 2221 732 2256 morem,
764 2215 805 2246 et
834 2221 958 2260 agam
991 2221 1116 2261 quam
1138 2205 1382 2246 brevissime
1403 2213 1523 2258 pote-

81 2274 147 2302 ro.
177 2261 330 2301 etenim
360 2262 561 2303 convictis
593 2263 763 2317 Epicuri
795 2262 1020 2312 erroribus,
1041 2263 1171 2316 longa
1191 2261 1242 2302 de
1263 2275 1357 2301 mea
1378 2260 1523 2314 dispu-

81 2315 243 2357 tatione
276 2317 464 2359 detracta
494 2319 630 2359 oratio
661 2328 738 2359 est.
799 2319 985 2359 Omnino
1017 2318 1207 2358 dividunt
1233 2317 1364 2358 nostri
1386 2325 1523 2357 totam
1536 2326 1568 2357 b.

82 2372 208 2414 istam
240 2372 291 2413 de
325 2374 403 2414 diis
434 2375 746 2415 immortalibus
778 2375 1054 2429 quaestionem
1078 2375 1120 2414 in
1144 2382 1279 2428 partes
1311 2382 1525 2428 quattuor.

85 2429 271 2470 Primum
293 2429 462 2481 docent,
484 2446 574 2472 esse
605 2431 735 2472 deos:
768 2431 932 2481 deinde,
961 2431 1103 2486 quales
1134 2431 1240 2470 sint:
1273 2439 1379 2480 tum,
1402 2443 1526 2469 mun-

86 2483 189 2525 dum
209 2486 262 2526 ab
284 2485 348 2527 his
369 2487 651 2528 administrari
669 2505 677 2528 :
710 2495 942 2543 postremo,
963 2487 1184 2528 consulere
1204 2501 1276 2527 eos
1300 2486 1424 2526 rebus
1445 2485 1527 2525 liu-

87 2540 238 2581 manis.
294 2544 388 2584 Nos
419 2553 561 2584 autem
592 2544 674 2585 hoc
707 2558 913 2594 sermone,
937 2559 1031 2599 quae
1054 2544 1194 2599 priora
1215 2543 1302 2583 duo
1323 2552 1436 2591 sunt,
1457 2557 1527 2581 su-

87 2611 280 2638 mamus:
311 2600 498 2650 tertium,
519 2610 561 2641 et
578 2609 791 2656 quartum,
816 2601 913 2655 quia
933 2601 1095 2656 majora
1116 2609 1228 2649 sunt,
1248 2609 1354 2653 puto
1375 2613 1465 2639 esse
1487 2598 1528 2637 in

86 2652 202 2694 aliud
230 2662 398 2709 tempus
428 2656 670 2698 differenda.
731 2658 913 2698 Minime
946 2671 1057 2707 vero,
1079 2656 1217 2712 inquit
1240 2655 1398 2696 Cotta:
1432 2669 1528 2694 nani

132 2773 144 2796 1
169 2777 268 2796 corona
295 2767 349 2796 tibi
372 2774 399 2797 et
412 2768 527 2807 judices
552 2770 625 2811 defi]
651 2772 783 2801 Audito-
873 2779 889 2801 2
918 2778 950 2800 ut
974 2769 1077 2811 nostri]
1107 2771 1216 2806 Stoici,
1245 2770 1300 2808 qui
1329 2767 1532 2797 existentiam

87 2817 160 2838 rum
175 2811 277 2849 copia,
289 2810 391 2849 qualis
408 2812 610 2843 circumstare
622 2814 783 2852 judicium
828 2814 974 2844 Deorum
990 2823 1006 2843 a
1024 2824 1055 2843 se
1072 2814 1164 2843 certis
1181 2812 1377 2851 argumentis
1400 2812 1533 2839 demon-

89 2851 122 2880 in
138 2851 203 2882 foro
218 2853 506 2892 solebat—defuere,
523 2864 587 2893 quo
608 2857 716 2887 minus
731 2867 783 2888 ve·
828 2858 917 2886 strari
943 2857 1102 2893 dicebant,
1128 2856 1219 2886 nulla
1243 2855 1438 2884 dubitatione
1465 2850 1533 2881 reli=

86 2893 270 2927 hementius
286 2902 316 2927 et
330 2897 488 2936 copiosius
503 2897 631 2930 dicerem
829 2906 893 2928 cta.

824 2940 938 2981 Ff2
