1778 3095
114 908 143 937 p.
160 905 230 929 140.

241 138 317 175 604
797 137 873 175 DE
919 138 1082 178 FATO

241 259 403 295 causas,
438 252 482 286 et
511 244 611 301 quid
642 244 683 285 in
714 259 924 302 quamque
954 247 1200 288 sententiam
1231 247 1314 288 dici
1342 247 1489 303 possit,
1518 260 1668 302 expro-

240 315 384 341 mere·
373 332 385 352 ‚
417 301 530 343 nulla
558 300 746 342 adhibita
774 316 850 343 sua
882 303 1144 354 auctoritate,
1168 303 1379 358 judicium
1409 304 1669 345 audientium

241 357 473 413 relinquere
495 359 703 412 integrum
727 372 775 398 ac
801 359 1007 401 liberum:
1039 360 1273 401 tenebimus
1306 359 1414 401 hanc
1441 369 1668 401 consuetu-

242 413 382 454 dinem
414 429 439 454 a
469 415 640 454 Socrate
670 413 891 456 traditam:
921 431 1053 471 eaque
1083 418 1190 458 inter
1220 431 1309 466 nos,
1332 416 1365 457 si
1394 416 1485 467 tibi,
1507 416 1669 458 Quinte

242 469 382 521 frater,
404 470 599 525 placebit,
620 485 745 526 quam
778 471 1004 527 saepissime
1030 482 1210 513 utemur.
1268 473 1382 514 Mihi
1402 487 1513 523 vero,
1532 472 1670 528 inquit

242 525 327 576 ille,
361 526 465 567 nihil
497 535 638 582 potest
673 542 763 568 esse
788 528 1034 584 jucundius.
1094 530 1205 571 Quae
1240 543 1337 571 cum
1371 539 1511 571 essent
1541 529 1668 579 dicta,

242 582 508 624 surreximus.

510 869 588 921 M.
627 870 909 922 TULLII
950 870 1397 923 CICERONIS

937 1013 989 1037 DE

758 1110 1128 1180 FATO

609 1252 809 1293 LIBER
847 1251 1298 1294 SINGULARIS.

750 1535 950 1572 ARGUM
957 1535 1026 1572 EN
1029 1535 1164 1572 TUM.

238 1627 336 1664 Duce
359 1633 456 1661 erant
480 1621 574 1674 apud
592 1629 718 1659 veteres
732 1620 936 1671 philosophos
955 1620 1072 1669 affines
1091 1621 1224 1666 scholae,
1245 1621 1286 1658 de
1301 1620 1422 1672 quibus
1440 1623 1573 1672 magnis
1590 1623 1668 1660 ani-

291 1691 416 1714 morum
441 1675 578 1712 motibus
596 1674 852 1712 contendebatur
863 1691 872 1718 3
903 1675 1013 1710 altera
1032 1675 1102 1724 περὶ
1124 1678 1316 1726 εἱμαρμένης
1335 1676 1358 1712 i.
1379 1688 1406 1712 e.
1425 1675 1465 1712 de
1484 1676 1566 1712 Fato
1582 1692 1591 1721 ς
1613 1677 1668 1713 al-

292 1741 364 1768 tera
392 1730 462 1780 περὶ
492 1730 646 1772 δυνατῶν,
665 1728 704 1764 de
731 1742 776 1771 eo,
798 1727 887 1778 quod
898 1727 981 1773 fieri
1004 1736 1121 1776 potest.
1179 1729 1277 1764 Prior
1301 1727 1349 1765 ad
1375 1742 1476 1765 mores
1503 1729 1667 1777 resereba-

293 1794 350 1820 tur
369 1783 517 1834 quaestio,
539 1781 639 1832 quod,
660 1783 687 1818 si
701 1782 824 1829 fatum
845 1791 903 1821 est,
925 1780 1070 1830 nihilque
1088 1782 1122 1817 in
1140 1788 1303 1831 potestate
1323 1792 1449 1825 nostra,
1470 1795 1527 1818 nec
1546 1782 1670 1819 lauda-

293 1839 394 1874 tiones
402 1837 511 1884 justce
529 1846 619 1876 sunt,
634 1848 691 1871 nec
708 1835 979 1884 vituperationes,
995 1846 1051 1870 nec
1070 1834 1215 1875 honores,
1234 1847 1290 1870 nec
1306 1835 1487 1886 supplicia:
1510 1836 1673 1885 posterior

292 1900 404 1928 autem
433 1889 482 1926 ad
506 1889 730 1926 Dialecticam
746 1888 909 1938 pertinere
922 1886 1122 1938 putabatur.
1146 1887 1237 1934 (vid.
1256 1901 1285 1925 c.
1310 1895 1342 1925 1.
1368 1890 1445 1935 17.)
1475 1890 1578 1926 Fuere
1604 1903 1671 1926 au-

292 1953 356 1981 tem
383 1943 462 1980 duae
487 1951 638 1979 veterum
667 1940 932 1992 Philosophorum
959 1941 1140 1977 sentcntiae.
1169 1955 1237 1978 una
1261 1954 1383 1985 eorum,
1411 1943 1469 1993 qui
1495 1951 1669 1981 censerent.

290 1997 400 2034 omnia
419 1997 468 2033 ita
480 1994 668 2044 satofieri‚
699 2004 736 2031 ut
755 1995 793 2031 id
803 1995 925 2043 fatum
943 1995 1015 2031 vim
1040 1995 1239 2031 necessitatis
1264 1994 1401 2043 afferret
1412 2012 1423 2040 ς
1453 1995 1488 2032 in
1505 2010 1573 2047 qua
1592 2009 1666 2033 sen·

292 2051 398 2087 tentia
434 2050 658 2091 Democritus,
695 2049 901 2090 Heraclitus,
936 2047 1156 2098 Empedocles,
1188 2048 1381 2085 Aristoteles
1399 2049 1531 2097 fuere:
1560 2049 1671 2088 altera

292 2117 415 2146 corum,
434 2102 554 2154 quibus
579 2102 648 2138 visi
671 2110 747 2138 sunt
768 2101 837 2137 sine
855 2101 921 2137 ullo
931 2102 1017 2150 fato
1041 2114 1109 2137 esse
1127 2104 1310 2138 animorum
1337 2111 1454 2140 motus.
1513 2102 1672 2154 Chrysip-

288 2168 355 2208 pus
372 2165 450 2193 aut
446 2171 484 2192 m
506 2155 648 2197 Stoicus,
667 2164 839 2205 tamquam
859 2153 984 2191 arbiter
1010 2153 1201 2191 honorarius
1228 2155 1313 2192 inter
1333 2155 1456 2193 Stoicos
1482 2165 1513 2193 et
1542 2156 1669 2207 Epicu·

294 2224 362 2248 reos
382 2209 522 2247 medium
536 2210 648 2257 ferire
663 2209 785 2253 voluit,
806 2209 965 2258 etfatum
984 2221 1025 2244 ex
1045 2207 1159 2259 aliqua
1180 2217 1294 2258 parte,
1312 2208 1345 2246 h.
1365 2222 1392 2246 e.
1421 2210 1472 2246 ita
1492 2209 1668 2261 probavit,

294 2274 332 2301 ut
360 2271 465 2300 motus
493 2264 678 2300 animorum
707 2263 895 2299 necessitate
924 2261 1078 2298 liberaret
1108 2275 1136 2298 c.
1169 2269 1228 2308 17.
1282 2261 1372 2310 Jam
1393 2262 1481 2313 quod
1502 2262 1555 2300 hic
1580 2263 1668 2300 locus

294 2318 482 2365 conjunctus
502 2325 549 2353 est
568 2329 642 2353 cum
661 2329 708 2359 co,
729 2316 786 2365 qui
803 2324 851 2352 est
868 2314 908 2352 de
929 2324 1055 2352 natura
1083 2315 1242 2360 Deorum,
1261 2325 1293 2352 et
1309 2317 1427 2360 altero,
1454 2316 1494 2353 de
1513 2316 1667 2353 Divina·

295 2371 401 2412 tione3
430 2383 502 2407 eum
529 2382 655 2420 quoque
671 2376 881 2418 pertractare
905 2381 945 2404 ac
969 2368 1140 2405 illustrare
1168 2369 1286 2406 litteris
1313 2369 1430 2406 latinis
1456 2369 1605 2419 suscepit.
1624 2382 1666 2406 v.

295 2424 336 2461 de
362 2424 489 2462 Divin.
516 2424 546 2459 I.
578 2431 610 2460 1.
668 2423 766 2459 Duos
789 2431 900 2459 autem
929 2421 979 2458 ad
1002 2421 1172 2459 minimum
1205 2422 1304 2459 libros
1333 2422 1374 2458 de
1400 2421 1464 2458 hac
1489 2422 1671 2472 quaestione

294 2477 459 2527 scripsisse
481 2475 619 2514 videtur
645 2475 758 2519 doctis,
777 2489 915 2526 quorum
939 2474 1076 2512 alterius
1095 2485 1180 2525 pars
1197 2475 1248 2511 ad
1268 2489 1335 2517 nos,
1353 2483 1482 2525 praeter
1498 2474 1669 2512 exordium

291 2530 405 2580 primi,
418 2540 505 2579 petz·
508 2544 559 2566 en
552 2530 621 2566 rit.
678 2529 733 2565 Ea
749 2539 908 2566 versatur
925 2529 960 2565 in
978 2527 1168 2576 refutandis
1185 2527 1384 2578 quibusdam
1403 2528 1554 2579 captiosis
1576 2527 1669 2566 Stoi-

294 2596 404 2620 corum
431 2584 651 2632 argumentis,
679 2582 799 2632 quibus
826 2581 876 2618 ad
908 2579 1168 2626 confirmandum
1194 2581 1316 2641 fatum
1352 2580 1561 2627 utebantur3
1590 2595 1669 2632 quae

294 2649 366 2673 cum
395 2635 429 2671 in
452 2649 492 2674 ea
512 2646 611 2686 parte
627 2635 794 2695 explicata
812 2636 879 2671 sint
896 2647 919 2670 a
943 2633 1104 2677 Cicerone,
1123 2646 1202 2683 quae
1218 2635 1354 2678 interiit,
1371 2647 1410 2671 ea
1427 2648 1469 2671 ex
1491 2634 1669 2673 Plutarchi

294 2689 402 2726 libello
429 2687 470 2726 de
495 2690 592 2733 Fato,
613 2690 672 2738 qui
696 2688 763 2738 ipse
788 2700 923 2725 mancus
949 2686 1000 2723 ad
1022 2700 1078 2723 nos
1098 2688 1268 2737 pervenit,
1296 2697 1327 2725 et
1353 2689 1388 2725 in
1415 2687 1530 2726 horum
1557 2701 1665 2737 argu-

294 2752 473 2780 mentorum
500 2742 794 2779 commemoratione
819 2740 950 2784 desinit,
978 2740 1153 2789 afferemus
1176 2741 1237 2790 (T.
1266 2742 1316 2778 II.
1331 2741 1372 2789 f.
1387 2746 1477 2788 574.
1505 2741 1556 2780 ed.
1590 2742 1665 2778 W-

292 2795 392 2843 thel.)
449 2796 556 2834 Κατὰ
583 2800 644 2833 τῶν
665 2796 817 2837 ἐναντιον,
836 2796 974 2843 μάλιῖα
988 2812 1045 2843 μεν
1064 2810 1120 2831 και
1143 2799 1270 2846 πςῶτον
1290 2793 1374 2833 εἶναι
1394 2794 1523 2840 δόξειεν,
1543 2812 1581 2833 το
1597 2813 1665 2844 μη-

295 2848 371 2886 δέν
353 2852 506 2893 amnicos
517 2847 709 2898 γίγνεσθαι,
722 2848 817 2887 ἀλλὰ
831 2848 926 2887 κατὰ
940 2851 1168 2899 προηγεμίνας
1183 2851 1309 2892 αἰτίας·
1327 2847 1472 2901 &ungor
1489 2848 1533 2894 St,
1547 2866 1584 2888 το
1598 2849 1664 2899 φύ-
