1778 3095
239 73 317 112 ³63
595 72 852 112 TUSCUL.
881 71 1327 112 QUAESTIONUM

236 181 281 223 in
312 195 413 223 casu
431 189 557 238 atque
575 181 772 224 fortuna.
801 197 939 224 nonne
966 191 1291 225 consentaneum
1317 190 1395 233 est,
1414 181 1510 238 plus
1529 183 1665 226 fortu-

237 252 350 290 nam,
370 254 463 295 quae
485 239 656 281 domina
675 254 813 280 rerum
834 240 888 281 sit
907 248 950 281 et
969 248 1200 281 externam
1192 255 1233 281 n
1257 248 1299 280 et
1319 238 1372 280 ad
1393 253 1544 295 corpus
1568 253 1666 294 per·

173 297 227 336 26
239 294 476 348 tinendum,
498 311 625 361 quam
645 296 882 348 consilium,
902 296 1063 338 xalere
1055 298 1068 328 ἓ
1102 297 1172 338 An
1202 296 1412 337 malumus
1435 296 1664 351 Epicurum

234 350 420 394 imitari?
453 353 526 409 qui
554 353 690 394 multa
715 353 912 408 praeclare
941 367 1054 409 saepe
1083 353 1209 394 dicit:
1243 362 1282 385 ‘³0
1299 367 1426 408 quam
1452 353 1563 393 enim
1583 353 1664 395 sibi

233 418 474 452 constanter
502 409 877 464 convenienterque
908 409 1035 459 dicat,
1057 424 1141 450 non
1171 409 1348 451 laborat.
1408 408 1573 451 Laudat
1598 419 1662 451 te-

232 479 358 507 nuem
381 466 551 507 victum.
612 466 857 520 Philosophi
885 465 926 505 id
958 465 1156 529 quidem:
1188 466 1262 508 sed
1291 466 1325 507 si
1355 466 1564 517 Socrates,
1589 474 1665 509 aut

231 522 507 564 Antisthenes
537 522 709 572 diceret,
730 537 811 562 non
842 522 891 571 is,
914 523 985 577 qui
1018 521 1141 562 finem
1170 523 1380 564 bonorum
1401 523 1661 588 xoluptatem

230 592 321 619 esse
352 579 514 620 dixerit.
572 580 730 634 Negat,
763 592 1018 633 quemquam
1044 577 1233 641 jucunde
1263 593 1386 634 posse
1415 579 1561 630 vivere,
1582 578 1661 620 nisi

227 633 340 676 idem
362 635 549 684 honeste,
570 635 791 698 sapienter,
804 634 1004 690 justeque
1034 635 1153 675 vivat.
1212 636 1332 677 Nihil
1355 636 1535 691 gravius,
1557 635 1662 677 nihil

226 691 497 756 philosophia
518 692 714 747 dignius3
746 691 823 731 nisi
854 690 966 732 idem
997 690 1078 731 hoc
1110 691 1262 745 ipsum,
1284 691 1474 743 honeste,
1497 693 1660 748 sapien-

227 756 304 799 ter,
318 749 453 812 juste,
468 748 521 789 ad
549 747 814 812 voluptatem
838 742 1022 788 referret.
1082 746 1199 789 Quid
1225 748 1390 799 melius,
1409 763 1551 804 quam,
1572 749 1660 790 for-

225 811 374 846 tunam
392 804 588 860 exiguam
619 803 864 845 intervenire
885 803 1087 868 sapienti
1079 804 1092 835 >
1125 803 1199 844 sed
1222 803 1335 845 hoc'
1327 819 1414 845 1sne
1433 804 1549 856 dicit,
1572 805 1660 861 qui,

226 875 324 902 cum
345 860 537 902 dolorem
569 875 653 902 non
685 861 815 902 modo
844 861 1076 902 maximum
1107 860 1282 926 malum,
1303 860 1377 902 sed
1406 860 1545 902 solum
1565 876 1657 903 ma-

225 915 314 958 lum
354 918 482 958 etiam
517 917 681 968 dixerit,
715 926 807 959 toto
842 932 1019 973 corpore
1055 917 1234 973 opprimi
1274 917 1405 973 possit
1440 916 1658 960 doloribus
1719 970 1723 974 ⁵

225 973 440 1015 acerrimis
479 983 585 1024 tum,
620 988 716 1015 cum
759 975 939 1015 maxime
976 985 1123 1016 contra
1162 974 1376 1015 fortunam
1413 973 1656 1030 glorietur?

162 1038 212 1080 27
225 1030 340 1095 quod
376 1030 487 1072 idem
521 1030 766 1072 melioribus
794 1032 921 1072 etiam
951 1031 1086 1072 verbis
1115 1031 1405 1081 Metrodorus,
1441 1031 1657 1086 Occupavi,

223 1086 374 1143 inquit,
392 1095 445 1138 te,
452 1087 648 1143 fortuna,
663 1095 787 1143 atque
806 1088 915 1142 cepi:
939 1102 1151 1143 omnesque
1168 1087 1304 1128 aditus
1323 1094 1409 1128 tuos
1430 1087 1655 1140 interclusi,

222 1150 269 1184 ut
290 1144 345 1184 ad
368 1159 432 1185 me
460 1144 670 1200 αᾱερὶιανε
700 1159 779 1185 non
804 1155 953 1199 posses.
1015 1143 1229 1193 Praeclare,
1262 1144 1297 1184 si
1327 1143 1473 1185 Aristo
1504 1143 1655 1196 Chius,

220 1210 295 1242 aut
315 1201 350 1241 si
372 1201 541 1242 Stoicus
563 1203 681 1242 Zeno
702 1200 876 1252 diceret,
895 1199 983 1255 qui,
1005 1200 1083 1241 nisi
1108 1200 1224 1255 quod
1253 1209 1377 1255 turpe
1405 1209 1530 1252 esset,
1550 1201 1655 1242 nihil

218 1256 380 1298 malum
414 1257 602 1299 duceret.
660 1257 728 1298 Tu
756 1271 854 1299 vero
884 1256 1149 1308 Metrodore‚
1172 1257 1244 1312 qui
1274 1271 1401 1298 omne
1420 1256 1581 1298 bonum
1612 1257 1656 1299 in

217 1313 445 1355 visceribus
483 1313 764 1378 medullisque
803 1313 1054 1364 condideris,
1094 1323 1137 1355 et
1178 1313 1400 1366 definieris,
1439 1328 1655 1356 summum

217 1369 380 1411 bonum
403 1370 523 1412 firma
541 1371 728 1426 corporis
755 1371 990 1422 affectione,
1012 1370 1311 1426 explorataque
1332 1384 1406 1426 spe
1433 1370 1655 1423 contineri,

219 1426 402 1468 fortunae
435 1426 572 1469 aditus
611 1427 908 1469 interclusisti?
953 1442 1039 1482 quo
1070 1427 1229 1468 modo?
1274 1427 1356 1468 isto
1391 1426 1501 1468 enim
1539 1427 1656 1469 bono

140 1488 208 1537 10
213 1498 306 1540 Jam
328 1484 551 1540 exspoliari
579 1493 715 1541 potes.
772 1484 908 1549 Atqui
935 1483 1000 1525 his
1024 1484 1247 1538 capiuntur
1266 1483 1470 1540 imperiti:
1492 1493 1535 1526 et
1553 1498 1652 1540 pro-

218 1548 313 1596 pter
333 1541 584 1606 hujusmodi
609 1541 850 1591 sententias,
870 1541 1050 1583 istorum
1080 1540 1301 1582 hominum
1321 1550 1385 1581 est
1405 1539 1652 1582 multitudo.

152 1605 203 1638 28
218 1597 359 1639 Acute
379 1607 523 1639 autem
544 1597 798 1653 disputantis
828 1597 935 1639 illud
963 1607 1041 1648 est,
1064 1612 1162 1648 non,
1184 1596 1287 1652 quid
1314 1596 1495 1662 quisque
1514 1596 1652 1649 dicat,

85 1662 117 1692 Ρ·
131 1659 204 1685 2³4·
216 1654 292 1695 sed
308 1653 413 1719 quid
434 1654 586 1719 cuique
606 1653 832 1696 dicendum
863 1655 930 1704 sit,
951 1653 1103 1695 videre.
1162 1653 1324 1694 Velut'
1313 1668 1355 1694 1n
1376 1667 1425 1694 ea
1447 1654 1536 1709 ipsa
1554 1667 1651 1695 sen·
1692 1704 1695 1707 Ι

173 1705 361 1762 “’tentia,
380 1725 509 1766 quam
539 1711 580 1753 in
612 1711 690 1752 hac
719 1710 1002 1766 disputatione
1032 1710 1308 1766 suscepimus,
1336 1724 1483 1751 omnes
1513 1711 1651 1753 bonos

212 1781 378 1823 semper
399 1769 545 1809 beatos
566 1767 760 1809 volumus
786 1782 895 1809 esse:
924 1766 1027 1832 quid
1047 1766 1185 1808 dicam
1205 1767 1356 1817 bonos,
1377 1766 1647 1822 perspicuum

210 1832 289 1865 est.
320 1824 520 1866 omnibus
540 1824 653 1866 enim
681 1824 901 1865 virtutibus
930 1824 1157 1865 instructos
1186 1833 1230 1864 et
1256 1831 1440 1874 ornatos,
1461 1837 1560 1864 cum
1582 1837 1650 1864 sa-

208 1880 387 1936 pientes,
417 1889 508 1922 tum
541 1880 651 1922 viros
680 1880 817 1922 bonos
848 1880 1041 1922 dicimus.
1099 1880 1348 1930 Videamus,
1379 1879 1450 1936 qui
1482 1879 1653 1923 dicendi

210 1937 294 1978 sint
314 1937 441 1979 beati.
469 1937 669 1994 equidem
691 1937 770 1979 hos
791 1937 1000 1987 existimo,
1021 1935 1095 1993 qui
1115 1937 1198 1977 sint
1217 1936 1259 1977 in
1278 1936 1415 1988 bonis,
1435 1936 1552 1978 nullo
1573 1936 1647 1978 ad-

145 1992 358 2050 29juncto
378 1993 507 2035 malo.
564 1995 719 2059 Neque
737 1994 825 2036 ulla
844 1994 925 2035 alia
944 1994 1044 2035 huic
1064 1994 1203 2043 verbo,
1224 2008 1321 2034 cum
1349 1993 1519 2034 beatum
1541 1992 1648 2035 dici-

208 2065 319 2102 mus,
340 2051 534 2107 subjecta
553 2050 671 2092 notio
696 2060 773 2101 est,
796 2051 888 2100 nisi,
910 2050 1079 2091 secretis
1109 2050 1230 2091 malis
1261 2050 1473 2101 omnibus,
1494 2064 1648 2091 cumu-

205 2106 293 2148 lata
311 2107 524 2149 bonorum
545 2107 797 2163 complexio.
857 2109 982 2149 Hanc
1012 2107 1176 2162 assequi
1195 2106 1339 2157 virtus,
1357 2106 1390 2146 si
1412 2105 1643 2170 quidquam

205 2172 358 2221 praeter
388 2165 524 2220 ipsam
557 2164 657 2205 boni
687 2173 764 2215 est,
786 2178 871 2205 non
893 2172 1048 2219 potest.
1076 2164 1209 2205 aderit
1228 2163 1341 2203 enim
1362 2163 1586 2212 malorum,
1609 2162 1643 2203 si

205 2221 319 2262 mala
349 2220 422 2262 illa
456 2220 667 2272 ducimus,
703 2222 829 2262 turba
866 2220 1077 2277 quaedam,
1110 2227 1349 2275 paupertas,
1385 2218 1644 2283 ignobilitas,

204 2276 438 2329 humilitas,
460 2277 661 2328 solitudo,
681 2277 851 2319 amissio
875 2292 1065 2328 suorum,
1084 2290 1231 2332 graves
1253 2275 1420 2316 dolores
1438 2275 1643 2330 corporis,

203 2334 367 2389 perdita
384 2334 587 2385 valitudo,
608 2334 818 2383 debilitas,
839 2334 1021 2385 caecitas,
1041 2332 1231 2374 interitus
1251 2332 1412 2388 patriae,
1427 2332 1642 2396 exsilium,

205 2390 379 2431 servitus
413 2391 610 2447 denique.
642 2392 739 2432 min
772 2391 837 2431 his
872 2399 938 2432 tot
973 2401 1016 2431 et
1049 2390 1177 2431 tantis
1212 2398 1340 2445 atque
1382 2388 1510 2429 etiam
1546 2403 1643 2445 quae

202 2445 324 2502 plura
354 2457 534 2502 possunt
562 2447 766 2498 accidere,
788 2456 931 2503 potest
947 2461 1038 2488 esse
1060 2445 1240 2502 sapiens.
1268 2459 1367 2486 narn
1401 2444 1492 2486 haec
1520 2459 1643 2487 casus

244 2563 286 2589 30
299 2568 386 2599 quam
402 2556 476 2587 enim
492 2556 548 2586 sibi
558 2563 717 2586 constanter
733 2567 757 2586 c.
768 2555 796 2585 d.
798 2554 810 2594 ]
829 2556 904 2585 enim
940 2555 1031 2595 plura
1041 2561 1159 2595 possunt
1174 2554 1314 2594 accidere]
1339 2556 1390 2585 Sic
1407 2557 1470 2587 Ms.
1488 2556 1595 2587 Guelf.
1611 2562 1644 2588 et

201 2599 255 2634 hic
279 2610 344 2631 non
371 2607 494 2640 aptum.
540 2600 708 2639 Corrigunt
730 2606 827 2628 autem
853 2598 902 2628 vel
944 2598 1010 2636 alii,
1037 2599 1092 2628 etsi
1116 2599 1206 2638 signa
1233 2601 1454 2638 parentheseos
1477 2609 1542 2630 non
1564 2606 1642 2631 sunt

199 2643 328 2675 delent·
354 2644 416 2674 hoc
441 2643 541 2692 magi-s
567 2642 680 2682 placet.
707 2642 820 2671 deinde
848 2641 903 2670 sibi
945 2651 1100 2683 expressa,
1128 2641 1257 2679 melias,
1283 2651 1383 2681 quarn
1408 2642 1527 2682 vulgati
1551 2649 1642 2685 atque

201 2696 267 2718 non
283 2687 397 2727 placet.
413 2696 490 2718 nam
506 2687 551 2717 sic
568 2695 645 2716 cum
658 2684 804 2715 adverbio
820 2694 896 2715 nus
940 2685 1027 2714 etiam
1058 2695 1124 2726 quae
1153 2684 1191 2723 pl
1190 2696 1243 2714 ura
1267 2691 1386 2724 possunt
1413 2685 1553 2723 accidere,
1584 2692 1641 2716 aut

223 2730 286 2761 iam
311 2731 419 2770 reperi.
442 2728 621 2769 malimque
646 2728 676 2759 id
697 2737 825 2768 quoque
844 2729 897 2757 de·
939 2737 1037 2767 quam
1054 2737 1213 2758 correxere
1230 2729 1285 2758 viri
1301 2728 1399 2766 docti,
1414 2728 1456 2757 ad
1467 2739 1534 2770 quae
1549 2729 1640 2759 etiam

214 2775 269 2804 eri.
937 2777 968 2810 p.
979 2777 1015 2811 p.
1032 2770 1177 2800 accedere.

242 2822 280 2847 31
308 2815 339 2845 in
363 2815 408 2846 his
436 2815 479 2845 to?
503 2825 538 2845 ac
561 2813 651 2845 rantis
677 2811 783 2857 [atque
807 2812 896 2842 etiam
