1778 3095
249 157 329 192 544
699 149 778 187 DE
815 149 1238 186 DIVINATIONE

246 267 399 316 praeter
436 258 760 314 Xenophanem,
804 258 1043 299 neminem:
1093 255 1263 311 adjunxi
1298 261 1477 295 veterem
1511 253 1679 295 Acade-

246 317 392 368 miam,
423 316 733 371 Peripateticos,
764 315 942 355 Stoicos.
974 329 1081 355 unus
1111 311 1303 353 dissentit
1334 310 1553 365 Epicurus,
1577 310 1679 365 quid

246 388 343 415 vero
364 373 446 414 hoc
466 372 642 427 turpius,
664 385 790 426 quam
819 371 934 426 quod
964 370 1075 411 idem
1108 369 1263 410 nullam
1295 366 1422 407 sensit
1450 367 1680 421 gratuitam

164 422 336 471 40esse
372 430 600 470 virtutem?
651 427 760 470 Quis
795 436 858 468 est
892 436 1049 476 autem,
1089 440 1212 481 quem
1263 439 1347 464 non
1390 430 1554 463 moveat
1591 422 1679 462 cla-

245 486 417 527 rissimis
445 485 727 526 monumentis
755 492 908 524 testata
935 482 1264 537 consignataque
1289 479 1541 534 antiquitas?
1577 477 1679 518 Cal-

243 543 439 583 chantem
470 555 673 596 augurem
703 540 849 581 scribit
882 541 1112 588 Homerus,
1142 539 1269 592 longe
1299 536 1525 591 optimum,
1556 549 1676 575 eum-

244 613 325 653 que
346 606 384 630 22
399 597 549 639 ducem
570 597 712 638 classis
733 597 874 636 fuisse.
896 606 939 635 at
954 594 1074 634 illum
1094 594 1375 648 auspiciorum
1398 591 1523 632 credo
1544 590 1679 632 scien-

181 665 229 700 88
244 655 315 706 tia,
345 668 429 694 non
458 654 662 695 locorum.
721 650 1034 706 Amphilochus
1055 660 1097 689 et
1121 651 1317 704 Mopsus,
1336 648 1589 704 Argivorum
1612 661 1678 688 re-

240 725 315 766 ges
336 711 518 761 fuerunt,
540 710 613 750 sed
642 709 769 749 iidem
796 721 978 762 augures
996 723 1005 746 ι
1037 705 1148 760 iique
1168 706 1292 745 urbes
1312 706 1353 745 in
1374 720 1447 746 ora
1468 703 1679 744 maritima

243 767 403 809 Ciliciae
435 768 604 808 Graecas
635 763 927 805 condiderunt.
986 762 1131 817 Atque
1170 761 1297 801 etiam
1333 770 1428 802 ante
1458 761 1536 801 hos
1566 760 1677 800 Am·

238 824 435 879 phiaraus
459 831 501 863 et
530 822 726 871 Tiresias,
747 834 832 860 non
862 819 1057 869 humiles,
1078 827 1122 859 et
1151 816 1334 868 obscuri,
1364 831 1498 873 neque
1528 830 1676 858 eorum

239 880 410 930 similes,
431 887 478 919 ut
497 877 609 933 apud
629 877 814 918 Ennium
833 886 913 926 est,

352 959 419 1009 Qui
436 959 488 996 sui
509 967 657 1009 quaestus
672 970 773 995 causa
779 955 889 1003 fictas
907 955 1068 993 suscitant
1086 955 1263 992 sententias
1276 970 1289 991 .-

239 1042 315 1084 sed
348 1041 464 1092 clari,
496 1050 539 1082 et
572 1048 818 1096 praestantes
842 1039 931 1089 viri,
963 1038 1033 1093 qui
1061 1037 1203 1078 avibus
1234 1047 1278 1078 et
1312 1036 1441 1092 signis
1472 1036 1677 1080 admoniti

238 1099 382 1140 futura
402 1098 612 1139 dicebant.
670 1098 868 1139 Quorum
888 1095 940 1135 de
960 1094 1091 1135 altero
1108 1093 1233 1134 etiam
1255 1094 1366 1148 apud
1396 1094 1549 1134 inferos
1581 1095 1677 1134 Ho-

239 1170 381 1196 merus
417 1154 490 1205 ait,
523 1154 662 1195 solum
697 1167 853 1208 sapere,
886 1161 1047 1192 ceteros
1079 1150 1325 1191 umbrarum
1357 1150 1497 1205 vagari
1531 1149 1676 1191 modo.

239 1211 549 1267 Amphiaraum
589 1219 730 1250 autem
771 1209 829 1249 sic
867 1207 1088 1249 honoravit
1125 1207 1238 1247 fama
1266 1206 1457 1256 Graeciae,
1488 1206 1590 1247 deus
1628 1215 1677 1247 ut

242 1267 479 1317 haberetur,
500 1275 626 1321 atque
655 1274 704 1307 ut
731 1265 782 1306 ab
811 1264 901 1320 ejus
926 1264 1033 1314 solo,
1063 1263 1105 1303 in
1135 1277 1219 1317 quo
1245 1271 1309 1303 est
1339 1262 1551 1311 humatus,
1580 1277 1676 1303 ora-

179 1338 229 1379 89
242 1323 338 1364 cula
366 1332 623 1378 peterentur.
683 1321 800 1379 Quid
828 1321 938 1362 Asiae
970 1334 1041 1360 rex
1072 1319 1274 1369 Priamus,
1303 1334 1441 1360 nonne
1471 1328 1513 1360 et
1545 1319 1677 1359 Hele-

134 1395 165 1426 p.
179 1393 229 1419 99·
244 1395 345 1421 num
382 1380 512 1421 filium
545 1387 588 1420 et
621 1377 899 1420 Cassandram
930 1376 1056 1417 filiam
1085 1375 1314 1416 divinantes
1347 1376 1544 1426 habebat,
1572 1375 1677 1416 alte-

202 1438 229 1458 Β·
242 1452 336 1478 rum
364 1436 564 1492 auguriis,
585 1436 760 1476 alteram
784 1434 936 1475 mentis
967 1432 1212 1473 incitatione
1246 1440 1288 1472 et
1319 1433 1582 1486 permotione
1610 1431 1676 1473 di-

243 1493 361 1534 vina?
396 1507 481 1548 quo
511 1492 554 1533 in
581 1506 737 1547 genere
773 1490 962 1531 Marcios
992 1488 1197 1544 quosdam
1229 1488 1391 1539 fratres,
1423 1489 1552 1529 nobili
1579 1489 1677 1530 loco

240 1558 374 1599 natos,
396 1548 509 1604 apud
530 1549 710 1605 majores
731 1555 895 1588 nostros
917 1545 1060 1596 fuisse,
1080 1545 1285 1600 scriptum
1302 1545 1504 1586 videmus.
1526 1546 1673 1587 Quid?

240 1605 464 1662 Polyidum
497 1604 784 1655 Corinthium,
815 1617 954 1644 nonne
991 1603 1207 1642 Homerus
1248 1610 1290 1641 et
1327 1601 1418 1641 aliis
1455 1601 1603 1651 multa,
1633 1610 1676 1643 et

241 1662 325 1703 filio
363 1662 417 1702 ad
453 1661 625 1716 Trojam
662 1659 958 1717 proficiscenti,
988 1667 1168 1698 mortem
1208 1657 1448 1712 praedixisse
1484 1672 1675 1698 comme-

240 1726 378 1759 morat
396 1719 408 1758 ?
443 1718 629 1758 Omnino
649 1716 763 1772 apud
782 1725 955 1764 veteres,
976 1714 1047 1769 qui
1073 1728 1212 1754 rerum
1241 1713 1524 1768 potiebantur,
1546 1714 1674 1754 iidem

239 1775 416 1829 auguria
453 1774 667 1814 tenebant.
698 1782 745 1814 ut
783 1772 892 1812 enim
927 1784 1084 1825 sapere,
1116 1770 1173 1810 sic
1214 1769 1394 1809 divinare
1424 1770 1564 1825 regale
1595 1771 1673 1812 du-

239 1831 407 1881 cebant,
427 1838 475 1871 ut
496 1830 615 1871 testis
636 1836 700 1870 est
719 1838 861 1869 nostra
878 1828 1019 1868 civitas
1036 1843 1045 1867 t
1078 1826 1119 1866 in
1148 1840 1231 1881 qua
1251 1834 1293 1866 et
1320 1840 1456 1880 reges,
1477 1841 1673 1882 augures,

240 1896 283 1927 et
309 1896 458 1942 postea
485 1886 648 1941 privati,
670 1886 821 1926 eodem
843 1883 1078 1924 sacerdotio
1099 1881 1262 1936 praediti
1284 1882 1674 1936 rempublicam-re-

157 1943 446 1998 4lligionum
486 1942 735 1984 auctoritate
776 1948 984 1982 rexerunt.
1042 1941 1187 1993 anue
1226 1938 1527 1980 divinationum
1567 1941 1673 1982 mtio

178 2014 293 2061 90ne
323 2000 366 2040 in
395 1998 584 2040 barbaris
615 1998 785 2054 quidem
816 1996 1014 2053 gentibus
1045 1995 1239 2050 neglecta
1267 2003 1344 2035 est.
1377 1995 1409 2035 si
1438 1996 1610 2051 quidem
1630 2006 1674 2038 et

240 2057 283 2097 in
314 2056 454 2097 Gallia
481 2055 659 2096 Druidae
691 2064 801 2104 sunt,
824 2069 846 2094 e
878 2052 1030 2109 quibus
1061 2052 1150 2107 ipse
1180 2051 1435 2092 Divitiacum
1466 2052 1673 2105 AEduum,

239 2112 451 2168 hospitem
482 2120 605 2153 tuum
635 2111 983 2165 laudatoremque
1013 2108 1218 2163 cognovi:
1251 2107 1322 2163 qui
1351 2117 1393 2149 et
1420 2117 1579 2150 naturae
1606 2124 1674 2150 ra-

240 2169 414 2219 tionem,
453 2183 579 2224 quam
618 2167 933 2223 physiologiam
966 2165 1105 2206 Graeci
1145 2164 1371 2220 appellant,
1403 2176 1545 2206 notam
1580 2180 1672 2206 esse

239 2226 320 2267 sibi
340 2225 626 2280 profitebatur,
647 2234 690 2265 et
715 2224 867 2279 partim
897 2221 1099 2277 auguriiS,
1121 2221 1274 2276 partim
1299 2221 1555 2277 conjectura,
1576 2237 1670 2277 quae

239 2291 379 2323 essent
399 2281 554 2332 futura,
577 2281 759 2321 dicebat.
818 2282 872 2320 Et
898 2279 939 2319 in
973 2278 1104 2319 Persis
1126 2286 1388 2332 augurantur
1417 2287 1459 2318 et
1488 2278 1672 2319 divinant

239 2338 380 2394 Magi,
403 2338 476 2394 qui
497 2345 536 2369 23
554 2344 868 2393 congregantur
895 2336 938 2376 in
969 2335 1067 2375 fano
1096 2333 1410 2375 commentandi
1441 2348 1578 2384 causa,
1608 2343 1672 2374 at-

241 2409 323 2450 que
351 2395 458 2435 inter
487 2409 531 2435 se
561 2393 864 2449 colloquendi:
897 2391 1013 2447 quod
1052 2391 1175 2431 etiam
1214 2389 1324 2430 idem
1356 2404 1425 2430 vos
1456 2390 1670 2445 quondam

178 2460 225 2502 91
242 2452 377 2491 faeere
398 2451 535 2492 Nonis
558 2450 769 2491 solebatis.
827 2450 920 2489 Nec
942 2447 1163 2503 quisquam
1188 2461 1260 2487 rex
1285 2446 1500 2486 Persarum
1532 2455 1672 2502 potest

241 2521 346 2558 esse,
367 2507 440 2562 qui
466 2521 551 2547 non
579 2514 675 2547 ante
703 2519 928 2561 magorum
956 2503 1218 2558 disciplinam
1247 2501 1548 2558 scientiamque
1576 2517 1671 2560 per-

282 2655 322 2679 22
345 2647 442 2676 ducem
474 2645 571 2675 classis
595 2643 708 2685 fuisse]
745 2644 852 2675 Classis
881 2645 934 2676 de-
979 2653 1043 2673 non
1061 2652 1156 2673 ausus
1171 2652 1256 2673 sum.

237 2691 269 2722 di
293 2700 310 2720 e
337 2689 400 2719 MS.
425 2689 531 2718 Guelf.
558 2698 613 2727 pro
627 2688 756 2726 vulgato
780 2686 932 2716 classium.-
1021 2692 1060 2716 23
1085 2692 1290 2724 congregantur
1311 2685 1340 2713 in
1351 2683 1445 2724 fano]
1469 2685 1568 2715 Persae
1590 2690 1671 2715 tem-

238 2734 321 2773 quod
352 2739 382 2762 et
404 2732 473 2762 edd.
499 2732 647 2770 quaedam
671 2731 799 2760 habent.
823 2739 878 2768 pro
901 2735 934 2758 at
977 2728 1041 2768 pla,
1065 2729 1159 2764 aedeS,
1181 2738 1245 2757 non
1269 2728 1561 2768 habebant.fanum
1577 2728 1670 2766 igitur

238 2776 322 2806 illum
352 2774 558 2805 Guilielmius
593 2774 731 2804 malebat
762 2772 802 2801 ad
832 2772 932 2808 Ilium,
977 2778 1022 2801 est
1043 2771 1130 2801 locus
1151 2778 1363 2809 consecratus,
1378 2771 1411 2801 in
1429 2781 1526 2811 quern
1547 2770 1671 2809 religio-

238 2820 324 2859 quod
347 2824 377 2848 et
398 2818 512 2856 recepit
534 2817 690 2847 Davisius.
706 2815 807 2855 placet
827 2815 935 2853 conje-
980 2815 1028 2846 nis
1043 2823 1137 2845 causa
1152 2821 1278 2845 coeunt.

239 2868 340 2900 emta,
357 2861 410 2892 sed
430 2861 566 2900 recipere
588 2866 697 2891 contra
712 2859 807 2889 libros
822 2867 934 2888 omnes
