1778 3095
597 167 775 205 LIBER
812 167 1051 206 PRIMUS.
1456 171 1530 204 535

111 277 320 328 mavisset,
346 275 600 330 haberetque
629 272 672 314 in
701 273 842 314 animo
872 287 1019 314 navem
1049 271 1342 321 conscendere,
1372 273 1533 314 moneri

109 332 219 375 visus
245 343 322 385 est,
345 348 397 374 ne
423 332 467 373 id
495 331 666 381 faceret,
688 330 741 370 ab
769 343 835 379 e0,
855 343 981 384 quem
1011 330 1224 384 sepultura
1249 328 1468 369 affecerat:
1500 330 1533 370 si

112 390 359 445 navigasset,
376 402 473 430 eum
493 386 712 441 naufragio
733 399 821 426 esse
840 385 1094 440 periturum:
1115 386 1256 440 itaque
1273 384 1531 425 Simonidem

112 445 295 488 redisse:
326 445 481 501 perisse
505 452 680 492 ceteros,
703 442 774 497 qui
803 450 891 482 tum
919 440 1194 495 navigassent.
1252 440 1447 481 Alterum
1474 440 1532 481 ita
1543 454 1592 492 57

111 501 328 553 traditum,
362 501 520 542 clarum
555 497 786 540 admodum
817 497 1044 538 somnium.
1105 496 1214 537 Cum
1247 496 1332 537 duo
1361 495 1531 552 quidam
1543 500 1575 530 b·

109 558 297 598 Arcades
324 556 546 598 familiares
573 555 651 596 iter
678 569 761 595 una
785 554 982 603 facerent,
1004 561 1046 593 et
1065 553 1291 608 Megaram
1312 552 1535 603 venissent,

111 614 287 654 alterum
311 612 363 653 ad
383 626 616 667 cauponem
637 611 860 651 devertisse
877 626 889 661 3
920 609 973 650 ad
994 608 1220 664 hospitem,
1239 608 1429 649 alterum.
1463 608 1535 664 qui

111 678 160 710 ut
185 670 322 710 cenati
349 669 622 724 quiescerent,
643 667 850 708 concubia
877 673 1001 707 nocte
1033 666 1166 706 visum
1193 679 1282 706 esse
1308 665 1350 704 in
1378 665 1535 705 somnis

111 725 165 776 ei,
185 725 256 780 qui
286 734 375 766 erat
401 725 444 765 in
472 723 673 780 hospitio,
693 723 812 764 illum
842 722 1021 764 alterum
1050 736 1182 772 orare,
1208 730 1256 762 ut
1284 721 1536 771 subveniret,

110 781 226 837 quod
245 780 324 822 sibi
344 796 370 822 a
385 795 574 836 caupone
594 780 785 821 interitus
805 787 1042 835 pararetur3
1070 793 1165 819 eum
1188 777 1325 833 primo
1341 777 1538 833 perterri-

111 845 203 878 tum
223 838 386 878 somnio
409 837 655 878 surrexisse:
677 836 773 877 dein
794 851 890 877 cum
914 849 956 876 se
976 835 1237 890 collegisset3
1258 834 1384 889 idque
1402 833 1537 874 visum

110 907 188 949 pro
210 893 342 935 nihilo
361 893 603 935 habendum
625 906 714 934 esse
733 892 932 942 duxisset,
952 891 1194 932 recubuisse
1214 907 1223 931 z
1256 899 1346 931 tum
1372 889 1411 930 ei
1439 889 1537 930 dor-

108 950 257 991 mienti
289 949 469 991 eundem
504 949 624 990 illum
655 949 788 989 visum
816 962 905 988 esse
939 961 1105 1003 rogare,
1134 955 1197 997 ut,
1228 946 1427 1002 quoniam
1458 946 1539 987 sibi

110 1005 202 1047 vivo
234 1021 318 1047 non
349 1005 618 1055 subvenisset,
639 1012 819 1046 mortem
840 1019 959 1045 suam
988 1018 1040 1044 ne
1068 1003 1245 1044 inultam
1266 1016 1355 1043 esse
1373 1010 1538 1057 patere-

111 1070 182 1103 tur
197 1078 209 1113 3
241 1076 285 1102 se
314 1062 581 1102 interfectum
603 1062 644 1101 in
665 1061 896 1116 plaustrum
919 1074 944 1101 a
962 1074 1153 1115 caupone
1172 1073 1262 1100 esse
1282 1059 1540 1114 conjectum,

110 1126 155 1159 et
183 1132 308 1174 supra
337 1127 497 1159 stercus
527 1116 759 1173 injectum:
788 1126 944 1173 petere,
964 1125 1013 1158 ut
1041 1131 1165 1157 mane
1194 1116 1247 1156 ad
1272 1125 1437 1170 portam
1465 1114 1540 1156 ad-

110 1182 235 1225 esset,
253 1174 496 1230 priusquam
511 1174 745 1229 plaustrum
762 1187 813 1214 ex
829 1172 986 1229 oppido
1001 1172 1144 1214 exiret.
1164 1172 1247 1213 hoc
1261 1186 1357 1212 vero
1375 1171 1541 1211 somnio

110 1244 209 1271 eum
239 1238 518 1280 commotum,
548 1245 672 1271 mane
700 1229 888 1271 bubulco
918 1238 1072 1285 praesto
1102 1229 1156 1270 ad
1184 1236 1351 1284 portam
1382 1227 1540 1268 fuisse:

111 1287 311 1342 quaesisse
330 1301 381 1328 ex
401 1300 468 1337 eo,
484 1286 587 1342 quid
607 1295 717 1327 esset
737 1286 778 1327 in
798 1287 985 1342 plaustro
1002 1303 1012 1326 :
1043 1285 1163 1326 illum
1184 1284 1451 1340 perterritum
1474 1284 1542 1327 fu-

112 1343 241 1398 gisse,
260 1351 477 1384 mortuum
509 1351 678 1384 erutum
706 1357 824 1383 esse:
855 1356 1104 1397 cauponem,
1132 1356 1176 1382 re
1204 1341 1430 1396 patefacta,
1449 1354 1543 1395 poe-

113 1413 187 1440 nas
210 1399 388 1440 dedisse.
430 1399 547 1442 Quid
566 1399 649 1440 hoc
668 1399 831 1440 somnio
852 1399 935 1440 dici
955 1398 1132 1439 divinius
1154 1399 1322 1454 potest?
1348 1396 1420 1437 sed
1442 1395 1541 1451 quid
1555 1391 1624 1437 ‘28

114 1464 188 1496 aut
219 1456 354 1511 plura,
383 1464 458 1496 aut
484 1464 620 1505 vetera
649 1456 903 1511 quaerimus?
938 1470 1047 1510 saepe
1075 1454 1153 1495 tibi
1182 1468 1325 1494 meum
1356 1453 1603 1502 narravi358

115 1526 226 1567 saepe
246 1526 297 1552 ex
317 1520 359 1553 te
379 1511 515 1553 audivi
534 1521 655 1553 tuum
676 1512 885 1552 somnium
902 1529 912 1552 ε
943 1513 1035 1562 Me,
1055 1525 1154 1552 cum
1174 1510 1288 1553 Asiae
1311 1508 1543 1550 Proconsul

115 1582 354 1622 praeessem,
376 1568 526 1608 vidisse
553 1569 595 1608 in
623 1568 778 1623 quiete,
800 1583 896 1608 curn
919 1576 966 1608 tu
987 1582 1097 1624 equo
1117 1567 1313 1608 advectus
1334 1565 1386 1606 ad
1408 1579 1542 1620 quan-

116 1622 214 1664 dam
243 1625 387 1679 magni
413 1624 596 1665 fluminis
619 1625 767 1679 ripam,
787 1634 1009 1679 provectus
1029 1624 1182 1674 subito,
1203 1632 1328 1678 atque
1348 1622 1543 1676 delapsus

116 1680 159 1720 in
191 1681 362 1731 flumen,
395 1695 599 1735 nusquam
634 1681 911 1735 apparuisses,
943 1695 1011 1721 me
1042 1680 1357 1729 contremuisse,
1391 1678 1544 1718 timore

116 1736 383 1790 perterritum
403 1753 412 1777 :
457 1746 550 1777 tum
582 1746 624 1777 te
663 1748 834 1792 repente
868 1737 1015 1777 laetum
1053 1736 1272 1786 exstitisse,
1308 1734 1546 1789 eodemque

117 1806 227 1847 equo
247 1792 459 1833 adversam
477 1792 741 1834 adscendisse
760 1793 909 1849 ripam,
924 1807 1084 1849 nosque
1100 1793 1207 1834 inter
1223 1807 1299 1833 nos
1319 1806 1410 1833 esse
1427 1805 1546 1832 com-

118 1848 275 1902 plexos.
334 1848 482 1889 Facilis
502 1848 746 1904 conjectura
768 1849 895 1904 hujus
915 1850 1066 1890 somnii
1088 1866 1097 1890 ε
1130 1849 1319 1905 mihique
1348 1864 1372 1889 a
1400 1848 1544 1904 peritis

119 1905 161 1944 in
183 1905 285 1945 Asia
304 1904 552 1959 praedictum
580 1914 656 1955 est,
676 1905 766 1945 fore
795 1919 866 1945 eos
897 1914 1066 1946 eventus
1097 1920 1251 1955 rerum,
1277 1905 1348 1961 qui
1379 1904 1543 1945 accide-

121 1970 232 2001 runt.
289 1961 427 2002 Venio
449 1975 557 2001 nunc
584 1960 637 2001 ad
669 1970 804 2001 tuum.
835 1961 970 2001 audivi
992 1961 1185 2017 equidem
1209 1976 1258 2002 ex
1280 1970 1321 2002 te
1342 1962 1449 2017 ipso,
1471 1961 1542 2002 sed
1556 1969 1607 2009 59

120 2016 226 2057 mihi
246 2017 396 2071 saepius
417 2026 558 2057 noster
579 2017 798 2058 Sallustius
819 2018 996 2058 narravit
1014 2035 1023 2059 ε
1055 2033 1151 2059 cum
1175 2019 1216 2059 in
1238 2018 1309 2058 illa
1327 2018 1442 2073 fuga,
1465 2033 1542 2058 no-

120 2073 186 2113 bis
203 2073 401 2128 gloriosa,
422 2074 564 2130 patriae
583 2073 841 2123 calamitosa,
861 2074 902 2114 in
919 2074 1013 2115 villa
1030 2075 1211 2130 quadam
1233 2074 1371 2129 campi
1393 2074 1543 2115 Atina-
1554 2090 1583 2119 p.
1599 2086 1650 2112 02³.

120 2129 174 2170 tis
195 2143 396 2180 maneres,
418 2143 699 2184 magnamque
729 2139 890 2184 partem
920 2131 1054 2171 noctis
1082 2131 1308 2186 vigilasses,
1331 2130 1383 2170 ad
1404 2131 1542 2172 lucem
1553 2132 1582 2154 θ’

121 2185 299 2241 denique
320 2195 433 2226 arcte
453 2194 494 2225 et
513 2186 693 2240 graviter
713 2186 939 2227 dormitare
958 2187 1147 2241 coepisse.
1208 2187 1372 2241 ltaque,
1395 2202 1544 2242 quam-

122 2256 247 2296 quam
280 2242 358 2282 iter
386 2242 571 2292 instaret,
601 2252 642 2282 te
671 2251 813 2283 tamen
843 2242 1054 2283 silentium
1086 2242 1171 2283 fieri
1195 2242 1383 2297 jussisse,
1408 2257 1546 2298 neque

122 2311 213 2338 esse
242 2312 412 2353 passum
440 2307 482 2338 te
512 2298 680 2339 excitari
702 2315 711 2338 ε
746 2313 843 2339 cum
865 2308 1004 2339 autem
1027 2309 1290 2354 experrectus
1311 2313 1422 2339 esses
1442 2299 1547 2339 hora

125 2354 307 2395 secunda
336 2355 436 2405 fere,
467 2364 508 2395 te
539 2354 616 2395 sibi
646 2355 855 2395 somnium
887 2356 1134 2396 narravisse:
1174 2355 1302 2396 visum
1334 2355 1411 2395 tibi
1440 2369 1545 2404 esse,

126 2424 225 2450 cum
256 2411 297 2451 in
328 2411 431 2451 locis
459 2410 556 2451 solis
577 2421 751 2451 moestus
770 2425 942 2461 errares,
965 2411 1015 2452 C.
1037 2411 1223 2452 Marium
1245 2426 1342 2452 cum
1364 2411 1547 2452 fascibus

128 2465 321 2507 laureatis
350 2481 536 2522 quaerere
556 2481 606 2508 ex
624 2476 680 2517 te,
702 2467 802 2522 quid
823 2467 950 2507 tristis
972 2482 1082 2508 esses
1102 2485 1111 2509 :
1144 2482 1326 2522 cumque
1345 2477 1392 2508 tu
1412 2477 1454 2508 te
1475 2476 1549 2508 tua

127 2522 260 2577 patria
275 2523 312 2562 vi
329 2523 494 2577 pulsum
513 2538 601 2564 esse
617 2523 802 2573 dixisses,
816 2523 1082 2579 prehendisse.
1098 2539 1192 2565 eum
1212 2523 1398 2564 dextram
1415 2533 1548 2574 tuam,

128 2586 171 2618 et
191 2578 302 2618 bono
323 2579 461 2620 animo
482 2588 523 2620 te
546 2579 718 2635 jussisse
739 2594 841 2629 esse,
862 2579 1082 2635 lictorique
1102 2580 1292 2635 proximo
1314 2580 1548 2629 tradidisse,

131 2643 180 2675 ut
199 2644 241 2674 te
260 2634 302 2674 in
323 2646 643 2677 monumentum
665 2652 784 2677 suum
807 2635 1032 2676 deduceret
1051 2653 1060 2677 :
1091 2646 1134 2676 et
1151 2635 1316 2686 dixisse,
1339 2636 1378 2676 in
1399 2651 1450 2676 eo
1471 2635 1549 2676 tibi

132 2690 310 2731 salutem
335 2691 438 2731 fore.
469 2702 559 2732 tum
590 2702 632 2733 et
661 2707 705 2733 se
732 2692 999 2743 exclamasse,
1021 2692 1240 2733 Sallustius
1269 2701 1418 2742 narrat,
1440 2691 1549 2732 redi-

131 2756 222 2787 tum
257 2746 335 2787 tibi
366 2747 558 2797 celerem,
579 2758 621 2789 et
646 2749 878 2804 gloriosum
908 2757 1113 2802 paratum,
1136 2756 1178 2788 et
1205 2748 1385 2802 teipsum
1417 2748 1550 2787 visum

133 2803 298 2844 semnio
336 2802 547 2844 delectari.
591 2819 685 2844 nam
717 2804 820 2845 illud
850 2804 954 2844 mihi
986 2805 1065 2859 ipsi
1094 2804 1284 2845 celeriter
1314 2803 1552 2843 nuntiatum

133 2867 210 2910 est,
230 2868 277 2900 ut
296 2859 535 2911 audivisses,
554 2860 596 2900 in
615 2869 889 2902 monumento
914 2860 1042 2901 Marii
1061 2860 1114 2901 de
1134 2870 1209 2901 tuo
1231 2858 1367 2900 reditu
1388 2858 1554 2912 magni-

777 2929 811 2956 M
832 2931 874 2957 m
888 2929 917 2967 4
1096 2928 1099 2929 ’
