1768 3095
526 75 710 112 LIBER
747 71 1066 111 QUARTUS.
1459 72 1509 117 69

76 186 297 228 defendere
326 197 493 226 necesse
523 183 626 223 erit:
659 181 778 232 mihi,
799 195 851 221 ne
880 189 929 221 ut
958 179 1150 222 dubitem
1181 177 1369 234 quidem,
1390 187 1429 210 44
1443 193 1509 219 re-

76 243 315 299 linquatur?
367 242 430 281 Ut
477 239 669 280 omittam
710 238 922 279 levitatem
968 246 1127 277 temere
1175 235 1508 285 assentientium,
1528 242 1601 273 120

76 300 222 355 quanti
253 299 420 340 libertas
447 296 528 337 ista
561 294 808 337 aestimanda
841 303 920 344 est,
952 308 1038 334 non
1070 293 1175 334 mihi
1205 305 1376 332 necesse
1404 305 1508 342 esse,

76 356 189 411 quod
208 355 283 398 tibi
303 363 367 394 est
385 354 396 393 ?
433 352 522 393 Cur
541 353 658 404 deus,
678 352 820 393 omnia
839 350 970 391 nostri
991 364 1117 391 causa
1133 364 1229 390 cum
1252 348 1410 389 faceret
1434 347 1508 399 (sic
1520 353 1552 383 b.

76 413 187 453 enim
208 410 344 463 vultis)
369 418 529 450 tantam
548 409 631 450 vim
651 408 860 450 natricum
885 406 1203 462 viperarumque
1222 404 1369 446 fecerit
1390 404 1404 444 ?
1437 418 1512 444 cur

76 468 288 509 mortifera
307 477 394 507 tam
412 463 550 508 >multa
577 475 616 513 4⁵
631 464 878 521 perniciosa,
899 472 1010 505 terra
1027 463 1216 518 marique
1235 460 1476 516 disperserit
1495 461 1508 500 ?

76 525 237 579 negatis
270 524 360 564 haec
391 531 477 564 tam
498 522 645 579 polite,
666 532 838 576 tamque
858 520 1068 562 subtiliter
1088 520 1196 561 effici
1215 518 1404 574 potuisse
1424 516 1512 557 sine

74 580 211 621 divina
229 580 368 636 aliqua
388 580 571 621 solertia.
593 578 715 635 cujus
736 577 908 634 quidem
928 592 1000 618 vos
1016 578 1283 633 majestatem
1305 573 1512 615 deducitis

73 651 206 692 usque
235 637 286 678 ad
317 636 475 692 apium,
495 636 852 690 formicarumque
873 634 1176 689 perfectionem
1195 649 1204 674 :
1236 641 1285 673 ut
1303 631 1429 672 etiam
1446 630 1511 671 in-

72 702 136 734 ter
156 693 256 734 deos
277 693 567 750 Myrmecides
589 692 755 747 aliquis,
776 691 1036 732 minutorum
1058 689 1361 745 opusculorum
1381 687 1511 728 fabri-

72 757 204 802 cator,
235 750 363 792 fuisse
391 750 594 791 videatur,
654 750 802 804 Negas
830 747 918 788 sine
947 747 1027 788 deo
1058 753 1098 779 46
1114 761 1238 802 posse
1262 744 1508 802 quidquam.
1528 758 1592 789 121

74 807 183 848 Ecce
205 807 280 848 tibi
306 822 329 847 e
362 816 595 848 transverso
625 808 939 860 Lampsacenus
969 805 1125 854 Strato,
1146 804 1217 859 qui
1251 802 1324 843 det
1342 801 1411 843 isti
1430 800 1510 841 deo

74 863 381 905 immunitatem
411 863 557 919 magni
586 862 755 919 quidem
787 861 1001 902 muneris?
1035 861 1109 901 sed
1138 875 1235 901 cum
1274 858 1512 900 sacerdotes

74 920 249 961 deorum
272 921 531 962 vacationem
560 919 758 970 habeant,
777 928 936 973 quanto
956 927 1019 958 est
1042 917 1203 973 aequius
1223 917 1377 957 habere
1398 915 1512 970 ipsos

74 976 173 1018 deos
193 978 205 1018 ?
240 986 366 1033 negat
396 992 524 1032 opera
547 976 723 1018 deorum
759 989 802 1016 se
821 975 883 1015 uti
904 974 956 1015 ad
976 973 1265 1015 fabricandum
1289 972 1511 1013 mundum.

74 1048 353 1090 quaecumque
383 1034 480 1085 sint,
510 1033 649 1080 docet,
680 1032 822 1073 omnia
850 1045 940 1072 esse
969 1031 1118 1072 effecta
1147 1038 1319 1071 natura:
1352 1043 1443 1079 nee,
1464 1038 1512 1069 ut

74 1089 159 1140 ille,
191 1091 263 1146 qui
292 1091 462 1146 asperis,
493 1099 536 1131 et
560 1090 748 1140 laevibus,
767 1098 811 1130 et
831 1088 1026 1138 hamatis,
1047 1087 1338 1143 uncinatisque
1359 1099 1511 1141 corpo-

74 1147 188 1188 ribus
208 1157 406 1188 concreta
426 1147 518 1188 haec
538 1161 627 1188 esse
649 1146 775 1198 dicat,
794 1145 1016 1201 interjecto
1038 1145 1164 1185 inani.
1185 1143 1348 1186 somnia
1367 1151 1513 1183 censet

74 1202 166 1244 haee
197 1218 288 1244 esse
314 1204 567 1255 Democriti,
598 1218 681 1244 non
709 1202 915 1252 docentis,
935 1201 1008 1242 sed
1041 1202 1239 1257 optantis.
1261 1202 1349 1255 ipse
1369 1209 1509 1240 autem

66 1259 265 1315 *singulas
290 1260 438 1300 mundi
468 1269 606 1315 partes
634 1272 899 1314 persequenS,
920 1258 1124 1313 quidquid
1149 1266 1222 1298 aut
1244 1257 1312 1308 sit,
1332 1266 1404 1297 aut
1427 1256 1510 1308 fiat,

75 1316 335 1357 naturalibus
366 1317 465 1367 fieri,
497 1325 570 1357 aut
598 1316 758 1356 factum
785 1328 875 1355 esse
906 1314 1030 1354 docet
1049 1314 1364 1368 ponderibus-et
1383 1312 1512 1353 moti-

75 1373 169 1413 bus.
228 1380 265 1409 47
283 1373 350 1413 Sic
376 1373 447 1413 ille
471 1381 514 1414 et
533 1373 659 1413 deum
682 1385 808 1426 opere
829 1385 987 1425 magno
1008 1371 1173 1421 liberat,
1193 1378 1236 1410 et
1255 1384 1325 1410 me
1347 1369 1512 1410 timore.

74 1430 182 1484 Quis
202 1429 313 1469 enim
335 1433 475 1484 potest
499 1432 613 1481 (cum
634 1428 846 1469 existimet
863 1442 886 1466 a
907 1427 987 1467 deo
1006 1442 1048 1467 se
1069 1427 1221 1478 curari)
1243 1441 1327 1466 non
1347 1436 1390 1466 et
1409 1426 1512 1476 dies,

73 1494 116 1525 et
136 1494 280 1527 noctes
300 1485 487 1526 divinum
509 1499 665 1526 numen
687 1484 857 1524 horrere
876 1485 887 1523 ?
923 1492 965 1524 et
990 1484 1023 1523 si
1045 1483 1147 1538 quid
1167 1483 1326 1523 adversi
1345 1482 1511 1522 accide-

72 1541 141 1593 rit,
167 1542 298 1597 (quod
318 1542 387 1583 cui
408 1557 491 1583 non
511 1541 664 1582 accidit
679 1543 710 1593 ?)
746 1541 1033 1590 extimescere,
1055 1555 1106 1581 ne
1126 1539 1168 1580 id
1183 1540 1279 1594 jure
1299 1539 1508 1580 evenerit?

73 1599 167 1639 Nec
188 1598 373 1641 Stratoni
390 1607 531 1639 tamen
553 1598 781 1639 assentior:
804 1611 879 1637 nec
899 1611 996 1637 vero
1017 1597 1094 1637 tibi
1115 1596 1244 1636 modo
1264 1596 1361 1646 hoc,
1380 1595 1510 1636 modo
1527 1607 1600 1637 122

73 1654 177 1696 illud
197 1655 456 1711 probabilius
475 1655 651 1696 videtur.
701 1656 855 1695 Latent
876 1654 954 1694 ista
973 1654 1129 1703 omnia,
1150 1652 1343 1705 Luculle,
1363 1653 1511 1693 crassis
1524 1660 1596 1714 39

74 1712 288 1754 occultata
307 1721 350 1753 et
371 1712 627 1753 circumfusa
646 1711 841 1761 tenebris,
864 1720 911 1751 ut
932 1710 1046 1750 nulla
1067 1711 1176 1750 acies
1197 1710 1370 1750 humani
1392 1710 1512 1765 inge-

75 1768 133 1808 nii
161 1778 279 1809 tanta
308 1770 375 1819 sit,
406 1784 499 1824 quae
530 1777 748 1824 penetrare
768 1768 808 1808 in
830 1768 997 1817 caelum,
1019 1777 1172 1807 terram
1191 1767 1346 1809 intrare
1366 1766 1512 1821 possit.

75 1838 253 1880 corpora
284 1835 427 1866 nostra
451 1840 535 1865 non
562 1826 780 1866 novimus:
810 1824 883 1879 qui
913 1824 993 1864 sint
1015 1824 1118 1864 situs
1139 1823 1321 1878 partium
1342 1839 1352 1873 3
1384 1837 1510 1878 quam

75 1881 157 1922 vim
177 1896 357 1937 quaeque
373 1896 467 1937 pars
489 1882 656 1931 habeat,
678 1882 934 1936 ignoramus.
955 1880 1095 1936 itaque
1115 1880 1269 1920 medici
1289 1880 1383 1934 ipsi,
1406 1894 1513 1935 quo-

74 1952 168 1978 rum
199 1938 397 1979 intererat
426 1953 475 1979 ea
505 1952 641 1988 nosse,
672 1946 710 1969 48
725 1947 992 1992 aperuerunt,
1010 1946 1059 1978 ut
1088 1937 1339 1977 viderentur.
1363 1950 1438 1976 nec
1461 1950 1513 1976 eo

74 2002 215 2034 tamen
245 1995 363 2036 aiunt
391 1995 581 2050 empirici
610 1994 773 2035 notiora
803 2008 891 2035 esse
923 1993 1022 2034 illa:
1056 1994 1154 2050 quia
1183 1995 1316 2049 possit
1343 1993 1442 2042 fieri,
1465 2001 1511 2033 ut

73 2051 283 2106 patefacta
301 2059 342 2092 et
364 2050 529 2093 detecta
550 2059 778 2091 mutentur.
839 2050 921 2091 Sed
941 2065 988 2091 ec
1021 2050 1094 2092 uid
1115 2065 1190 2091 nos
1210 2050 1359 2090 eodem
1381 2049 1510 2090 modo
1523 2073 1555 2102 p,
1569 2069 1617 2094 31.

73 2122 212 2148 rerum
243 2116 411 2149 naturas
442 2122 669 2163 persecare,
700 2107 873 2162 aperire,
901 2066 1083 2148 dividlere
1113 2121 1353 2161 possumus,
1376 2115 1422 2147 ut
1451 2106 1510 2147 vi·
1523 2116 1550 2136 a.

73 2165 263 2215 deamus,
283 2173 392 2206 terra
412 2165 631 2219 penitusne
653 2163 788 2204 defixa
805 2164 873 2213 sit,
892 2172 935 2203 et
949 2164 1067 2218 quasi
1086 2164 1298 2204 radicibus
1320 2163 1404 2204 suis
1423 2163 1510 2203 hae-

74 2231 176 2272 reat,
199 2230 239 2256 49
255 2236 308 2262 an
327 2221 467 2263 media
493 2220 671 2277 pendeat
691 2222 703 2261 ?
737 2220 934 2261 Habitari
954 2220 1011 2260 ait
1031 2219 1315 2275 Xenophanes
1335 2220 1377 2259 in
1398 2219 1511 2269 luna,
1530 2231 1599 2262 123

119 2381 158 2404 44
184 2372 379 2415 relinquatur]
411 2374 491 2403 Puto
522 2372 700 2414 relinquetur
726 2372 770 2402 le·
814 2379 895 2412 gunt
920 2371 1015 2402 multi
1040 2370 1198 2400 viderent:
1224 2371 1322 2400 facilis
1340 2379 1385 2401 est
1408 2373 1515 2410 conje-

75 2418 229 2455 gendum,
247 2425 283 2447 ut
301 2418 369 2455 jam
387 2416 455 2447 aliis
471 2418 589 2451 visum.
608 2417 637 2446 id
653 2416 768 2446 melius
814 2422 921 2446 ctura:
948 2414 1120 2444 viderentur
1142 2415 1244 2453 aptius
1264 2415 1408 2444 videatur
1423 2425 1514 2455 supe—

74 2461 234 2490 consentit
250 2460 291 2498 τῷ
307 2460 372 2489 erit.
814 2459 960 2495 rioribus,
987 2465 1022 2487 ut
1051 2459 1347 2487 communicaretur
1377 2460 1515 2497 cognitio

120 2511 159 2534 45
179 2501 355 2542 perniciosa]
370 2502 518 2533 Glossam
531 2509 620 2542 putat
630 2511 695 2533 esse
708 2502 772 2532 Da·
816 2512 893 2532 cum
920 2501 1086 2537 omnibus,
1112 2510 1177 2530 non
1205 2501 1244 2530 ad
1269 2502 1408 2531 medicos
1433 2501 1515 2531 solos

75 2545 183 2577 visius.
200 2556 266 2576 non
283 2545 378 2576 male.
817 2545 994 2584 pertineret.
1041 2544 1101 2573 Sed
1128 2550 1234 2573 tamen
1251 2550 1280 2573 et
1304 2544 1335 2572 in
1357 2545 1515 2583 sequenti-

119 2594 159 2619 46
177 2594 259 2628 posse
272 2587 444 2631 quidquam]
458 2588 605 2618 Davisius
621 2588 691 2618 addi
704 2587 774 2617 vult
816 2589 876 2618 bus
891 2594 953 2618 est:
980 2586 1093 2626 aperire
1107 2593 1133 2615 et
1146 2593 1178 2625 p.
1190 2593 1348 2625 possumus,
1365 2594 1396 2615 ut
1411 2587 1514 2616 ‹ride-a-

77 2642 142 2662 esse.
160 2632 252 2662 bene.
273 2632 458 2672 absorptum
477 2638 535 2669 est,
552 2632 676 2671 opinor,
693 2641 710 2660 a
727 2640 774 2661 se·
818 2641 890 2660 mus.
914 2637 946 2660 et
971 2632 1019 2660 ed.
1049 2631 1131 2659 Ven.
1162 2637 1255 2662 1494.
1281 2630 1375 2659 habet
1400 2630 1515 2667 vident,

77 2681 194 2712 quente
211 2686 282 2705 ecce.
817 2674 903 2713 quod
921 2674 988 2703 sine
1004 2673 1101 2702 dubio
1117 2679 1163 2702 est
1179 2683 1195 2702 e
1210 2672 1355 2701 viderent.

122 2723 159 2751 47
185 2717 237 2747 Sic
268 2716 329 2756 ille]
357 2717 437 2747 Mss.
462 2717 584 2748 Davisii
611 2723 642 2747 et
673 2718 774 2756 regius
863 2724 903 2749 49
927 2727 964 2745 an
979 2715 1073 2745 media
1084 2715 1226 2755 pendeat]
1246 2714 1413 2753 Eleganter
1430 2724 1483 2754 pro
1500 2725 1515 2742 e

80 2759 149 2788 Par„
167 2760 223 2789 Nae
239 2760 300 2791 ille.
316 2761 402 2799 quod
419 2770 484 2790 non
500 2760 655 2800 displicet.
820 2760 939 2797 medio,
956 2769 973 2789 e
989 2765 1111 2796 centro,
1128 2768 1192 2799 quo
1209 2758 1337 2788 nitatur.

123 2807 163 2832 48
187 2809 373 2842 aperuerunt,
399 2810 431 2833 ut
454 2801 642 2844 viderentur]
675 2802 777 2833 Corri-

815 2856 884 2898 ι’3
