1768 3095
188 53 263 90 116
494 52 566 90 DE
594 52 750 91 FINIB‘.
772 53 973 94 BONOR.
994 54 1061 93 ET
1090 55 1297 94 MALOR.

182 169 267 202 tem
287 168 468 226 expetat,
491 169 639 203 natura
668 170 809 204 movet
839 162 1071 204 infantem:
1102 163 1176 205 sed
1205 172 1370 205 tantum
1391 171 1441 207 ut
1464 177 1508 205 se
1526 164 1617 221 ipse

183 217 348 273 diligat,
368 226 416 258 ut
449 217 662 274 integrum
684 234 743 269 se,
767 219 1013 276 salvumque
1040 220 1154 261 velit.
1213 221 1354 262 Omne
1383 221 1496 262 enim
1527 222 1619 263 ani-

184 275 284 324 mal,
305 274 432 315 simul
462 284 511 323 ut
542 284 685 317 ortum
701 285 783 327 est,
815 285 858 316 et
890 277 1090 332 seipsum,
1113 285 1156 318 et
1185 292 1332 319 omnes
1362 285 1501 333 partes
1520 292 1617 320 suas

185 330 353 386 diligit:
383 331 586 387 duasque,
607 347 702 387 quae
732 333 926 373 maximae
957 342 1069 384 sunt,
1089 334 1131 374 in
1157 334 1302 390 primis
1323 334 1618 390 amplectitur·
1606 366 1619 387 ,

184 388 388 439 animum,
421 397 465 429 et
495 403 673 453 corpus:
707 389 858 430 deinde
888 392 1108 445 utriusque
1139 399 1292 446 partes.
1324 403 1421 431 nam
1453 399 1552 432 sunt
1575 401 1620 434 et

184 444 227 485 in
248 444 389 485 animo
410 445 624 500 praecipua
644 445 854 501 quaedam,
875 455 918 486 et
937 462 978 486 1n
999 461 1204 502 corpore:
1237 463 1330 512 quae
1357 463 1455 489 cum
1475 447 1621 489 leviter

184 501 371 556 agnovit,
391 511 491 542 tunc
511 501 747 542 discernere
767 502 928 556 incipit,
949 510 996 543 ut
1022 518 1085 554 ea,
1105 519 1199 567 quae
1231 504 1366 559 prima
1393 504 1493 545 data
1522 512 1619 546 sunt

121 568 173 602 34
186 567 348 608 natura,
369 567 553 613 appetat,
574 568 903 622 aspe1neturque
933 559 1156 601 contraria.
1218 561 1267 600 In
1288 560 1353 601 his
1372 560 1517 616 primis
1543 575 1618 602 na-

76 627 105 656 P·
122 623 174 653 72·
186 614 391 655 turalibus
422 615 612 669 voluptas
644 615 756 664 insit,
776 628 922 663 necne,
950 629 1107 670 magna
1138 616 1316 671 quaestio
1347 625 1425 658 est.
1456 624 1492 649 ⁶1
1514 617 1619 659 nihil

145 670 282 713 ³·ver0
303 680 452 726 putare
471 685 575 734 esse,
598 685 646 726 pl
649 679 749 711 aeter
776 670 1052 726 voluptatem,
1074 687 1158 713 non
1188 673 1393 723 membra,
1416 688 1502 714 non
1523 687 1619 714 sen·-

184 740 269 778 sus,
293 742 378 768 non
407 727 566 782 ingenii
596 737 777 778 motum,
797 742 881 768 non
910 728 1194 783 integritatem
1221 729 1424 785 corporis,
1443 744 1529 771 non
1549 744 1620 771 va-

181 784 419 835 litudinem,
442 798 619 824 summae
640 783 744 825 mihi
763 783 926 826 videtur
955 785 1145 826 inscitiae.
1204 785 1350 841 Atque
1370 787 1424 827 ab
1443 786 1526 828 isto
1547 800 1619 827 ca·-

180 841 269 896 pite
289 841 418 882 fluere
436 855 606 881 necesse
635 849 699 882 est
730 856 899 882 omnem
930 842 1135 883 rationem
1164 843 1391 907 bonorum,
1410 851 1456 884 et
1483 842 1618 884 malo·-

182 912 291 939 rum.
353 897 585 947 Polemoni,
615 898 743 938 etiam
774 907 871 939 ante
895 898 1131 950 Aristoteli,
1152 914 1201 940 ea
1227 899 1362 954 prima
1391 899 1478 941 visa
1506 908 1619 951 sunt,

183 969 278 1010 quae
312 954 455 1010 paullo
485 962 582 994 ante
615 954 714 995 dixi,
774 961 813 986 ⁶2
830 957 946 1010 Ergo
980 964 1077 996 nata
1104 964 1169 997 est
1197 956 1405 997 sententia
1430 964 1618 998 veterum

183 1009 559 1061 Academicorum,
580 1020 623 1051 et
655 1011 1042 1066 Peripateticorum,
1062 1022 1110 1053 ut
1129 1012 1253 1053 finem
1274 1013 1484 1054 bonorum
1504 1012 1621 1054 dice-

183 1077 291 1119 rent,
313 1068 547 1109 secundum
579 1077 771 1108 naturam
799 1069 947 1119 vivere,
968 1068 1012 1109 id
1041 1078 1120 1120 est,
1138 1069 1291 1110 virtute
1311 1068 1517 1120 adhibita,
1535 1069 1616 1111 frui

181 1124 330 1179 primis
349 1139 374 1165 a
394 1133 541 1165 natura
561 1124 683 1165 datis
744 1124 943 1190 Callipho
974 1125 1027 1166 ad
1057 1126 1252 1167 virtutem
1279 1125 1385 1167 nihil
1412 1126 1620 1190 adjunxit,

185 1182 262 1222 nisi
283 1181 572 1237 vtoluptatem
604 1180 838 1232 Diodorus,
862 1182 939 1222 nisi
968 1182 1218 1223 vacuitatem
1244 1182 1416 1224 doloris.
1476 1189 1515 1214 ⁶3
1534 1182 1619 1224 His

182 1239 396 1287 omnibus,
417 1252 524 1292 quos
544 1237 642 1287 dixi,
664 1246 969 1293 consequentes
990 1246 1087 1279 sunt
1108 1239 1208 1279 fines
1232 1239 1460 1280 bonorum.
1517 1238 1620 1280 Ari·

125 1325 129 1327 μ
181 1296 323 1350 stippo
352 1294 531 1349 simplex
560 1293 781 1349 voluptas:
814 1294 982 1345 Stoicis,
1012 1295 1250 1336 consentire
1282 1303 1471 1346 naturae3
1501 1295 1619 1351 quod

177 1365 271 1392 esse
291 1351 437 1391 volunt
457 1357 497 1382 64
515 1365 538 1391 e
561 1350 727 1402 virtute,
747 1350 790 1392 id
821 1360 901 1401 est,
921 1351 1096 1392 honeste
1125 1352 1286 1393 vivere:
1317 1352 1433 1407 quod
1466 1352 1525 1393 ita
1555 1352 1621 1393 in·

178 1416 476 1463 teipretantur,
497 1408 632 1448 vivere
659 1422 756 1448 cum
786 1407 1069 1463 intelligentia
1087 1423 1230 1449 calum
1251 1423 1406 1459 rerum,
1426 1424 1522 1465 quae
1543 1423 1618 1449 na-

177 1471 273 1505 tura
303 1465 528 1515 evenirent,
550 1470 588 1496 6⁵
603 1463 831 1519 eligentem
863 1479 927 1515 ea,
949 1479 1043 1520 quae
1075 1473 1215 1506 essent
1239 1464 1472 1507 secundum
1494 1474 1617 1506 natu·-

114 1530 162 1562 35
178 1535 282 1572 ram,
304 1520 648 1585 rejicientemque
677 1521 899 1563 contraria.
961 1522 1029 1562 Ita
1058 1530 1143 1562 tres
1174 1531 1272 1563 sunt
1292 1522 1394 1562 fines
1423 1531 1619 1577 expertes

176 1577 425 1628 honestatis,
459 1592 568 1618 unus
600 1576 824 1642 Aristippi,
857 1577 921 1619 vel
960 1578 1159 1634 Epicuri3
1192 1578 1297 1619 alter
1331 1578 1616 1637 Hieronymi3

179 1634 409 1676 Carneadis
431 1634 604 1676 tertius:
636 1643 738 1684 tres,
771 1634 813 1675 in
842 1634 995 1690 quibus
1026 1635 1224 1676 honestas
1255 1649 1353 1676 cum
1383 1633 1529 1692 aliqua
1543 1649 1616 1676 ac-

175 1691 381 1755 cessione,
405 1690 659 1740 Polemonis,
681 1690 961 1746 Calliphonis,
981 1691 1178 1733 Diodori.
1209 1706 1295 1733 una
1323 1692 1516 1748 simpleX,
1539 1706 1615 1733 cu-

167 1747 240 1803 jus
263 1749 382 1789 Zeno
403 1756 565 1798 auctor,
585 1747 724 1803 posita
744 1747 785 1788 in
805 1747 958 1789 decore
978 1756 1083 1799 tota,
1100 1748 1143 1790 id
1163 1757 1240 1799 est,
1258 1748 1493 1790 honestate.
1515 1763 1614 1789 nam

177 1804 354 1860 Pyrrho,
374 1805 538 1855 Aristo,
559 1804 793 1855 Herillus,
777 1819 869 1869 jcam
890 1804 963 1845 diu
981 1805 1149 1860 abjecti
1181 1780 1331 1861 reliqui
1356 1805 1437 1846 sibi
1456 1806 1616 1847 consti-

126 1886 127 1889 =
176 1869 332 1912 terunt,
352 1870 402 1903 ut
421 1871 609 1902 extrema
628 1876 726 1902 cum
747 1861 873 1902 initiis
894 1862 1178 1913 convenirent,
1210 1870 1257 1903 ut
1283 1862 1523 1926 Aristippo,
1541 1877 1614 1903 vo-

176 1916 346 1982 luptas.
378 1919 570 1974 Hierony
575 1933 661 1968 mo,
681 1917 840 1959 doloris
869 1917 1082 1960 vacuitas:
1116 1918 1340 1970 Carneadi,
1359 1919 1441 1960 frui
1462 1918 1618 1983 princi·

99 1984 161 2030 12
176 1975 257 2030 plis
277 1975 554 2025 naturalibus,
572 1982 682 2015 esset
700 1984 951 2016 extremum.
1011 1975 1218 2030 Epicurus
1237 1985 1381 2017 autem
1399 1990 1496 2016 cum
1518 1981 1558 2007 6⁶
1571 1975 1616 2017 in

175 2031 312 2087 prima
331 2031 702 2072 commendatione
730 2031 992 2087 voluptatem
1013 2032 1211 2074 dixisset·
1244 2039 1282 2068 67
1303 2032 1336 2072 si
1357 2046 1466 2083 eam,
1485 2047 1615 2088 quam

187 2167 191 2170 -
216 2149 254 2175 61
273 2144 350 2174 nihil
372 2156 405 2174 τ’,
423 2151 532 2184 putare
556 2143 623 2181 esse]
650 2153 693 2174 sc.
711 2144 742 2174 in
764 2145 872 2184 primis

171 2187 392 2227 naturalibus3
424 2189 541 2228 quibus
572 2194 685 2217 natura
714 2188 871 2225 humana,

171 2231 240 2269 ejus
254 2232 412 2270 integritas
429 2239 459 2261 et
475 2232 623 2270 perfectio
639 2238 795 2261 cernatur.

215 2278 254 2305 62
272 2274 353 2313 Ergo
368 2282 440 2303 nata
462 2281 503 2303 est
524 2273 676 2312 sententia]
696 2275 870 2304 Lambinus

170 2325 248 2346 corr.
286 2317 364 2347 Hinc
380 2329 445 2356 ergo
467 2328 497 2347 n.
514 2328 535 2346 e.
553 2328 575 2347 s.
600 2326 658 2356 ego
680 2318 794 2347 malim
814 2318 868 2354 Eo,

168 2360 189 2390 i.
206 2369 233 2388 e.
250 2369 290 2389 ex
306 2370 355 2396 eo,
372 2361 457 2397 inde,
475 2371 503 2388 n.
522 2372 545 2390 e.
559 2371 581 2389 s.

211 2407 250 2432 63
271 2403 326 2431 His
345 2403 483 2440 omnibus,
501 2414 568 2444 quos
583 2402 659 2437 dixi,
678 2409 870 2444 consequentes

168 2445 230 2484 suf.
249 2444 293 2483 b.l
314 2446 390 2475 Edd.
407 2455 452 2484 pr.
471 2446 590 2475 habent
613 2456 678 2485 quae
701 2445 790 2473 dixi:
814 2445 869 2475 Al-

165 2488 225 2517 dus
251 2489 373 2527 primus
399 2490 482 2518 dedit
508 2500 585 2530 quos.
611 2490 644 2518 in
667 2498 731 2527 quo
757 2498 867 2517 sentus

165 2532 223 2561 erit
253 2532 405 2561 omnibus
444 2532 503 2561 illis
541 2531 751 2570 philosophis,
787 2541 866 2569 quos

166 2575 431 2611 commemoravi,
455 2583 531 2604 sunt
554 2575 718 2604 sententiae
741 2576 779 2604 de
802 2574 867 2604 fine

164 2616 324 2646 bonorum
356 2618 436 2647 inter
464 2627 496 2647 se
531 2618 767 2653 convenientes,
800 2627 863 2647 non

163 2667 353 2698 pugnantes.
401 2660 430 2689 Si
462 2660 545 2699 legas
576 2671 654 2700 qtae,
686 2660 752 2696 erit,
785 2660 864 2691 fines

162 2702 322 2733 bonorum
353 2704 559 2733 confcntiunt
587 2703 669 2732 bene
698 2703 759 2732 his.
790 2712 864 2741 quae

161 2746 239 2775 dixi-
257 2747 297 2776 in
307 2753 441 2786 utroque
465 2755 510 2777 est
533 2746 652 2785 aliquid
668 2745 862 2776 difficultatis

161 2796 192 2818 et
207 2790 416 2820 obscuritatis.

960 2150 998 2176 64
1017 2157 1030 2174 e
1045 2145 1170 2181 virlutr,
1187 2146 1221 2174 id
1233 2152 1285 2182 est,
1298 2145 1410 2175 honeste
1424 2145 1543 2185 vivere]
1562 2146 1616 2178 Sic

915 2189 984 2218 edd.
1002 2199 1046 2228 pr.
1060 2185 1210 2219 'Davisius
1231 2196 1339 2219 autern
1356 2198 1373 2218 e
1390 2189 1468 2220 Mss.
1483 2190 1617 2229 quibus-

915 2231 989 2261 dam
1006 2232 1099 2261 edidit
1116 2231 1267 2261 honestate.
1284 2233 1397 2262 eodem
1414 2233 1492 2262 redit
1506 2242 1564 2263 res.

957 2279 996 2305 65
1029 2274 1409 2315 eligentem--rqjieienferfl
1450 2276 1502 2306 Sic
1532 2276 1614 2306 bene

913 2322 1050 2347 correcta
1073 2317 1202 2356 vulgata
1226 2317 1347 2357 eligente
1369 2325 1400 2348 et
1424 2318 1580 2358 rejiciente,
1595 2328 1613 2349 e

913 2360 1012 2390 Codd.
1028 2371 1072 2391 sc.
1089 2369 1119 2390 et
1135 2371 1165 2390 rc
1181 2361 1257 2399 ipsa.
1279 2361 1394 2391 librarii
1418 2362 1550 2392 retulere
1573 2362 1611 2392 ad

912 2403 1030 2433 naturai.

957 2450 997 2475 66
1020 2445 1051 2474 in
1071 2444 1169 2483 prima
1192 2443 1446 2485 commendatione]
1471 2447 1492 2476 i.
1518 2454 1613 2477 natu-

913 2497 966 2523 rae,
984 2489 1015 2518 in
1033 2488 1106 2523 illis,
1123 2497 1195 2526 quae
1211 2498 1305 2527 supra
1320 2490 1403 2518 dicta
1417 2496 1493 2519 sunt
1508 2491 1610 2530 prima

912 2538 1046 2566 naturae,
1065 2530 1113 2559 vel.
1129 2531 1230 2569 prima
1245 2531 1413 2561 naturalia.

955 2579 991 2608 67
1011 2574 1033 2602 si
1051 2584 1125 2609 eam,
1144 2585 1174 2614 ᾳ.
1191 2572 1248 2613 A]
1276 2574 1464 2605 Moventem
1487 2584 1513 2605 S.
1537 2584 1612 2614 quae

909 2618 1001 2647 estin
1019 2624 1122 2652 motu,
1140 2617 1173 2645 in
1195 2617 1283 2646 suavi
1305 2627 1414 2648 sensu.
1435 2616 1510 2646 idem
1534 2624 1610 2647 tene·

910 2671 940 2688 re
954 2660 1052 2689 debui!
1068 2658 1122 2689 ult.
1136 2660 1162 2688 b.
1181 2660 1201 2689 i.
1217 2669 1244 2690 e.
1260 2661 1396 2690 eandem
1410 2659 1610 2700 voluptatem

909 2710 1094 2732 moventem
1130 2702 1240 2732 debuit
1277 2702 1452 2742 intelligere
1489 2704 1521 2733 in
1558 2713 1609 2740 ea,

907 2755 1007 2784 quam
1030 2746 1104 2775 fecit
1126 2745 1228 2775 finem
1251 2746 1433 2776 bonorum:
1458 2747 1508 2776 sin
1523 2753 1609 2777 stan-

906 2795 985 2825 tem,
1003 2798 1101 2828 quam
1126 2788 1358 2829 Hieronymus,
1382 2789 1483 2819 finem
1507 2789 1609 2820 facere
