1768 3095
218 65 271 100 42
544 60 830 99 ACADEM.
870 62 1329 103 QUAESTIONUM

219 177 262 211 et
291 168 503 225 gradatim
532 169 718 222 additur,
746 179 821 213 aut
840 171 1038 214 demitur.
1062 172 1257 214 ⁶Soritas
1288 173 1366 213 hos
1395 178 1560 223 vocant,
1589 172 1664 229 qui

221 240 415 275 acervum
442 225 628 268 efficiunt
658 242 745 269 uno
775 227 921 270 addito
949 244 1084 285 grano
1107 246 1115 270 :
1148 229 1345 271 vitiosum
1366 242 1480 281 sane,
1500 236 1540 270 et
1563 243 1663 285 cap-

222 283 381 325 tiosum
406 297 555 338 genus.
576 284 636 324 sic
663 285 775 326 enim
805 285 1088 328 adscenditis:
1119 287 1153 327 si
1182 287 1265 328 tale
1290 287 1424 328 visum
1445 284 1664 342 objectum

224 348 290 382 est
309 354 334 380 a
364 339 447 382 deo
468 339 715 392 dormienti,
738 352 784 383 ut
803 343 1024 398 probabile
1044 343 1112 394 sit,
1133 358 1209 385 cur
1228 359 1312 385 non
1332 344 1460 385 etiarn
1482 350 1530 384 ut
1548 341 1667 384 valde

225 396 480 439 verisimile?
513 412 588 439 cur
616 397 770 439 deinde
799 414 902 450 non,
922 408 971 441 ut
997 399 1220 442 difficiliter
1239 415 1265 441 a
1282 415 1379 442 vero
1406 400 1666 442 internosca-

181 468 215 499 b.
226 462 295 496 tur
314 455 326 494 ?
361 452 527 506 deinde,
546 462 594 495 ut
614 469 666 496 ne
688 454 997 498 internoscatur
1015 456 1187 513 quidem
1205 458 1217 497 ?
1251 466 1467 513 postremo
1488 463 1535 497 ut
1562 454 1668 497 nihil

226 511 335 552 inter
364 510 446 551 hoc
476 519 520 552 et
548 511 655 552 illud
684 512 879 554 intersit?
912 517 1008 554 Huc
1039 513 1074 554 si
1095 513 1342 568 perveneris,
1364 527 1433 555 me
1449 512 1525 555 tibi
1550 520 1564 549 7
1582 511 1668 568 pri-

228 582 346 611 mum
368 566 554 624 quidque
581 568 841 610 concedente
859 586 868 611 ε
899 584 1044 610 meum
1063 570 1212 612 vitium
1233 569 1372 611 fuerit.
1395 571 1458 612 sin
1487 570 1576 626 ipse
1595 578 1670 611 tua

166 635 218 667 50
230 633 381 680 sponte
412 625 665 680 processeris
685 643 693 665 ε
726 635 863 667 tuum.
923 627 1031 683 Quis
1053 626 1165 668 enim
1187 627 1266 668 tibi
1286 626 1462 677 dederit,
1483 635 1557 668 aut
1576 639 1670 667 om-

230 682 298 723 nia
317 680 443 723 deum
466 695 590 736 posse
608 698 619 732 3
651 690 725 723 aut
744 682 802 723 ita
820 684 1031 725 facturum
1053 697 1158 734 esse,
1177 684 1212 725 si
1240 683 1402 739 possit?
1435 681 1671 739 Quomodo

228 746 371 779 autem
403 738 549 789 sumis,
570 746 632 790 ut,
653 738 686 779 si
717 739 818 795 quid
847 740 916 781 cui
947 740 1084 782 simile
1109 755 1201 782 esse
1222 741 1372 796 possit,
1391 746 1605 804 sequatur,
1623 746 1674 779 ut

228 795 358 836 etiam
389 794 615 836 internosci
646 795 869 838 difficiliter
900 797 1061 853 possit?
1095 797 1264 848 deinde,
1295 805 1344 838 ut
1374 811 1426 838 ne
1446 792 1673 837 internosci

230 851 433 907 quidem?
466 861 699 907 postremo,
720 862 769 895 ut
793 862 809 886 ⁸
824 854 972 895 eadem
995 855 1109 896 sint?
1143 862 1206 906 ut,
1231 854 1266 895 si
1297 853 1387 909 lupi
1416 852 1591 894 canibus
1616 851 1673 893 si-

230 908 351 949 miles
371 924 381 949 :
413 907 587 949 eosdem
616 908 730 950 dices
751 911 805 952 ad
825 920 1076 953 extremum.
1136 913 1193 952 Et
1213 910 1385 967 quidem
1407 908 1597 951 honestis
1617 907 1674 949 si-

230 964 348 1006 milia
367 974 466 1006 sunt
495 965 690 1021 quaedam
715 981 796 1008 non
825 967 1017 1019 honesta,
1037 977 1080 1009 et
1109 968 1232 1009 bonis
1260 982 1345 1008 non
1364 967 1492 1017 bona,
1511 972 1554 1007 et
1573 964 1676 1007 arti-

232 1021 386 1063 ficiosis
416 1021 591 1064 minime
621 1024 859 1066 artificiosa.
886 1024 988 1080 quid
1018 1025 1262 1066 dubitamus
1292 1024 1424 1080 igitur
1453 1023 1677 1072 affirmare,

232 1079 336 1120 nihil
363 1078 471 1120 inter
498 1079 591 1120 haec
616 1078 845 1122 interesse?
879 1083 950 1123 Ne
969 1081 1246 1138 repugnantia
1266 1081 1435 1138 quidem
1454 1079 1674 1121 videmus?

232 1135 338 1176 nihil
365 1144 431 1177 est
457 1136 586 1187 enim,
613 1137 730 1192 quod
758 1137 812 1179 de
831 1152 909 1180 suo
930 1152 1085 1194 genere
1107 1138 1150 1180 in
1172 1138 1287 1180 aliud
1306 1150 1442 1193 genus
1461 1134 1677 1178 transferri

232 1192 381 1248 possit.
411 1200 456 1233 at
485 1192 520 1234 si
548 1192 796 1246 efficeretur,
827 1204 876 1236 ut
904 1195 1014 1236 inter
1043 1195 1129 1237 visa
1157 1194 1442 1236 differentium
1471 1206 1677 1249 generum

234 1247 339 1290 nihil
365 1248 612 1290 interesset:
645 1251 927 1306 reperirentur
957 1267 1051 1307 quae
1081 1260 1127 1293 et
1156 1252 1198 1292 in
1229 1266 1307 1292 suo
1337 1264 1495 1307 genere
1523 1255 1679 1301 essent,

170 1318 217 1349 51
235 1314 279 1346 et
294 1305 338 1346 in
358 1305 509 1347 alieno.
560 1306 691 1347 Ouod
711 1307 798 1348 fieri
819 1308 893 1364 qui
911 1310 1081 1363 potest?
1105 1307 1297 1350 omnium
1318 1306 1471 1349 deinde
1490 1305 1679 1348 inanium

233 1360 420 1403 visorum
450 1376 535 1403 una
563 1348 758 1419 ‘depulsio
788 1374 868 1415 est,
898 1365 981 1406 sive
999 1364 1072 1406 illa
1090 1364 1352 1420 cogitatione
1382 1364 1680 1414 informantur,

235 1417 352 1474 quod
370 1418 458 1460 fieri
478 1418 616 1460 solere
635 1420 909 1462 concedimus
926 1437 938 1472 3
970 1422 1054 1463 sive
1074 1422 1116 1463 in
1142 1422 1297 1477 quiete,
1317 1421 1401 1462 sive
1452 1433 1496 1461 er
1520 1419 1680 1471 vinum,

235 1475 320 1516 sive
340 1488 415 1530 per
445 1475 667 1517 insaniam.
690 1491 788 1518 nam
815 1478 869 1518 ab
890 1477 1088 1520 omnibus
1109 1477 1302 1535 ejusdem
1331 1492 1404 1519 mo
1438 1477 1446 1485 ‘
1469 1475 1564 1518 visis
1564 1489 1680 1574 dper·

235 1531 521 1587 spicuitatem,
550 1547 680 1588 quam
710 1534 925 1576 mordicus
965 1544 1109 1576 tenere
1138 1535 1357 1585 debemus,
1386 1533 1536 1576 abesse
1595 1533 1683 1574 ice-

236 1602 347 1629 mus.
405 1588 514 1644 Quis
542 1589 672 1640 enim,
691 1604 788 1631 cum
817 1591 899 1632 sibi
926 1591 1051 1647 fingit
1068 1591 1244 1648 aliquid,
1264 1601 1307 1632 et
1327 1589 1588 1646 cogitatione
1607 1588 1683 1630 de-

236 1644 391 1700 pingit,
423 1659 522 1696 non,
553 1646 680 1687 simul
700 1661 749 1687 ac
779 1661 824 1688 se
853 1647 943 1704 ipse
973 1648 1220 1700 commovit,
1249 1656 1378 1704 atque
1406 1647 1461 1689 ad
1491 1661 1536 1688 se
1561 1660 1682 1688 revo-

237 1702 361 1752 cavit,
393 1702 522 1743 sentit
548 1702 649 1766 quid
675 1703 839 1745 intersit
865 1704 971 1746 inter
999 1705 1234 1761 perspicua,
1254 1713 1297 1746 et
1315 1704 1486 1746 inania?
1519 1702 1682 1746 Eadem

238 1758 346 1799 ratio
364 1766 428 1799 est
444 1773 722 1801 somniorum.
740 1775 839 1802 num
859 1775 1004 1803 censes
1026 1762 1227 1813 Ennium,
1247 1777 1346 1803 cum
1367 1761 1409 1802 in
1430 1759 1564 1803 hortis
1582 1774 1682 1802 cum

241 1815 332 1855 Ser.
353 1814 508 1867 Galba,
533 1815 670 1857 vicino
701 1831 780 1858 suo
811 1818 1125 1870 ambulavisset,
1143 1818 1311 1870 dixisse,
1334 1818 1443 1860 visus
1464 1832 1559 1859 sum
1577 1815 1684 1859 mihi

239 1885 338 1913 cum
360 1871 499 1913 Galba
520 1873 738 1915 ambulare
756 1875 769 1914 ?
802 1875 879 1925 At,
899 1890 997 1916 cum
1018 1875 1256 1928 somniavit,
1277 1875 1336 1917 ita
1362 1874 1544 1918 narravit
1561 1893 1571 1917 z

350 1955 455 1992 Visus
478 1955 641 1993 Homerus
661 1955 775 1992 adesse
795 1958 907 2006 poie'ta.

243 2026 446 2083 Idemque
467 2028 508 2069 in
531 2027 816 2084 Epicharm03

349 2106 443 2143 Nam
460 2105 606 2143 videbar
624 2108 786 2143 somniare
810 2114 828 2138 9
840 2119 890 2142 me
910 2116 939 2143 et
959 2120 1017 2156 ego
1034 2119 1101 2143 csse
1121 2115 1297 2143 mortuum.

139 2191 414 2247 p.14.Itaque,
444 2190 571 2233 simul
600 2199 648 2233 ut
676 2193 907 2247 experrecti
936 2207 1096 2243 sumus,
1127 2191 1215 2232 visa
1242 2191 1315 2232 illa
1343 2192 1684 2234 contemnimus:

207 2253 238 2277 ³·
249 2261 386 2304 neque
415 2247 475 2289 ita
494 2248 714 2300 habemus,
735 2259 783 2290 ut
814 2264 877 2300 ea,
908 2264 1002 2305 quae
1028 2249 1070 2289 in
1096 2248 1191 2290 foro
1210 2249 1434 2304 gessimus.
1493 2248 1556 2290 At
1573 2249 1687 2292 enim

167 2294 231 2348 17
249 2304 351 2346 dum
381 2303 587 2356 videntur,
617 2305 765 2347 eadem
799 2314 862 2346 est
882 2305 925 2346 in
955 2305 1114 2347 somnis
1138 2314 1177 2337 10
1194 2305 1354 2361 species
1375 2305 1531 2348 horum
1549 2315 1594 2350 et
1612 2321 1687 2349 eo·

292 2423 310 2447 6
335 2418 447 2449 Soritas
470 2419 516 2448 hos
538 2420 659 2459 vocant]
687 2420 835 2451 Davisius
861 2421 947 2450 dedit
987 2420 1120 2450 debebat
1144 2420 1241 2450 eadem
1263 2420 1332 2457 sint,
1357 2428 1393 2451 ut
1407 2421 1504 2452 edidit
1517 2421 1689 2460 Victorius,

248 2461 310 2497 hoc,
337 2470 373 2492 ut
394 2470 424 2491 et
448 2464 518 2493 edd.
545 2465 695 2501 quaedam
715 2470 789 2494 vett.
815 2463 946 2500 habent,
989 2473 1087 2502 quem
1109 2473 1185 2494 cum
1209 2464 1337 2494 Davisio
1359 2466 1460 2497 secuti
1482 2474 1610 2503 sumus,
1633 2466 1691 2506 qui

250 2505 335 2535 male
365 2504 472 2536 latine.
499 2506 612 2537 malim
638 2506 732 2536 deleri
758 2516 946 2547 pronomen.
989 2507 1067 2537 etin
1084 2507 1164 2538 Mss.
1185 2508 1305 2547 reperit.

250 2554 320 2578 tum
331 2549 508 2579 deditidem
520 2549 667 2590 postquia
683 2560 738 2589 pro
747 2550 810 2591 qui,
822 2550 950 2581 melius.
1035 2557 1053 2583 9
1076 2561 1120 2579 me
1142 2556 1170 2579 et
1193 2561 1242 2590 ego
1265 2562 1321 2580 esse
1343 2549 1395 2589 m.]
1422 2550 1494 2582 Hoc
1516 2550 1609 2582 nihili
1633 2557 1690 2582 est.

297 2598 312 2625 7
332 2592 461 2629 primum
484 2592 611 2633 quidque
633 2593 812 2634 concedente]
842 2594 949 2624 Immo
991 2593 1202 2624 scribendum
1225 2600 1272 2624 est
1294 2600 1396 2622 memet
1410 2605 1467 2623 esse
1481 2604 1519 2624 m.
1537 2600 1573 2625 ut
1587 2594 1692 2635 place-

245 2634 377 2674 primum
392 2634 534 2676 quodque,
551 2642 588 2665 ut
604 2646 690 2664 unum
706 2636 846 2677 quodque.
993 2637 1045 2667 bat
1062 2636 1238 2667 Gulielmio
1253 2642 1284 2666 et
1300 2636 1429 2667 Guieto.

296 2683 314 2707 8
336 2684 370 2706 ut
385 2677 458 2707 idem
473 2675 737 2718 sitsts.p1ures
753 2687 782 2709 et
795 2680 864 2710 edd.
875 2686 950 2710 vett.
1040 2687 1078 2711 ιο
1099 2679 1203 2719 species
1227 2678 1337 2719 eorum]
1362 2679 1511 2710 Davisius
1536 2679 1633 2710 edidit
1657 2689 1694 2709 σο

251 2720 333 2750 Ven.
351 2720 438 2751 Med.
454 2721 528 2751 Asc.
550 2722 648 2751 eadem
663 2722 712 2753 sit.
755 2722 856 2753 Aldus
877 2723 951 2753 fecit
994 2734 1098 2753 eorum.
1116 2723 1213 2759 male,
1228 2723 1325 2753 etiam
1340 2732 1429 2754 sono.
1447 2721 1563 2754 melius
1579 2722 1691 2755 Lamb.

253 2762 339 2801 idem,
354 2772 400 2795 sc.
416 2771 540 2804 propter
557 2764 590 2794 τὸ
609 2765 658 2797 sit.
679 2766 783 2797 immo
800 2767 952 2806 corrigere
992 2773 1024 2797 et
1038 2766 1240 2798 Alemannus
1255 2765 1353 2796 horum
1369 2771 1396 2795 et
1408 2775 1513 2796 eorum.
