1768 3095
532 107 712 144 LIBER
745 93 1025 143 TERTIUS.
1418 109 1491 150 147

63 229 142 268 res,
163 215 296 258 verbis
316 223 478 257 tantum
498 213 540 254 in
561 211 752 265 docendo
774 213 892 270 quasi
912 213 1081 269 privatis
1108 219 1286 253 utuntur
1315 225 1363 252 ac
1394 212 1493 253 suis.

66 274 225 330 Atque,
244 283 292 314 ut
312 273 504 313 omittam
525 271 598 310 has
619 279 726 323 artes
746 270 973 326 elegantes,
999 279 1040 310 et
1070 268 1286 323 ingenuas,
1307 283 1358 308 ne
1376 268 1536 323 epifi-2

64 345 133 371 ces
155 329 336 386 quidem‘
352 328 459 368 tueri
493 341 567 381 sua
594 326 767 367 artificia
785 336 970 382 possent,
994 325 1072 367 nisi
1091 324 1306 366 vocabulis
1327 332 1494 365 uteren-

64 397 134 427 tur
153 385 273 427 nobis
297 383 536 438 incognitis,
569 383 732 424 usitatis
755 384 857 424 sibi.
918 383 1034 439 Quin
1066 382 1193 422 etiam
1224 381 1497 436 agricultura,

66 458 160 498 quae
198 441 393 482 abhorret
424 440 478 480 ab
510 440 625 480 omni
657 439 854 495 politiore
885 438 1108 494 elegantia,
1137 447 1279 479 tamen
1308 452 1376 478 eas
1418 451 1498 488 res,

65 499 108 539 in
157 497 279 538 uibus
303 506 501 546 versatur,
520 496 759 537 nominibus
793 497 951 538 notavit
982 495 1111 536 novis.
1142 510 1227 550 quo
1258 494 1393 549 magis
1416 493 1497 534 hoc

65 514 318 610 philosopho
350 552 585 594 faciendum
626 562 702 594 est.
734 567 799 594 ars
831 562 893 594 est
927 552 1039 593 enim
1073 551 1344 610 philosophia
1379 550 1496 592 vitae:

66 611 116 651 de
137 624 218 665 qua
247 610 451 650 disserens
478 610 658 665 arripere
685 609 809 650 verba
828 610 880 651 de
901 610 994 651 foro
1014 623 1097 649 non
1119 617 1272 663 potest.
1331 609 1528 664 Quam-5

66 681 191 722 quam
225 681 275 706 ex
306 667 501 707 omnibus
534 666 797 722 philosophis
828 666 961 708 Stoici
984 674 998 702 7
1016 665 1197 721 plurima
1229 674 1496 706 novaverunt.

66 724 185 763 Zeno
207 737 376 778 quoque
396 737 541 763 eorum
572 724 766 779 princeps
797 738 880 764 non
909 733 994 764 tam
1024 737 1162 763 rerum
1194 722 1383 762 inventor
1403 721 1498 772 fuit,

65 794 192 835 quam
214 794 419 820 novorum
449 780 686 820 verborum.
743 779 872 835 Quod
891 780 924 820 si
945 780 1057 820 inea
1077 778 1237 834 lingua,
1260 793 1386 834 quam
1408 777 1498 833 ple-

64 837 181 891 rique
215 835 454 877 uberiorem
488 845 652 892 putant,
685 850 929 877 concessum
955 844 971 867 8
992 851 1016 876 a
1037 836 1203 876 Graecia
1233 844 1310 886 est,
1340 845 1388 876 ut
1420 834 1498 875 do-

66 892 241 933 ctissimi
261 892 453 933 homines
478 901 496 926 9
514 892 565 933 de
585 893 709 934 rebus
731 907 816 933 non
835 892 1104 948 pervulgatiS,
1129 891 1336 933 inusitatis
1364 891 1499 932 verbis

65 959 309 991 uterentur:
341 958 501 1005 quanto
522 949 566 990 id
587 949 707 990 nobis
739 950 876 1005 magis
907 958 970 990 est
998 948 1331 998 concedendurn,
1351 948 1423 1004 qui
1449 962 1500 988 ea

67 1020 177 1046 nunc
197 1006 381 1062 primum
402 1005 606 1047 audemus
637 1007 874 1061 attingere?
912 1015 948 1038 10
961 1006 1052 1046 Etsi
1077 1005 1229 1060 [quod]
1253 1018 1363 1060 saepe
1393 1004 1497 1046 dixi-
1507 1018 1538 1047 Ρ·
1553 1014 1604 1040 ⁹¹·

65 1077 176 1113 mus,
196 1071 239 1104 et
268 1062 438 1118 quidem
467 1077 567 1103 cum
599 1063 739 1118 aliqua
768 1063 937 1118 querela
967 1077 1050 1103 non
1072 1063 1322 1103 Graecorum
1352 1061 1536 1113 modost·

65 1119 140 1160 sed
159 1120 286 1160 etiarn
308 1134 470 1171 eorum,
491 1119 564 1175 qui
585 1134 628 1160 se
649 1120 824 1160 Graecos
851 1119 1003 1175 magis,
1023 1134 1148 1175 quam
1171 1128 1335 1160 nostros
1356 1117 1503 1159 haberi

66 1176 226 1226 volunt,
259 1191 334 1217 nos
365 1190 449 1216 non
479 1175 610 1217 modo
642 1190 726 1216 non
755 1176 862 1217 vinci
881 1191 905 1217 a
926 1176 1087 1217 Graecis
1117 1176 1339 1217 verborum
1364 1175 1501 1229 copia,

68 1232 144 1272 sed
176 1246 265 1273 esse
294 1233 335 1272 in
367 1247 416 1272 ea
446 1233 572 1273 etiam
605 1232 868 1287 superiores:
901 1232 1201 1274 elaborandum
1234 1241 1310 1282 est,
1341 1242 1390 1272 ut
1420 1232 1502 1272 hoc

69 1302 155 1329 non
185 1288 228 1329 in
259 1289 412 1329 nostris
444 1290 582 1329 solum
614 1289 789 1339 artibus,
811 1289 884 1329 sed
915 1289 1041 1330 etiam
1062 1289 1104 1329 in
1124 1289 1292 1330 illorum
1313 1288 1503 1343 ipsorum

68 1359 389 1400 consequamur,
422 1348 549 1401 quam
582 1360 631 1385 ea
661 1346 798 1395 verba,
830 1345 983 1400 quibus
1014 1359 1064 1385 ex
1093 1345 1287 1386 instituto
1314 1354 1502 1385 veterum

69 1401 228 1442 utimur
247 1416 323 1456 pro
345 1402 520 1452 Latinis,
541 1412 588 1442 ut
602 1402 693 1457 ipsa
705 1402 987 1456 philosophia,
1004 1411 1052 1442 ut
1068 1401 1290 1451 rhetorica,
1312 1400 1504 1441 dialecti-

66 1471 130 1507 ca,
166 1460 458 1512 grammatica,
491 1458 740 1513 geometria,
775 1459 949 1499 musica.
980 1473 1235 1514 quamquam
1272 1459 1422 1510 Latine
1453 1472 1502 1498 ea

66 1513 151 1555 dici
180 1524 390 1569 poterant,
420 1524 576 1564 tamen,
609 1515 809 1569 quoniam
833 1523 866 1546 11
884 1529 962 1555 usu
992 1523 1189 1570 percepta
1219 1523 1330 1565 sunt,
1360 1522 1503 1555 nostra

67 1570 287 1611 ducamus.
342 1571 489 1627 Atque
522 1571 614 1611 haec
649 1570 821 1626 quidem
858 1570 910 1611 de
943 1585 1081 1612 rerum
1118 1571 1374 1612 nominibus.
1433 1571 1539 1611 De6

67 1627 169 1683 ipsis
199 1627 323 1668 rebus
351 1637 493 1669 autem
526 1641 828 1682 saepenumero,
849 1628 994 1678 Brute,
1019 1642 1173 1678 vereor,
1195 1642 1247 1668 ne
1277 1626 1503 1682 reprehen-

65 1684 155 1734 dar,
175 1698 274 1725 cum
295 1684 386 1725 haec
407 1684 460 1725 ad
482 1695 523 1725 te
542 1684 736 1735 scribam,
758 1684 830 1740 qui
857 1699 954 1725 cum
976 1685 1017 1725 in
1037 1684 1318 1740 philosophia,
1339 1694 1430 1725 tum
1462 1684 1505 1725 in

67 1741 231 1795 optimo
250 1755 403 1796 genere
422 1740 703 1796 philosophiae
723 1750 888 1782 tantum
909 1743 1175 1796 processeris.
1202 1741 1318 1796 quod
1337 1741 1370 1782 si
1392 1741 1504 1781 face-

67 1811 171 1847 rem,
192 1798 310 1853 quasi
332 1807 373 1838 te
392 1797 601 1846 erudiens,
626 1797 723 1852 jure
752 1797 1093 1854 reprehenderer.
1124 1798 1196 1838 sed
1218 1798 1270 1838 ab
1291 1812 1342 1838 eo
1371 1797 1503 1853 pluri-

68 1868 187 1894 mum
220 1853 398 1894 absum:
430 1867 580 1909 neque,
610 1864 659 1894 ut
688 1868 737 1894 ea
768 1869 1016 1910 cognoscas,
1047 1869 1141 1911 quae
1173 1855 1250 1895 tibi
1287 1854 1504 1895 notissima

68 1919 181 1962 sunt,
201 1909 254 1950 ad
274 1920 316 1950 te
336 1910 475 1960 mitto,
497 1909 567 1950 sed
598 1910 696 1965 quia
725 1911 923 1952 facillime
943 1911 985 1951 in
1015 1911 1184 1952 nomine
1216 1922 1290 1953 tuo
1310 1911 1503 1966 acquies-

67 1981 134 2016 co,
167 1975 210 2007 et
246 1966 345 2021 quia
377 1976 417 2007 te
449 1967 584 2007 habeo
621 1967 904 2022 aequissimum
940 1982 1086 2009 eorum
1121 1966 1374 2018 studiorum,
1407 1982 1503 2023 quae

66 2021 172 2064 mihi
192 2023 436 2064 communia
456 2032 596 2064 tecum
618 2033 728 2073 sunt,
748 2024 1077 2065 existimatorem
1098 2032 1140 2065 et
1154 2024 1374 2081 judicem-7
1419 2024 1502 2065 At-

68 2079 215 2120 tendes
235 2080 379 2135 igitur,
401 2088 448 2120 ut
475 2079 599 2130 soles,
619 2079 855 2134 diligenter,
876 2095 1052 2136 eamque
1081 2081 1406 2122 controversiam
1437 2080 1503 2122 di-

60 2136 289 2191 judicabis,
310 2152 403 2193 quae
426 2136 531 2176 mihi
552 2136 631 2176 fuit
656 2151 753 2176 cum
783 2138 989 2178 avunculo
1011 2147 1102 2188 tuo,
1124 2137 1264 2179 divino
1285 2152 1334 2178 ac
1355 2139 1500 2193 singu-

66 2192 144 2234 lari
164 2192 278 2234 viro.'

123 2250 254 2300 Nam,
276 2249 317 2289 in
347 2249 589 2290 Tusculano
621 2263 717 2290 cum
751 2264 902 2300 essem,
930 2249 1163 2305 vellemque
1194 2265 1217 2291 e
1245 2249 1537 2292 bibliotheca7

111 2410 127 2440 7
164 2403 294 2444 plurima
329 2402 526 2443 novaverant]
570 2405 647 2435 Edd.
687 2410 763 2434 vett.
849 2411 866 2437 9
891 2404 925 2433 de
951 2404 1032 2433 rebus
1055 2415 1109 2434 non
1126 2402 1328 2444 pervulgatis]
1357 2404 1408 2434 Sic
1432 2405 1506 2435 edd.

67 2457 180 2478 omnes
202 2448 424 2477 nominaverunt
437 2459 446 2476 .·
470 2448 555 2486 quod
576 2447 670 2477 hodie
692 2447 764 2476 vul·
805 2456 851 2486 pr.
868 2454 938 2486 post
946 2447 1122 2487 pervagatis
1140 2448 1309 2477 inductum
1326 2454 1371 2477 est
1387 2457 1403 2477 e
1419 2447 1506 2479 libris

67 2498 148 2530 gatae
170 2496 355 2520 navaverunt
379 2500 442 2519 non
462 2495 664 2530 postponam.
687 2500 764 2520 nam
807 2491 1001 2529 quibusdam
1015 2500 1032 2520 a
1048 2491 1198 2527 victorio,
1217 2490 1351 2520 Grutero
1368 2492 1427 2521 ὅτε.

68 2544 177 2562 novare
200 2533 292 2563 latius
316 2540 411 2572 patet,
436 2540 467 2562 et
487 2535 525 2562 de
549 2534 640 2563 rebus
662 2533 766 2573 potius
857 2540 894 2563 10
913 2533 979 2562 Etsi
998 2533 1100 2575 [quod]
1117 2541 1191 2573 saepe
1206 2532 1251 2573 d.]
1271 2534 1345 2563 Non
1362 2535 1434 2563 satis
1455 2544 1508 2564 co-

69 2576 194 2606 dicitur.
239 2577 356 2606 Sensus
374 2583 431 2612 est,
449 2577 544 2606 Stoici
559 2576 705 2616 plurimis
721 2586 766 2605 re·
810 2576 908 2605 haeret
931 2577 1039 2606 oratio.
1065 2586 1161 2607 causa
1183 2584 1229 2607 est
1252 2577 1283 2606 in
1304 2577 1399 2606 verbo
1422 2576 1508 2618 quod,

69 2618 129 2648 bus
159 2620 291 2649 nomina
321 2618 555 2659 imposuerunt,
585 2629 659 2658 quae
694 2626 769 2649 ante
811 2620 841 2648 id
868 2619 973 2658 itaque
1000 2618 1094 2649 deleri
1120 2619 1245 2649 volebat
1269 2620 1426 2650 Davisius.
1450 2630 1508 2659 ego

72 2661 203 2692 nullum
219 2662 390 2692 habebant.
428 2673 430 2675 ’
510 2674 513 2677 Ν
812 2663 904 2701 uncis
921 2661 1047 2692 inclusi.

117 2710 132 2733 s
160 2716 178 2733 a
205 2703 341 2744 Graecia]
368 2702 440 2734 Hoc
463 2705 544 2734 mihi
567 2706 693 2744 semper
714 2709 768 2734 su·
858 2712 891 2734 11
907 2716 958 2733 usu
968 2711 1104 2744 percepta
1119 2704 1196 2743 sunt]
1213 2706 1264 2735 Sic
1280 2706 1348 2735 edd.
1366 2715 1411 2744 pr.
1428 2706 1510 2735 Gru-

71 2752 217 2784 spectum
244 2749 348 2778 visum
374 2755 430 2778 est.
456 2747 555 2778 malui
580 2748 688 2778 abesse
714 2754 769 2777 aut
812 2755 895 2778 tetus
911 2757 927 2776 e
943 2748 1022 2778 Mss.
1038 2749 1122 2777 dedit
1135 2754 1291 2787 praecepta.
1335 2749 1511 2778 Lambinus

72 2788 132 2826 legi
149 2800 167 2817 a
185 2789 312 2820 (ἶνα-εἱς.
357 2791 473 2830 Utique
497 2800 562 2820 non
579 2792 638 2820 fuit
655 2792 688 2820 in
705 2790 769 2821 Ms.
813 2791 986 2829 corrigebat
1014 2797 1126 2829 recepta
1142 2803 1147 2820 ι
1187 2793 1273 2830 quod
1309 2792 1511 2830 aptissimum

74 2837 177 2862 vetere
193 2832 312 2863 Ursini.
814 2839 871 2863 est.

837 2886 911 2915 1⁴2
