1778 3095
538 155 715 193 LIBER
752 153 1082 193 SECUNDUS.
1444 158 1517 194 561

92 261 300 306 misimus.
357 265 406 306 In
428 264 667 320 primisque,
690 264 887 319 quoniam
910 263 1179 320 philosophia
1199 263 1258 305 vir
1274 263 1409 306 bonus
1431 267 1519 307 effi·-

92 319 215 371 citur,
236 331 277 362 et
297 322 430 370 fortis,
455 320 577 370 Cato,
599 329 739 361 noster
770 320 813 360 in
844 319 998 360 horum
1020 321 1220 362 librorum
1243 335 1418 362 numero
1438 337 1516 377 po-

91 377 251 417 nendus
271 387 347 419 est.
389 378 582 432 Cumque
601 375 867 426 Aristoteles,
887 375 1072 431 itemque
1091 376 1424 432 TheophrastuS,
1445 386 1554 418 eit-4

90 432 289 474 cellentes
310 434 382 474 viri
401 448 497 474 cum
519 432 763 483 subtilitate,
779 440 868 473 tum
893 433 1028 487 copia,
1050 446 1148 473 cum
1165 432 1434 488 philosophia
1453 434 1516 474 di-

89 489 212 529 cendi
244 490 368 530 etiam
404 498 614 544 praecepta
646 487 953 544 conjunxerint,
984 489 1115 529 nostri
1145 504 1315 544 quoque
1345 491 1517 531 oratorii

87 542 183 584 libri
212 546 254 586 in
283 545 462 586 eundem
494 559 712 586 numerum
745 545 949 586 referendi
975 544 1178 585 videntur.
1209 545 1270 586 ita
1289 554 1371 587 tres
1394 557 1516 588 erunt

89 599 141 640 de
164 601 365 643 Oratore:
396 610 582 656 quartus,
603 603 759 643 Brutus
779 619 788 642 τ
820 601 1005 656 quintus,
1026 601 1195 642 Orator.
1245 601 1402 643 Adhuc
1424 602 1514 644 haec
1529 599 1559 646 2

86 666 219 698 erant.
257 658 310 698 ad
344 657 506 713 reliqua
534 658 660 699 alacri
692 657 966 699 tendebamus
1000 657 1154 707 animo,
1187 657 1244 698 sic
1274 659 1422 712 parati,
1452 668 1515 710 ut,

87 713 166 753 nisi
186 728 278 768 quae
299 728 425 755 causa
441 715 606 770 gravior
624 714 870 764 obstitisset,
888 714 1050 755 nullum
1073 713 1351 769 philosophiae
1372 715 1515 756 locum

85 782 176 809 esse
208 778 458 823 pateremur,
492 773 561 826 qui
596 786 678 812 non
710 771 870 812 Latinis
901 770 1049 811 litteris
1079 770 1309 811 illustratus
1339 779 1512 826 pateret.

85 825 215 880 Quod
236 826 345 867 enim
366 842 517 868 munus
547 826 786 882 reipublicae
808 828 953 868 afferre
975 826 1124 883 majus,
1147 826 1342 867 meliusve
1362 842 1513 882 possu-

84 895 194 928 mus,
218 897 343 937 quam
365 884 398 924 si
418 883 618 924 docemus
639 892 763 938 atque
784 883 996 924 erudimus
1010 883 1300 939 juventutem?
1324 883 1389 924 his
1406 899 1514 939 prae-

84 938 226 978 sertim
251 940 452 990 moribuS,
474 949 599 995 atque
621 940 912 994 temporibus:
942 939 1093 995 quibus
1124 940 1182 980 ita
1213 940 1407 996 prolapsa
1433 950 1513 993 est,

82 1004 131 1035 ut
152 996 339 1037 omnium
363 996 512 1051 opibus
530 995 774 1036 refrenanda
793 1011 841 1037 ac
863 996 1097 1037 coercenda
1114 996 1180 1036 sit.
1239 998 1332 1037 Nee
1354 1012 1450 1038 vero
1468 998 1547 1039 id5

81 1050 187 1091 effici
219 1066 343 1106 posse
373 1051 553 1103 confido,
591 1052 705 1108 quod
737 1067 789 1093 ne
823 1052 1123 1107 postulandum
1155 1052 1328 1107 quidem
1358 1061 1435 1104 est,
1464 1062 1512 1095 ut

82 1120 228 1147 omnes
257 1107 542 1149 adolescentes
573 1124 615 1149 se
641 1108 695 1149 ad
724 1108 814 1149 haec
840 1109 977 1149 studia
998 1117 1252 1150 convertant.
1283 1111 1405 1164 pauci
1427 1111 1510 1152 uti-

82 1163 204 1203 nam!
238 1178 417 1219 quorum
450 1174 593 1206 tamen
622 1165 662 1206 in
694 1165 910 1221 republica
936 1166 1019 1206 late
1048 1174 1189 1221 patere
1210 1166 1367 1220 poterit
1387 1166 1509 1207 indu-

79 1219 194 1260 stria.
256 1221 463 1276 Equidem
485 1236 535 1262 ex
559 1221 620 1262 his
642 1222 769 1262 etiam
795 1222 979 1263 fructum
1001 1222 1122 1277 capio
1141 1222 1296 1263 laboris
1319 1223 1416 1273 mei,
1437 1224 1510 1279 qui

72 1274 164 1331 jam
199 1284 322 1317 aetate
353 1279 552 1333 provecti,
585 1279 626 1318 in
663 1278 814 1320 nostris
846 1278 962 1319 libris
992 1279 1289 1334 acquiescunt:
1329 1294 1507 1334 quorum
1521 1289 1552 1319 b.

79 1332 220 1373 studio
249 1333 417 1389 legendi
445 1349 585 1375 meum
618 1335 826 1376 scribendi
857 1335 1044 1376 studium
1072 1335 1354 1376 vehementius
1374 1336 1508 1378 indies

75 1388 273 1430 incitatur
290 1406 301 1441 3
345 1405 450 1446 quos
484 1391 655 1446 quidem
686 1391 842 1446 plures,
874 1407 998 1447 quam
1030 1392 1163 1441 rebar,
1194 1406 1284 1432 esse
1314 1394 1507 1447 cognovi.

76 1445 357 1501 Niagnificum
388 1447 492 1488 illud
523 1449 663 1499 etiam,
687 1448 970 1503 Romanisque
994 1448 1236 1489 bominibus
1255 1448 1506 1503 gloriosum,

76 1511 124 1542 ut
145 1504 304 1544 Graeeis
327 1504 379 1544 de
399 1504 668 1559 philosophia
687 1504 834 1546 litteris
854 1519 938 1545 non
956 1514 1123 1559 egeant.
1155 1505 1286 1546 Quod
1308 1520 1507 1561 assequar

75 1559 281 1612 profecto,
302 1561 335 1600 si
356 1560 548 1601 instituta
567 1562 795 1616 perfecero.
844 1562 910 1602 Ac
931 1561 1035 1601 mihi
1055 1561 1225 1617 quidem
1247 1562 1502 1616 explicandae
1517 1566 1543 1602 6

73 1613 354 1670 philosophiae
377 1631 544 1657 causam
567 1618 709 1658 attulit
729 1618 865 1673 gravis
886 1632 1005 1659 casus
1025 1618 1216 1668 civitatis,
1239 1632 1337 1659 cum
1368 1619 1409 1659 in
1440 1634 1507 1660 ar-

73 1671 153 1712 mis
167 1671 354 1712 civilibus
374 1687 450 1713 nec
467 1674 574 1714 tucri
591 1689 686 1714 meo
703 1689 818 1714 more
836 1675 1154 1729 rempublicam,
1169 1689 1244 1714 nee
1259 1674 1363 1714 nihil
1378 1689 1506 1730 agere

72 1737 262 1782 poteram
283 1744 295 1779 3
328 1744 417 1780 nec,
440 1730 539 1784 quid
560 1731 715 1785 potius,
740 1730 852 1785 quod
878 1731 1048 1785 quidem
1077 1746 1145 1771 me
1176 1730 1354 1785 dignum
1381 1742 1504 1784 esset,

72 1798 259 1838 agerem,
279 1786 554 1840 reperiebam.
612 1787 787 1827 Dabunt
815 1787 946 1842 igitur
971 1787 1075 1827 mihi
1095 1787 1256 1827 veniam
1276 1788 1359 1828 mei
1380 1788 1505 1839 cives,

73 1840 137 1880 vel
162 1840 342 1896 gratiam
367 1842 506 1896 potius
528 1843 756 1893 habebunt,
777 1844 905 1898 quod,
927 1858 1022 1884 cum
1046 1853 1154 1884 esset
1174 1844 1216 1884 iu
1237 1844 1360 1885 unius
1380 1854 1501 1900 pote-

71 1904 178 1937 state
208 1897 455 1951 respublica,
477 1913 611 1954 neque
631 1913 712 1954 ego
737 1914 805 1939 me
833 1900 990 1951 abdidi,
1010 1915 1145 1956 neque
1166 1900 1344 1951 deserui,
1366 1915 1503 1957 neque

70 1952 210 2003 afflixi,
233 1968 367 2009 neque
395 1955 453 1994 ita
478 1955 603 2009 gessi,
624 1956 743 2011 quasi
771 1955 932 1996 homini
961 1966 1034 1998 aut
1059 1957 1321 2012 temporibus
1340 1958 1469 1999 iratus
1490 1974 1501 2000 ε

71 2023 206 2065 neque
234 2010 290 2050 ita
319 2025 444 2065 porro
478 2021 549 2053 aut
580 2012 788 2062 adulatus,
808 2020 880 2052 aut
906 2012 1136 2054 admiratus
1163 2014 1377 2055 fortunam
1406 2030 1502 2057 sum

69 2065 252 2116 alterius,
279 2075 359 2107 ‘2ut
390 2082 458 2108 me
490 2082 594 2108 meae
625 2069 858 2124 poeniteret.
889 2069 932 2110 id
961 2070 1070 2110 enim
1102 2070 1241 2126 ipsum
1272 2085 1297 2110 a
1326 2070 1500 2113 Platone

68 2122 421 2179 philosophiaque
454 2124 694 2175 didiceram,
726 2125 934 2166 naturales
969 2141 1060 2167 esse
1092 2127 1295 2182 quasdam
1327 2142 1500 2169 conver-

69 2178 206 2220 siones
236 2195 372 2221 rerum
402 2181 681 2235 publicarum,
702 2191 750 2223 ut
776 2197 836 2222 eae
864 2191 953 2223 tum
977 2197 1001 2223 a
1019 2183 1279 2238 principibus
1305 2192 1495 2225 teneren-

67 2244 151 2284 tur,
173 2245 259 2276 tum
293 2251 317 2277 a
345 2237 525 2292 populis,
545 2238 769 2293 aliquando
799 2253 824 2279 a
852 2239 1044 2294 singulis.
1103 2239 1234 2296 Quod
1261 2254 1358 2281 cum
1384 2241 1532 2289 acci-7

67 2291 198 2333 disset
231 2302 385 2334 nostrae
421 2294 676 2349 reipublicae,
712 2304 819 2346 tum,
849 2295 1032 2350 pristinis
1067 2296 1203 2337 orbati
1235 2297 1497 2349 muneribus,

67 2347 159 2389 haec
191 2349 330 2390 studia
363 2364 560 2391 renovare
589 2351 809 2406 coepimus,
840 2359 888 2392 ut
917 2360 960 2392 et
990 2351 1152 2393 animus
1182 2353 1386 2394 molestiis
1415 2353 1495 2396 hac

66 2405 332 2460 potissimum
366 2421 409 2447 re
435 2407 651 2456 levaretur,
672 2417 714 2448 et
739 2407 1031 2463 prodessemus
1059 2408 1217 2450 civibus
1238 2409 1390 2450 nostris
1412 2425 1496 2466 qua

66 2475 111 2502 re
131 2475 311 2516 cumque
330 2477 564 2518 possemus.
624 2464 672 2504 In
693 2463 810 2505 libris
829 2464 941 2504 enim
967 2465 1213 2506 sententiam
1236 2465 1493 2519 dicebamus,

66 2517 434 2569 concionabamur,
455 2520 766 2575 philosophiam
787 2521 909 2561 nobis
928 2535 1005 2576 pro
1027 2522 1269 2577 reipublicae
1291 2537 1494 2577 procura-

65 2574 180 2614 tione
201 2574 468 2617 substitutam
492 2577 760 2631 putabamus.
818 2578 963 2628 Nunc,
985 2578 1180 2633 quoniam
1205 2578 1257 2619 de
1277 2579 1495 2634 republica

63 2630 227 2672 consuli
255 2631 382 2686 coepti
413 2647 572 2685 sumus,
601 2640 618 2665 3
636 2633 863 2675 tribuenda
889 2643 953 2676 est
984 2649 1113 2690 opera
1141 2635 1398 2690 reipublicae,
1428 2636 1493 2677 vel

106 2799 124 2822 2
148 2798 180 2822 ut
202 2804 244 2822 me
267 2803 336 2822 meae
357 2790 523 2832 poeniteret]
544 2805 613 2823 meae
635 2795 754 2825 habent
839 2802 857 2825 8
882 2795 1033 2825 tribuenda
1047 2803 1088 2825 est
1103 2795 1141 2835 o.]
1160 2797 1291 2828 Videtur
1309 2796 1493 2826 addendum

62 2835 132 2865 libri
147 2845 206 2865 scr.
222 2838 317 2865 etiam
331 2836 437 2866 Guelf.
451 2842 481 2865 et
492 2837 560 2869 edd.
572 2844 646 2869 vett.
671 2839 754 2869 Gru·
797 2844 835 2867 et.
858 2848 934 2867 nam
954 2848 1151 2878 consequens
1173 2847 1219 2870 est
1241 2841 1274 2870 in
1297 2841 1356 2870 isto
1377 2845 1491 2869 tantum

58 2885 143 2909 terus
159 2879 254 2909 edidit
266 2879 332 2909 mei.
795 2880 824 2910 h.
841 2886 877 2909 st.
894 2880 1120 2922 relinquendum.

115 2933 231 2962 VOL.
256 2933 323 2962 IV.
348 2934 386 2960 Ρ.
411 2933 443 2961 1.
839 2933 868 2961 O
892 2935 918 2963 O
