1768 3095
541 85 727 123 LIBER
756 82 1068 122 QUARTUS.
1468 88 1523 132 49

86 192 234 237 eadem
256 193 373 246 dicit,
392 207 486 249 quae
508 191 640 233 Stoici
658 207 668 232 :
699 189 898 246 poenituit
917 203 1014 230 eum
1033 189 1106 230 illa
1124 187 1313 230 sensisse.
1342 203 1418 231 cur
1439 205 1524 233 non

86 266 130 294 se
161 251 372 294 transtulit
402 249 454 290 ad
484 248 604 298 alios,
635 256 677 289 et
709 245 890 288 maxime
919 245 972 286 ad
1004 246 1198 287 Stoicos?
1231 259 1379 286 eorum
1408 247 1522 289 enim

85 320 175 351 erat
194 308 361 365 propria
379 307 457 348 ista
476 304 692 346 dissensio.
713 303 843 360 quid?
875 317 973 351 eum
993 301 1239 343 Mnesarchi
1257 302 1519 358 poenitebat?

85 365 222 422 quid?
253 362 472 406 Dardani?
509 361 580 417 qui
610 369 729 402 erant
761 359 943 401 Athenis
977 368 1069 400 tum
1107 359 1316 415 principes
1354 358 1521 400 Stoico-

84 436 195 463 rum.
232 433 460 475 numquam
493 432 519 458 a
555 417 729 458 Philone
767 416 970 467 discessit,
1006 416 1083 457 nisi
1116 424 1390 471 posteaquam
1430 416 1520 471 ipsc

83 480 226 534 coepit,
259 475 331 532 qui
364 490 408 516 se
437 474 643 526 audirent,
670 473 838 515 habere.
897 472 1025 514 Unde
1057 481 1198 513 autem
1230 471 1371 513 subito
1401 481 1582 522 vetus70

83 533 314 575 Academia
342 540 533 574 revocata
562 532 658 573 est?
690 530 871 572 nominis
898 530 1148 586 dignitatem
1178 527 1354 580 videtur,
1374 543 1474 570 cum
1494 543 1520 570 a

83 605 127 632 re
156 590 247 645 ipsa
275 588 541 638 descisceret,
561 588 741 629 retinere
770 586 949 629 voluisse
965 603 977 638 3
1009 585 1124 642 quod
1153 593 1286 637 erant,
1306 586 1379 641 qui
1397 585 1519 628 illum

81 653 121 678 32
136 646 284 701 gloriae
313 659 440 687 causa
468 645 652 686 facerent
682 658 863 700 sperare,
882 643 1009 685 etiam
1040 644 1145 693 fore,
1166 651 1215 684 ut
1236 642 1279 693 ii,
1299 642 1371 698 qui
1391 656 1434 683 se
1454 657 1521 683 se-

80 711 320 759 querentur,
339 701 560 743 Antiochii
577 710 839 743 vocarentur.
897 700 1010 746 Mihi
1031 708 1172 741 autem
1201 699 1339 755 magis
1358 698 1522 741 videtur

81 773 165 800 non
194 759 380 815 potuisse
414 758 620 800 sustinere
647 772 901 799 concursum
932 757 1123 798 omnium
1152 755 1519 812 philosophorum.

78 815 234 857 etenim
254 815 307 857 de
337 816 485 857 ceteris
516 823 614 857 sunt
643 814 751 856 inter
780 814 874 856 illos
902 813 1104 855 nonnulla
1124 813 1396 854 communia:
1427 813 1520 854 haec

78 871 434 915 Academicorum
455 880 519 913 est
539 886 623 913 una
647 870 866 923 sententia,
887 885 1014 927 quam
1045 869 1301 926 reliquorum
1330 869 1521 925 philoso-

79 928 262 984 phorum
284 943 409 970 nemo
426 928 591 985 probet.
622 928 764 984 itaque
783 928 922 969 cessit.
943 935 987 969 et
1006 936 1054 968 ut
1073 927 1116 979 ii,
1137 934 1175 959 ³3
1193 926 1267 982 qui
1287 927 1366 968 sub
1385 926 1521 968 Novis

80 985 210 1027 solem
232 1001 317 1027 non
336 985 505 1028 ferunt:
536 985 638 1027 item
656 985 740 1035 ille,
761 999 859 1026 cum
881 993 1091 1034 aestuaret,
1110 992 1314 1034 veterum,
1333 991 1383 1025 ut
1401 983 1519 1024 Moe-

79 1042 313 1094 nianorum,
334 1043 392 1084 sic
414 1041 770 1084 Academicorum
791 1042 985 1084 umbram
1007 1050 1175 1082 secutus
1195 1049 1274 1081 est.
1332 1040 1519 1096 Quoque
1529 1042 1577 1084 71

78 1098 241 1140 solebat
259 1100 323 1141 uti
342 1107 594 1154 argumento
615 1108 723 1150 tum,
744 1113 842 1140 cum
862 1098 900 1139 ei
919 1097 1127 1154 placebat,
1148 1097 1251 1138 nihil
1278 1110 1402 1153 posse
1421 1111 1519 1153 per—

78 1155 178 1212 cipi,
197 1171 296 1197 cum
317 1165 538 1212 quaereret,
557 1155 792 1212 Dionysius
823 1155 893 1196 ille
924 1154 1216 1203 Heracleotes,
1235 1162 1379 1195 utrum
1398 1168 1518 1195 com-

77 1211 367 1266 prehendisset
402 1222 517 1253 certa
550 1212 622 1253 illa
655 1221 770 1263 nota,
803 1227 888 1268 qua
915 1212 1105 1253 assentiri
1138 1210 1277 1252 dicitis
1308 1219 1519 1266 oportere,

79 1267 253 1320 illudne,
287 1268 402 1325 quod
435 1268 593 1310 multos
627 1282 757 1309 annos
789 1269 1006 1318 tenuisset,
1037 1268 1282 1323 Zenonique
1312 1267 1518 1323 magistro

78 1324 336 1375 credidisset,
356 1324 583 1366 honestum
615 1324 729 1380 quod
759 1334 883 1375 esset,
904 1324 949 1365 id
976 1324 1136 1364 bonum
1158 1325 1298 1365 solum
1317 1338 1407 1365 esse
1421 1340 1433 1374 ;
1463 1338 1518 1365 an

78 1381 195 1436 quod
221 1391 370 1437 postea
397 1380 741 1431 defensitavisset,
767 1380 933 1422 honesti
963 1379 1087 1421 inane
1118 1395 1274 1421 nomen
1307 1394 1412 1431 esse,
1443 1395 1515 1422 vo·
1527 1384 1558 1416 b-

77 1436 284 1492 luptatem
314 1451 405 1478 esse
439 1452 653 1478 summum
687 1438 877 1478 bonum:
914 1436 987 1493 qui
1020 1450 1071 1477 ex
1109 1437 1220 1478 illius
1254 1445 1518 1479 commutata

78 1493 285 1535 sententia
315 1493 465 1534 docere
494 1493 631 1544 vellet,
652 1493 756 1534 nihil
786 1493 846 1534 ita
876 1493 1032 1549 signari
1061 1493 1104 1533 in
1133 1493 1283 1534 animis
1310 1494 1462 1534 nostris
1491 1509 1517 1535 a

79 1564 175 1591 vero
195 1564 334 1606 posse,
355 1549 470 1606 quod
500 1564 585 1591 non
613 1549 763 1590 eodem
793 1549 924 1591 modo
950 1550 1085 1605 possit
1103 1564 1128 1590 a
1148 1550 1269 1600 falso,
1288 1549 1323 1591 is
1342 1551 1517 1602 curavit,

76 1606 195 1662 quod
222 1615 522 1662 argumentum
551 1621 601 1647 ex
630 1607 840 1663 Dionysio
871 1607 959 1662 ipse
987 1607 1220 1656 sumsisset,
1241 1621 1290 1647 ex
1315 1621 1366 1647 eo
1386 1608 1516 1649 ceteri

77 1671 302 1705 sumerent.
360 1671 400 1695 84
416 1663 499 1704 Sed
520 1677 618 1705 curn
639 1663 720 1705 hoe
741 1663 825 1704 alio
851 1663 948 1705 loco
972 1663 1108 1719 plura,
1128 1677 1240 1704 nunc
1260 1663 1312 1704 ad
1332 1678 1396 1715 ea,
1417 1678 1513 1720 quae
1528 1667 1596 1716 23

75 1734 102 1760 a
121 1728 178 1771 te,
194 1719 389 1771 Luculle,
409 1719 522 1761 dicta
541 1729 639 1762 sunt
657 1737 666 1761 :
1525 1741 1577 1782 72

131 1777 188 1818 Et
206 1776 390 1833 primum
410 1776 526 1833 quod
545 1776 666 1818 initio
685 1776 839 1828 dixisti,
859 1776 1088 1827 videamus,
1108 1776 1232 1832 quale
1251 1777 1306 1818 sit
1323 1795 1333 1818 ι
1364 1777 1513 1819 simili-

75 1841 140 1873 ter
158 1847 183 1874 a
201 1833 322 1874 nobis
342 1833 394 1874 de
413 1834 595 1890 antiquis
615 1833 878 1889 philosophis
898 1832 1237 1884 commemorari,
1256 1843 1384 1890 atque
1403 1835 1513 1877 sedi-

75 1888 173 1930 tiosi
193 1889 377 1930 solerent
396 1889 530 1931 claros
548 1890 671 1941 viros,
690 1891 761 1932 sed
781 1899 924 1932 tamen
949 1890 1172 1947 populares
1193 1890 1357 1946 aliquos
1377 1893 1515 1933 nomi-

76 1946 189 1986 nar'e.
215 1945 278 1986 illi
307 1960 405 1986 cum
427 1953 466 1978 3⁵
482 1961 545 1987 res
574 1961 659 1988 non
679 1947 810 1988 bonas
831 1956 1026 1997 tractent,
1047 1946 1203 1988 similes
1224 1947 1435 1989 bonorum
1454 1949 1515 1990 vi-

74 2000 165 2042 deri
184 2001 342 2043 volunt.
365 2016 439 2043 nos
458 2011 600 2044 autem
621 2003 815 2055 dicimus,
835 2018 885 2045 ea
906 2004 1026 2046 nobis
1051 2003 1193 2055 videri,
1214 2019 1308 2060 quae
1329 2015 1513 2048 vosmet·-
1562 2053 1566 2058 ,

73 2057 154 2113 ipsi
189 2058 459 2100 nobilissimis
497 2059 760 2115 philosophis
794 2061 1000 2116 placuisse
1030 2060 1274 2102 conceditis.
1344 2062 1515 2104 Anaxa-

73 2123 200 2170 goras
220 2115 356 2157 nivem
386 2117 549 2171 nigram
579 2116 684 2158 dixit
712 2131 815 2158 esse.
846 2118 973 2159 ferres
1002 2131 1086 2168 me,
1106 2118 1140 2158 si
1159 2131 1242 2173 ego
1267 2117 1377 2159 idem
1398 2119 1512 2161 dice-

73 2173 195 2213 rem?
227 2181 288 2224 tu,
308 2178 349 2204 36
367 2186 418 2214 ne
438 2171 471 2214 si
499 2172 739 2214 dubitarem
770 2174 955 2230 quidem.
985 2181 1031 2215 at
1061 2174 1155 2230 quis
1182 2184 1247 2215 est
1273 2174 1374 2216 hic?
1409 2191 1511 2217 num

115 2324 156 2350 32
180 2317 286 2359 gloriae
308 2330 396 2349 causa
405 2320 546 2361 facerent
567 2317 694 2360 sperare]
721 2321 769 2351 Ex
812 2320 860 2350 vi:
875 2329 919 2350 sc.
937 2320 1084 2352 tabernis.

73 2362 136 2392 hoc
152 2372 218 2392 non
233 2364 405 2393 commoda
419 2365 574 2394 sententia
595 2365 704 2394 oritur.
728 2373 768 2393 an
857 2370 896 2394 34
912 2363 974 2393 Sed
993 2374 1056 2392 cum
1078 2363 1128 2393 hoc
1149 2361 1208 2392 alm
1230 2362 1288 2392 Ioco
1305 2361 1414 2404 plura]
1431 2364 1511 2396 Vul-

63 2404 169 2444 sacere
183 2404 331 2435 dicerent?
349 2412 463 2445 sperare
478 2407 566 2436 etiam
572 2407 643 2447 fore
658 2408 716 2437 Ere.
812 2408 875 2446 gati
901 2406 974 2437 baec.
996 2407 1081 2446 quod
1108 2406 1240 2437 nullum
1262 2416 1393 2438 sensum
1420 2417 1511 2439 com-

116 2454 155 2478 83
173 2448 224 2490 qui
237 2448 288 2477 sub
303 2449 389 2478 nubes
403 2460 426 2479 s.
442 2460 470 2478 n.
478 2448 526 2488 f.]
542 2450 594 2479 Sic
610 2450 680 2480 edd.
695 2456 769 2481 vett.
813 2450 949 2480 modurn
965 2450 1071 2480 efficit.
1118 2449 1261 2480 Correxit
1283 2459 1300 2479 e
1321 2451 1458 2490 vestigiis
1473 2451 1512 2482 li-

71 2496 104 2520 et
118 2490 188 2521 libri
203 2501 264 2521 scr.
287 2492 453 2522 nonnullae
469 2492 519 2521 sub
533 2492 617 2522 nube.
662 2493 769 2523 Lectio
812 2493 943 2523 brorum
970 2502 1030 2523 scr.
1054 2493 1200 2524 Davisius
1229 2493 1322 2523 bene.
1353 2505 1417 2523 cum
1448 2494 1509 2533 hoc,

72 2539 118 2563 est
139 2534 261 2572 vitiosa,
280 2534 517 2574 legendumque
542 2535 592 2565 sub
609 2535 717 2573 Novis,
734 2543 770 2566 ut
812 2536 963 2567 Antiochi
978 2535 1047 2567 scil.

73 2575 106 2606 P.
123 2577 221 2608 Faber
240 2578 331 2614 vidit,
353 2587 396 2608 sc.
421 2578 557 2608 tabernis
580 2580 771 2617 argentario·
855 2586 894 2610 35
920 2590 963 2608 res
985 2589 1040 2608 non
1062 2576 1160 2617 bonas]
1187 2577 1286 2610 Faber
1307 2579 1443 2618 conjecit
1466 2590 1510 2610 res

72 2628 145 2650 rum
160 2629 191 2649 v.
207 2620 246 2650 de
260 2620 316 2651 Or.
333 2621 377 2659 11,
394 2626 445 2651 66.
462 2629 493 2652 et
507 2621 596 2652 Clav.
611 2622 644 2651 in
667 2632 769 2651 novus.
812 2632 925 2660 novas3
957 2632 1023 2653 non
1051 2621 1164 2662 placet.
1208 2622 1303 2652 Ludit
1334 2623 1445 2654 Cicero
1474 2624 1507 2653 in

72 2660 252 2694 Difficultas
280 2669 327 2693 est
362 2673 442 2694 mox
478 2665 511 2694 in
540 2664 769 2701 Maenianorum,
811 2665 906 2696 verbo
921 2665 1005 2695 bonus
1018 2676 1029 2695 .-
1052 2675 1095 2695 res
1110 2675 1163 2694 non
1179 2664 1258 2694 bonae
1273 2672 1304 2695 et
1318 2666 1381 2695 viri
1396 2665 1471 2696 boni.

72 2705 157 2742 quod
186 2715 251 2736 non
274 2707 425 2737 convenit
451 2707 484 2737 h.
502 2707 524 2737 1.
546 2708 622 2746 quia
646 2709 707 2738 sub
733 2707 770 2738 iis
855 2713 895 2739 36
912 2719 945 2738 ne
961 2708 985 2737 si
999 2707 1160 2738 dubitarem
1175 2707 1306 2749 quidem]
1327 2709 1387 2740 lnt.
1404 2711 1442 2740 de
1458 2719 1508 2739 c0=

73 2746 188 2778 umbra
202 2758 266 2779 non
284 2756 341 2780 est.
363 2759 419 2789 pro
434 2760 472 2780 eo
485 2750 657 2789 legendum
675 2750 768 2780 taber·
811 2750 876 2782 lore
893 2751 983 2782 nivis.
1000 2751 1084 2789 alba,
1099 2759 1140 2781 an
1157 2752 1245 2793 nigra
1259 2758 1349 2783 esset.

69 2799 186 2819 aarum.
202 2797 333 2822 ‘ueterum
346 2792 530 2823 tabernarum
542 2794 707 2834 respondet
722 2804 770 2823 ηο-

135 2843 249 2874 VOL·
271 2845 340 2875 IV·
361 2847 401 2876 P.
422 2847 455 2876 1.
806 2847 833 2874 Ε
