1778 3095
255 145 332 182 568
694 145 773 182 DE
810 144 1239 184 DIVINATIONE

254 266 349 306 quae
381 265 478 306 pars,
504 251 676 302 inimici,
707 268 799 307 quae
830 267 922 308 pars
952 253 1165 294 familiaris
1196 260 1303 294 esset
1320 268 1332 302 3
1373 251 1488 308 'quod
1521 251 1678 302 fissum,

254 307 504 362 periculum,
536 308 650 363 quod
685 310 958 351 commodum
992 310 1162 365 aliquod
1196 307 1461 351 ostenderet?
1502 323 1555 348 an
1586 308 1678 349 haec

255 363 363 404 inter
390 378 433 404 se
464 365 703 420 haruspices
739 366 924 417 Etrusci,
961 367 1057 417 Elii,
1091 366 1300 422 AEgyptii,
1342 365 1458 405 Poeni
1487 364 1679 405 contule-

256 422 382 461 runt?
415 421 476 461 At
510 419 567 471 id,
603 431 881 478 praeterquam
919 423 1033 478 quod
1074 423 1158 463 fieri
1191 438 1272 463 non
1307 421 1460 477 potuit,
1496 435 1546 460 ne
1578 419 1680 474 fingi

256 476 427 531 quidem
458 485 609 531 potest.
641 477 745 519 alios
774 479 885 519 enim
913 478 996 519 alio
1018 493 1135 519 more
1156 479 1342 519 videmus
1365 485 1458 518 exta
1478 477 1681 531 interpre-

192 537 246 578 29
258 533 350 583 tari,
379 546 453 573 nec
483 547 573 574 esse
598 549 724 575 unam
755 535 944 575 omnium
977 533 1253 589 disciplinam.
1311 536 1365 575 Et
1398 542 1526 583 certe,
1555 532 1589 573 si
1617 541 1682 572 est

255 589 297 630 in
329 588 433 629 extis
466 590 607 645 aliqua
636 591 709 641 vis,
742 606 836 646 quae
868 590 1052 631 declaret
1082 591 1235 641 futura,
1272 605 1440 632 necesse
1472 599 1550 640 est,
1585 602 1680 629 eam

255 652 330 686 aut
360 659 458 686 cum
490 661 630 687 rerum
665 657 812 687 natura
839 661 929 687 esse
959 645 1243 702 conjunctam,
1274 655 1346 688 aut
1375 655 1412 678 18
1429 643 1684 687 conformari

212 712 244 742 b.
258 701 443 757 quodam
476 703 606 744 modo
641 703 812 744 numine
848 703 1041 744 deorum.
1101 711 1139 736 19
1153 702 1287 758 Atqui
1315 703 1451 743 divina
1485 717 1583 743 cum
1615 715 1682 742 re-

255 773 351 800 rum
379 767 529 799 natura
557 767 673 799 tanta
701 767 873 814 tamque
896 758 1097 814 praeclara
1122 758 1165 799 in
1190 773 1335 799 ornnes
1362 768 1499 814 partes
1519 767 1684 799 motus-

256 829 338 869 que
358 814 520 865 diffusa,
542 815 643 870 quid
672 814 827 856 habere
855 824 994 870 potest
1017 816 1274 856 commune?
1308 830 1393 855 non
1421 815 1557 856 dicam
1588 813 1683 869 gal-

254 871 461 911 linaceum
491 871 560 922 fel,
587 873 700 924 (sunt
726 872 853 922 enim,
875 871 947 927 qui
968 871 1032 912 vel
1060 872 1325 926 argutissima
1352 870 1443 912 haec
1472 879 1567 912 exta
1593 884 1686 911 esse

255 927 413 980 dicant)
457 927 529 968 sed
570 927 678 968 tauri
713 927 844 983 opimi
873 929 1009 984 jecur,
1051 938 1124 969 aut
1158 942 1244 978 cor,
1276 935 1348 968 aut
1386 927 1546 982 pulmo,
1583 926 1686 982 quid

255 983 384 1023 habet
416 984 617 1035 naturale,
654 992 694 1016 20
708 999 793 1039 quo
829 984 1029 1026 declarari
1059 984 1207 1039 possit,
1242 983 1344 1039 quid
1378 985 1566 1025 futurum
1599 983 1682 1024 sit?

177 1033 242 1081 13
256 1040 528 1081 Democritus
550 1048 690 1081 tamen
716 1055 799 1081 non
827 1042 975 1083 inscite
996 1049 1032 1073 21
1048 1051 1245 1096 nugatur,
1266 1049 1315 1082 ut
1342 1040 1568 1097 physicus:
1599 1052 1686 1095 quo

193 1107 246 1139 30
255 1110 410 1151 genere
432 1096 534 1137 nihil
553 1097 831 1152 arrogantius.

367 1177 468 1227 Quod
482 1187 531 1215 est
548 1187 626 1214 ante
640 1178 750 1228 pedes,
768 1191 858 1215 nemo
873 1184 998 1229 spectat
1010 1193 1023 1214 .·
1052 1177 1128 1214 caeli
1144 1186 1339 1214 scrutantur
1352 1177 1490 1229 plagas.

254 1262 416 1304 Verum
448 1261 481 1302 is
515 1271 656 1302 tamen
683 1260 831 1303 habitu
855 1270 1064 1312 extorum,
1084 1269 1127 1302 et
1146 1260 1287 1302 colore
1307 1260 1509 1307 declarari
1529 1269 1568 1293 22
1586 1275 1685 1302 cen-

257 1327 334 1368 set,
370 1317 462 1358 haec
499 1317 717 1368 duntaxat,
756 1318 901 1373 pabuli
938 1333 1089 1373 genus,
1129 1325 1171 1358 et
1208 1332 1352 1358 earum
1391 1332 1544 1368 rerum,
1584 1333 1688 1373 quas

254 1382 368 1414 terra
406 1383 611 1429 procreet,
647 1374 711 1415 vel
746 1374 998 1425 ubertatem,
1038 1374 1100 1416 vel
1138 1374 1386 1415 tenuitatem
1403 1390 1414 1424 3
1464 1375 1686 1416 salubrita-

256 1437 345 1471 tem
365 1431 507 1480 etiam,
527 1440 600 1471 aut
623 1430 906 1486 pestilentiam
930 1431 1034 1472 extis
1061 1430 1286 1486 significari
1314 1439 1451 1486 putat.
1512 1431 1550 1473 O
1571 1446 1689 1472 mor-

255 1486 384 1527 talem
414 1487 611 1528 beatum!
645 1495 682 1519 23
701 1487 769 1528 cui
799 1496 915 1528 certo
942 1487 1030 1528 scio
1049 1487 1199 1528 ludum
1228 1502 1460 1543 numquam
1491 1487 1687 1530 defuisse.

257 1543 482 1584 Hunccine
508 1544 722 1585 hominem
755 1552 794 1575 24
809 1544 934 1585 tantis
961 1543 1216 1585 delectatum
1245 1557 1334 1584 esse
1362 1543 1502 1599 nugis,
1526 1553 1574 1584 ut
1603 1559 1688 1586 non

256 1599 429 1651 videret,
470 1609 563 1641 tum
603 1601 795 1642 futurum
835 1600 878 1642 id
907 1600 1142 1651 verisimile,
1173 1600 1208 1640 si
1245 1600 1435 1640 omnium
1473 1600 1687 1655 pecudum

255 1666 353 1698 exta
372 1656 523 1698 eodem
544 1666 735 1712 tempore
757 1657 799 1697 in
819 1656 999 1698 eundem
1021 1656 1212 1697 habitum
1234 1671 1278 1696 se
1297 1656 1569 1711 coloremque
1585 1671 1689 1697 con-

257 1715 493 1754 verterent?
526 1713 601 1754 sed
621 1714 656 1754 si
675 1713 823 1754 eadem
846 1713 949 1753 hora
967 1712 1058 1753 aliae
1078 1712 1250 1768 pecudis
1274 1713 1397 1768 jecur
1422 1712 1601 1753 nitidum
1623 1722 1689 1753 at-

193 1779 241 1812 31
258 1782 340 1824 que
377 1769 551 1824 plenum
590 1778 668 1818 est,
698 1769 790 1810 aliae
827 1769 1044 1810 horridum
1076 1778 1119 1810 et
1147 1768 1277 1808 exile:
1326 1768 1428 1823 quid
1467 1778 1543 1818 est,
1574 1768 1690 1824 quod

257 1824 458 1867 declarari
478 1826 611 1882 possit
638 1825 788 1866 habitu
809 1834 1001 1867 extorum
1030 1834 1073 1865 et
1099 1825 1272 1866 colore?
1305 1839 1357 1865 an
1388 1824 1469 1865 hoc
1499 1825 1689 1880 ejusdem

257 1881 374 1922 modi
394 1892 472 1934 est,
493 1882 616 1939 quale
640 1881 953 1938 Pherecydeum
979 1881 1099 1932 illud,
1130 1880 1247 1937 quod
1275 1889 1339 1922 est
1365 1895 1390 1922 a
1419 1891 1461 1922 te
1491 1881 1685 1924 dictum?

998 2052 1063 2070 rare
1072 2046 1106 2080 p.

303 2047 340 2071 18
365 2041 535 2082 confiarmari
551 2054 579 2083 q.
598 2052 634 2072 m.
653 2042 767 2070 numine
782 2039 829 2081 d]
847 2041 953 2080 Vulgo

570 2086 575 2090 '
1041 2091 1078 2114 21
1104 2082 1243 2123 nugatur]
1264 2084 1368 2120 Ludit,
1382 2084 1518 2122 jocatur.

257 2091 304 2113 est
320 2084 440 2114 numini.
458 2094 576 2115 correxn
594 2085 718 2120 numine,
736 2091 771 2114 ut
782 2079 882 2114 Aldus
899 2094 954 2113 ne-

259 2137 314 2166 pos
338 2127 444 2157 edidit.
467 2138 543 2158 nam
566 2135 598 2157 et
619 2129 651 2157 in
683 2128 746 2158 ΜΞ.
771 2127 878 2157 Guelf.
908 2133 955 2157 est

259 2170 380 2206 nomine,
398 2177 433 2200 ut
448 2178 479 2200 et
499 2171 531 2200 ln
547 2171 595 2200 ed.
612 2171 692 2200 Ven.
713 2177 804 2202 1494.
821 2170 875 2199 ubi
899 2171 954 2199 do-

259 2219 309 2241 cta
330 2223 445 2242 manus
463 2214 596 2243 correxit
611 2213 734 2243 numine.
755 2214 831 2243 forte
852 2220 881 2243 et
897 2224 954 2242 mo-

258 2255 292 2284 do
308 2262 353 2285 est
368 2257 525 2295 spurium.

306 2306 344 2332 19
366 2299 461 2340 Atqui
490 2299 595 2328 divina
622 2309 685 2328 cum
711 2308 804 2326 rerum
830 2295 953 2337 natura]

260 2342 364 2372 Locus
387 2342 533 2377 difficilis,
551 2342 697 2380 varieque
718 2347 854 2371 tentatus
876 2350 893 2370 a
908 2342 954 2370 vi-

260 2385 301 2414 ris
324 2385 432 2414 doctis.
479 2385 560 2414 Mihi
584 2384 706 2414 videtur
729 2394 823 2412 rerum
845 2383 955 2413 delen-

259 2428 340 2457 dum
359 2438 438 2463 esse,
454 2428 540 2466 quod
562 2427 716 2456 insertum
731 2433 789 2463 est,
806 2426 881 2465 quia
897 2436 955 2466 pu-

260 2470 370 2499 tabant
390 2480 495 2500 rerum
511 2477 658 2500 naturam
675 2479 740 2499 esse
755 2479 955 2499 commemo-

261 2513 406 2549 randam,
424 2522 482 2542 nee
495 2513 644 2542 videbant
659 2522 730 2542 eam
748 2513 778 2541 in
797 2513 956 2550 sequenti-

260 2554 321 2584 bus
343 2556 521 2585 memorari.
542 2556 593 2585 sed
616 2555 746 2594 signum
764 2555 957 2592 interrogan-

261 2598 292 2627 di
313 2603 359 2626 est
376 2599 561 2636 ponendum
585 2604 654 2636 post
670 2597 748 2625 tauri
767 2595 854 2635 opimi
859 2596 956 2635 jecur.

261 2640 300 2669 ad
317 2649 422 2670 rerum
439 2647 585 2669 naturam
601 2641 757 2679 pertinent
771 2639 933 2677 sequentia
948 2650 955 2667 :

261 2689 314 2711 aut
337 2694 395 2719 cor,
419 2689 471 2711 aut
486 2682 599 2721 pulmo,
626 2682 698 2724 quid
719 2681 802 2710 habet
824 2680 957 2709 naturale

263 2726 322 2755 &c-

305 2775 346 2798 20
370 2778 423 2808 quo
449 2766 593 2796 declarari
615 2764 718 2805 possit]
751 2765 801 2796 Sic
828 2765 908 2794 edidi
939 2775 956 2795 e

263 2811 326 2841 Ms.
343 2810 450 2840 Guelf.
467 2816 496 2839 et
512 2809 596 2839 libris
610 2809 751 2845 Victorii,
765 2808 849 2838 unde
864 2815 894 2836 et
911 2817 956 2837 re-

261 2854 367 2893 posuit
394 2853 553 2884 Davisius.
577 2852 675 2893 vulgo
701 2858 746 2882 est
768 2850 842 2893 quod
861 2849 956 2880 decla-

1042 2134 1081 2157 22
1105 2133 1196 2156 censet
1217 2127 1277 2156 ltaec
1292 2126 1449 2165 duntaxat]
1476 2127 1564 2157 Edidi
1591 2127 1652 2157 ltaec
1673 2137 1691 2158 e

999 2170 1062 2200 Ms.
1084 2169 1187 2200 Guelf-
1217 2170 1271 2200 sed
1297 2170 1410 2200 malim
1436 2180 1611 2210 pronomen
1637 2172 1692 2201 de-

996 2213 1063 2242 leri.

1041 2262 1078 2286 23
1103 2254 1150 2284 cui
1168 2266 1191 2285 c.
1215 2265 1238 2284 s.
1257 2253 1354 2284 ludum
1377 2266 1531 2296 numquam
1553 2254 1686 2295 defitisse]

998 2298 1062 2328 Ms.
1086 2298 1193 2328 Guelf.
1218 2304 1254 2326 ut
1271 2297 1336 2333 alii,
1354 2304 1384 2327 et
1398 2299 1466 2328 edd.
1483 2305 1544 2328 vet,
1559 2305 1594 2329 ut
1609 2299 1691 2328 Ven.

1001 2348 1093 2374 1494.
1119 2351 1175 2380 pro
1201 2339 1298 2369 ludum
1321 2341 1604 2379 habent-judicium.
1652 2341 1690 2372 In

999 2394 1071 2414 meo
1087 2382 1234 2422 exemplo
1251 2384 1330 2413 Ven.
1348 2393 1462 2413 manus
1485 2385 1576 2413 docta
1597 2394 1692 2422 supra

998 2427 1121 2466 scripsit
1140 2426 1238 2455 ludum
1255 2426 1274 2454 i.
1292 2435 1319 2455 e.
1332 2426 1445 2465 jocum,
1461 2431 1493 2454 u!
1508 2433 1535 2455 et
1555 2426 1692 2456 Juvena-

999 2469 1034 2498 lis
1056 2469 1125 2499 Sat.
1147 2469 1186 2498 X.
1209 2467 1304 2497 dixit:
1335 2469 1419 2506 quod
1442 2475 1473 2497 et
1495 2469 1616 2498 editum
1639 2470 1693 2499 de-

999 2512 1071 2541 inde
1087 2518 1144 2547 est,
1161 2511 1310 2550 probante
1322 2511 1511 2541 Camerario.
1543 2512 1692 2542 Davisius

999 2561 1107 2583 autem
1129 2553 1266 2583 malebat
1289 2552 1441 2589 ludicrum,
1466 2560 1502 2583 ut
1520 2554 1627 2584 minus
1648 2555 1694 2586 le-

999 2597 1062 2625 ctio
1081 2596 1201 2625 abesset
1225 2605 1242 2624 a
1257 2594 1414 2635 judicium.
1460 2596 1542 2626 Mihi
1567 2606 1631 2627 non
1656 2597 1693 2627 li-

999 2644 1084 2677 quet.
1126 2639 1337 2676 Sequentibus
1354 2638 1484 2677 quidem
1501 2641 1600 2678 magis
1616 2649 1692 2670 con-

999 2681 1105 2711 venire
1120 2680 1405 2720 videtui-judicium.

1041 2731 1081 2753 24
1105 2723 1193 2752 tantis
1215 2723 1384 2752 delectatum
1406 2722 1501 2763 nugis]
1528 2724 1601 2754 Non
1625 2724 1692 2764 pla·

999 2773 1058 2796 cet.
1080 2767 1158 2795 forte
1174 2765 1283 2796 Cicero
1303 2767 1424 2806 scripsit
1442 2773 1552 2797 tantum
1568 2766 1691 2797 delecta·

1001 2815 1060 2838 tum
1075 2808 1169 2849 nugis.
