1768 3095
253 100 307 138 86
536 102 608 140 DE
636 101 792 140 FlNIB.
812 102 1014 142 BONOR.
1035 104 1102 141 ET
1129 103 1341 142 MALOR.

251 206 376 258 rium,
412 208 552 251 minus
586 224 640 251 eo
674 209 889 261 delectari,
924 211 1040 268 quod
1076 213 1156 254 ista
1195 212 1395 262 Platonis,
1431 211 1689 264 Aristotelis,

248 262 532 320 Theophrasti
562 267 762 308 orationis
794 278 1042 310 ornamenta
1072 269 1317 325 neglexerit.
1350 283 1443 310 nam
1473 268 1573 310 illuc
1593 269 1687 325 qui-

252 319 349 362 dem
381 321 534 364 adduci
565 323 630 364 vix
658 338 847 378 possum,
879 335 926 366 ut
957 340 1020 375 ea,
1051 341 1145 381 quae
1177 326 1350 368 senserit
1383 325 1466 375 ille,
1494 324 1571 366 tibi
1603 340 1688 368 non

193 388 238 421 15
253 391 348 418 vera
375 378 604 420 videantur.
665 381 776 423 Vide
804 392 1026 437 quantum,
1057 383 1244 437 inquam,
1270 382 1428 432 fallare,
1458 383 1688 438 Torquate.

249 435 386 476 oratio
405 450 474 477 me
495 437 613 478 istius
631 437 874 493 philosophi
894 452 978 479 non
997 439 1187 480 offendit.
1213 454 1308 481 nam
1331 449 1374 480 et
1393 438 1690 494 complectitur

246 493 398 541 verbis,
418 493 533 548 quod
555 494 657 546 vult,
682 505 726 535 et
755 494 858 536 dicit
885 495 1021 549 plane,
1041 495 1158 551 quod
1183 496 1445 552 intelligam:
1476 505 1519 536 et
1545 504 1688 536 tamen

248 562 273 589 a
302 549 572 604 philosopho,
601 551 635 591 si
665 551 809 591 afferat
840 551 1140 607 eloquentiam,
1170 567 1254 593 non
1284 567 1511 608 asperner:
1541 552 1575 593 si
1601 566 1686 593 non

247 604 415 655 habeat,
437 621 520 647 non
542 606 772 648 admooum
792 608 995 662 flagitem.
1026 622 1069 649 re
1089 608 1194 649 mihi
1214 623 1298 649 non
1319 624 1439 665 aeque
1467 608 1686 659 satisfacit,

247 670 290 702 et
321 662 490 718 quidem
519 663 622 704 locis
652 664 857 719 pluribus.
889 663 960 706 sed
992 674 1098 720 quot
1132 664 1325 706 homines
1355 675 1422 707 tot
1451 665 1686 707 sententiae.

247 718 337 760 falli
354 719 485 774 igitur
504 734 742 776 possumus.
802 721 1095 763 Quamobrem
1127 721 1313 772 tandem,
1331 722 1482 778 inquit,
1503 737 1588 763 non
1618 736 1686 762 sa-

248 775 432 817 tisfacit?
464 785 505 817 te
537 777 651 818 enim
678 777 865 833 judicem
900 793 1070 834 aequum
1106 786 1239 832 puto:
1269 778 1413 828 modo,
1444 793 1537 834 quae
1573 777 1687 820 dicat

190 831 332 883 mille,
365 833 471 874 bene
504 833 629 874 noris.
689 834 784 875 Nisi
815 834 919 876 mihi
954 834 1193 885 Phaedrum,
1226 835 1412 891 inquam,
1444 835 1686 885 mentitum,

246 898 319 930 aut
353 891 570 931 Zenonem
608 898 730 945 putas
772 894 969 946 (quorum
1006 900 1232 947 utrumque
1266 892 1419 943 audivi,
1451 906 1549 933 cum
1581 891 1686 933 mihi

244 946 349 987 nihil
369 961 465 987 sane
486 957 638 1002 praeter
659 947 926 989 sedulitatem
947 949 1189 1004 probarent)
1215 963 1362 991 omnes
1390 948 1493 989 mihi
1514 948 1685 1003 Epicuri

243 1003 460 1045 sententiae
494 1003 593 1045 satis
625 1013 735 1045 notae
767 1014 879 1046 sunt.
909 1014 1036 1061 atque
1072 1019 1160 1054 eos,
1192 1020 1298 1061 quos
1334 1005 1560 1056 nominavi,
1584 1020 1683 1045 cum

242 1059 391 1101 Attico
419 1070 564 1102 nostro
594 1061 836 1117 frequenter
860 1061 1026 1112 audivi3
1057 1076 1155 1103 cum
1178 1062 1401 1103 miraretur
1419 1062 1489 1103 ille
1510 1061 1684 1118 quidem

241 1125 485 1173 utrumque,
508 1117 729 1158 Phaedrum
751 1129 893 1159 autem
913 1119 1039 1160 etiam
1060 1129 1221 1160 amaret
1239 1135 1248 1158 z
1277 1118 1550 1174 quotidieque
1576 1119 1685 1160 inter

242 1185 319 1213 nos
353 1188 416 1224 ea,
450 1189 544 1229 quae
581 1174 871 1225 audiebamus,
907 1175 1252 1216 conferebamus:
1291 1190 1426 1231 neque
1463 1184 1552 1215 erat
1587 1189 1682 1214 um-

241 1241 369 1285 quam
400 1232 698 1281 controversia,
721 1231 820 1287 quid
853 1246 936 1287 ego
969 1231 1264 1286 intelligerem,
1289 1232 1363 1272 sed
1395 1231 1496 1286 quid
1528 1231 1683 1285 proba-

194 1280 347 1334 6rem.
405 1287 523 1345 Quid
543 1287 674 1342 igitur
692 1297 771 1338 est,
791 1288 959 1344 inquit?
992 1287 1139 1329 audire
1167 1288 1280 1329 enim
1311 1288 1452 1343 cupio,
1475 1287 1576 1344 quid
1598 1300 1701 1331 non?

240 1343 406 1397 probes.

182 1406 227 1448 17
300 1397 524 1455 Principio,
544 1401 732 1456 inquam,
763 1401 804 1442 in
834 1400 1034 1457 physicis,
1065 1401 1217 1457 quibus
1249 1399 1431 1441 maxime
1459 1399 1682 1456 gloriatur,

240 1463 280 1489 29
294 1456 479 1510 primum
502 1465 617 1498 totus
636 1466 702 1498 est
720 1457 893 1499 alienus.
953 1466 994 1490 30
1007 1458 1258 1499 Democrito
1288 1456 1446 1511 adjicit,
1473 1470 1682 1511 perpauca

238 1521 421 1563 mutans,
443 1513 517 1554 sed
538 1514 610 1563 ita,
631 1523 678 1555 ut
697 1528 760 1563 ea,
784 1530 878 1570 quae
899 1515 1110 1570 corrigere
1140 1514 1243 1561 vult,
1268 1513 1372 1553 mihi
1402 1512 1573 1568 quidem
1605 1512 1678 1553 de-

236 1580 407 1624 pravare
424 1570 628 1611 videatur.
690 1571 768 1611 Ille
787 1580 968 1621 atomos,
988 1586 1091 1627 quas
1121 1569 1319 1626 appellat,
1340 1569 1382 1610 id
1402 1578 1479 1618 est,
1500 1582 1680 1624 corpora

236 1626 462 1677 individua,
482 1637 656 1682 propter
684 1627 939 1668 soliditatem
961 1637 1103 1668 censet
1121 1628 1161 1668 in
1182 1626 1346 1667 infinito
1371 1626 1498 1676 inani,
1519 1626 1560 1666 in
1591 1638 1678 1681 quo

236 1681 342 1724 nihil
361 1697 437 1724 nec
467 1698 699 1734 summum,
733 1699 808 1725 nec
838 1684 1046 1735 infimum,
1077 1699 1153 1724 nec
1185 1682 1387 1732 medium,
1417 1691 1454 1714 31
1475 1696 1550 1723 nec
1577 1682 1679 1724 ulti-

236 1752 372 1790 mum,
396 1754 472 1781 nec
492 1749 728 1781 extremum
748 1741 816 1790 sit,
838 1741 898 1781 ita
916 1741 1027 1791 ferri,
1049 1750 1097 1782 ut
1115 1739 1463 1781 concursionibus
1493 1740 1602 1780 inter
1631 1753 1676 1780 se

192 1803 225 1834 b.
237 1796 550 1843 cohaerescant:
581 1811 631 1838 ex
661 1811 746 1852 quo
776 1797 1009 1838 efficiantur
1038 1812 1102 1847 ea,
1134 1812 1227 1852 quae
1260 1797 1356 1845 sint,
1375 1810 1554 1852 quaeque
1582 1809 1676 1836 cer-

238 1861 404 1904 nantur,
424 1854 588 1895 omnia:
619 1868 802 1909 eumque
824 1863 986 1895 motum
1008 1862 1248 1895 atomorum
1270 1853 1388 1893 nullo
1408 1867 1432 1893 a
1451 1852 1674 1909 principio,

177 1920 223 1952 18
237 1909 312 1950 sed
333 1924 386 1951 ex
405 1919 563 1951 aeterno
582 1919 774 1965 tempore
794 1910 974 1966 intelligi
993 1910 1226 1951 convenire.
1285 1909 1494 1965 Epicurus
1516 1918 1674 1960 autem,

236 1966 279 2008 in
299 1966 451 2022 quibus
473 1967 660 2023 sequitur
680 1968 993 2018 Democritum,
1015 1982 1099 2008 non
1120 1967 1206 2008 fere
1226 1966 1394 2007 labitur.
1414 1979 1673 2021 quamquam

235 2023 454 2080 utriusque
486 2038 585 2065 cum
614 2023 752 2065 multa
771 2039 855 2065 non
876 2024 1026 2080 probo,
1048 2033 1140 2064 tum
1170 2022 1275 2064 illud
1304 2022 1347 2062 in
1375 2023 1536 2077 primis,
1556 2021 1674 2077 quod

234 2093 332 2121 cum
354 2080 396 2121 in
416 2095 555 2122 rerum
577 2090 725 2122 natura
745 2080 831 2122 duo
851 2079 1076 2136 quaerenda
1096 2081 1193 2130 sint,
1214 2093 1361 2129 unum,
1382 2093 1475 2134 quae
1498 2078 1674 2119 materia

233 2137 302 2187 sit,
323 2151 373 2178 ex
393 2151 491 2194 qua,
507 2152 687 2193 quaeque
717 2152 782 2178 res
812 2138 1045 2187 efficiatur3
1075 2137 1269 2186 alterum,
1289 2150 1384 2191 quae
1405 2135 1463 2176 vis
1485 2134 1553 2186 sit,
1575 2149 1671 2190 quae

233 2193 420 2250 quidque
450 2194 628 2236 efficiat:
659 2194 713 2235 de
748 2194 924 2236 materia
957 2194 1268 2243 disseruerunt3
1300 2192 1399 2242 vim,
1430 2200 1473 2233 et
1497 2206 1670 2233 causam

232 2250 437 2291 efficiendi
468 2251 739 2307 reliquerunt.
771 2251 843 2292 sed
875 2251 957 2293 hoc
985 2264 1214 2292 commune
1246 2249 1423 2290 vitium:
1456 2247 1537 2289 illae
1567 2248 1670 2303 Epi-

232 2307 324 2348 curi
353 2308 533 2364 propriae
564 2308 710 2349 ruinae.
769 2317 915 2350 censet
943 2308 1071 2358 enim,
1091 2306 1239 2348 eadem
1269 2306 1343 2347 illa
1373 2305 1600 2356 individua,
1628 2312 1671 2346 et

233 2363 370 2405 solida
389 2379 566 2420 corpora
585 2365 683 2406 ferri
704 2381 782 2407 suo
798 2365 995 2406 deorsum
1014 2363 1200 2419 pondere
1219 2370 1259 2395 32
1273 2363 1326 2404 ad
1348 2361 1522 2404 lineam:
1557 2362 1670 2403 hunc

172 2430 223 2471 19
235 2420 465 2462 naturalem
494 2436 586 2463 esse
616 2422 809 2464 omnium
838 2435 1063 2477 corporum
1094 2429 1277 2462 motum.
1337 2427 1376 2452 3
1392 2418 1560 2461 Deinde
1584 2418 1670 2460 ibi-

273 2553 316 2579 29
337 2545 468 2584 primum
494 2552 567 2575 totus
591 2557 614 2575 e.
639 2542 765 2584 alienus]
795 2542 927 2574 Primum
1012 2548 1050 2573 31
1083 2553 1134 2572 nec
1169 2541 1316 2580 ultimum,
1346 2554 1396 2572 nec
1425 2550 1585 2573 extremum
1613 2543 1666 2584 sit]

230 2589 278 2620 nil
301 2589 405 2619 differt
428 2598 445 2617 a
463 2588 619 2627 principio.
644 2597 704 2618 nec
727 2597 839 2618 verum
862 2596 927 2617 esse
970 2585 1132 2616 Contraria
1158 2586 1211 2616 hic
1236 2587 1443 2626 requiruntur.
1470 2587 1577 2625 itaque
1600 2597 1667 2618 non

230 2638 342 2672 potest.
386 2630 533 2662 Davisius
558 2631 695 2670 conjecit
714 2629 927 2671 propemodum.
970 2628 1054 2659 male
1083 2629 1230 2659 Davisius
1254 2640 1304 2658 nec
1328 2629 1470 2668 primum,
1497 2640 1548 2658 nec
1573 2636 1668 2660 extre-

231 2686 298 2706 non
314 2684 388 2705 sane
405 2674 499 2705 male.
969 2683 1057 2702 mum.
1071 2671 1127 2702 Ed.
1144 2672 1212 2703 Col.
1230 2672 1345 2702 habet:
1370 2682 1419 2700 nec
1441 2682 1593 2709 summum,
1615 2683 1666 2703 nec

272 2725 313 2750 30
340 2717 503 2747 Democrito
527 2715 644 2757 adjicit]
667 2716 699 2746 Si
726 2724 839 2746 verum
864 2721 922 2752 est,
967 2715 1110 2755 irfimum,
1127 2727 1176 2744 nec
1191 2715 1326 2751 medium,
1343 2725 1393 2743 nec
1407 2713 1553 2745 ultimum.

226 2768 282 2792 aut
304 2761 389 2800 quod
412 2767 458 2791 cst
478 2760 511 2790 in
532 2761 602 2790 edd.
625 2769 670 2799 pr.
687 2758 804 2799 adjecit,
822 2758 923 2790 intell.
1010 2764 1050 2789 32
1066 2759 1107 2788 ad
1119 2757 1238 2796 lineam]
1259 2757 1534 2796 Perpendiculum.

226 2803 402 2837 calculum.
459 2804 519 2834 Sed
549 2810 595 2834 est
624 2803 744 2834 durius.
775 2802 923 2834 Davisius
1009 2807 1049 2832 33
1069 2800 1181 2830 Deinde
1206 2800 1324 2839 ibidem]
1350 2801 1388 2831 In
1412 2801 1523 2832 eadem
1547 2809 1590 2832 re.
1611 2800 1666 2832 ali-

225 2848 352 2888 corrigit
367 2846 477 2876 addicit
492 2856 536 2878 sc.
552 2856 595 2877 se.
967 2844 1096 2876 malunt
1108 2844 1182 2875 idem
1197 2853 1241 2876 sc.
1258 2844 1425 2884 Epicurus.
