1778 3095
251 121 323 175 192
563 116 634 155 DE
663 117 820 156 FINIB.
843 118 1041 156 BONOR.
1065 118 1130 155 ET
1150 117 1350 156 MALOR.

244 219 411 272 adduci,
443 230 492 263 ut
526 222 633 264 inter
669 238 738 265 eas
773 238 853 275 res,
893 237 996 280 quas
1037 225 1156 265 Zeno
1190 229 1443 279 exaequaret,
1475 221 1581 265 nihil
1608 223 1675 265 in-

245 286 432 319 teresset.

161 339 232 386 20
303 335 451 376 Postea
476 342 602 376 ⁵tuus
640 335 711 377 ille
742 335 957 387 Poenulus,
992 336 1088 388 (scis
1119 336 1230 377 enim
1264 335 1473 386 Cittiaeos,
1503 336 1675 378 clientes

180 407 232 445 56
245 398 355 443 tuos,
379 398 433 432 δε
463 391 676 433 Phoenicia
708 393 935 448 profectos)
976 392 1107 434 homo
1137 393 1267 447 igitur
1303 401 1467 443 acutus,
1502 407 1673 433 causam

244 463 326 489 non
358 448 568 498 obtinens,
602 458 864 504 repugnante
900 458 1061 500 natura,
1097 451 1220 489 verba
1256 464 1414 490 versare
1445 449 1602 503 coepit:
1633 456 1676 489 et

243 505 426 559 primum
456 505 580 545 rebus
613 504 677 555 iis,
714 519 816 560 quas
853 520 929 546 nos
963 505 1094 546 bonas
1128 506 1336 556 ducimus,
1367 505 1591 556 concessit,
1626 514 1674 546 ut

242 561 493 601 haberentur
513 569 637 615 aptae,
653 561 834 611 habiles,
851 570 894 602 et
922 561 974 601 ad
1006 570 1193 602 naturam
1218 561 1550 603 accommodatae
1570 578 1578 602 :
1611 561 1674 601 fa-

241 617 403 672 terique
424 617 568 673 coepit,
597 617 786 673 sapienti,
818 618 900 658 hoe
932 626 1009 666 est,
1041 632 1205 658 summe
1237 618 1375 669 beato,
1407 617 1674 659 commodius

240 682 383 714 tamen
401 688 506 724 esse,
528 674 561 714 si
580 688 630 714 ea
658 688 829 730 quoque
861 674 1029 724 habeat,
1063 689 1157 729 quae
1191 675 1302 714 bona
1333 690 1416 715 non
1447 675 1576 715 audet
1596 689 1671 729 ap-

240 729 422 785 pellare3
450 738 626 771 7natura
663 730 754 786 ipsa
792 729 1117 771 accommodata
1150 745 1240 770 esse
1271 731 1492 772 concedit:
1524 739 1674 786 negat-

240 801 338 842 que,
362 787 594 837 Platonem,
615 788 646 828 si
669 787 831 842 sapiens
861 802 942 828 non
971 787 1039 837 sit,
1065 787 1211 827 eadem
1242 801 1331 828 esse
1358 788 1400 828 in
1430 802 1569 838 causa,
1590 801 1674 842 qua

240 852 465 899 tyrannum
486 843 759 900 Dionysium.
781 843 878 885 huic
900 843 1008 884 mori
1036 844 1248 899 optimum
1279 858 1384 894 esse,
1405 854 1577 899 propter
1598 844 1673 884 de-

241 900 521 955 sperationem
558 900 800 956 sapientiae:
832 900 906 951 illi,
942 910 1112 956 propter
1145 915 1277 955 spem,
1307 901 1468 941 vivere:
1500 910 1674 956 peccata

239 966 378 997 autem
400 956 553 1012 partim
576 971 666 998 esse
685 957 933 1008 tolerabilia,
954 957 1107 1012 partim
1139 957 1255 998 nullo
1286 956 1431 1007 modo,
1452 966 1674 1011 propterea

239 1013 353 1068 quod
374 1013 456 1054 alia
474 1024 647 1069 peccata
667 1014 819 1069 plures,
840 1015 921 1055 alia
950 1014 1166 1068 pauciores
1188 1015 1306 1069 quasi
1328 1027 1525 1054 numeros
1546 1012 1671 1053 officii

238 1070 510 1124 praeterirent.
526 1071 617 1126 jam
644 1071 886 1126 insipientes
914 1070 1018 1112 alios
1049 1070 1108 1111 ita
1136 1085 1240 1120 esse,
1266 1079 1314 1111 ut
1334 1070 1450 1110 nullo
1467 1069 1597 1111 modo
1619 1068 1674 1110 ad

239 1127 485 1181 sapientiam
523 1136 701 1183 possunt
738 1128 982 1183 pervenire:
1029 1126 1148 1177 alios,
1189 1127 1259 1182 qui
1300 1136 1491 1181 possunt,
1529 1125 1590 1166 esi
1629 1125 1672 1166 id

176 1192 225 1230 57
239 1183 439 1238 egissent,
459 1184 704 1240 sapientiam
725 1183 941 1239 consequi.
1002 1184 1087 1224 Hic
1116 1183 1369 1238 loquebatur
1388 1183 1521 1231 aliter,
1543 1192 1671 1237 atque

240 1254 386 1281 omnes
409 1258 419 1280 z
451 1241 656 1282 sentiebat
674 1240 801 1289 idem,
824 1240 939 1296 quod
960 1240 1101 1280 ceteri.
1133 1254 1209 1279 nec
1239 1254 1335 1280 vero
1365 1239 1537 1279 minoris
1559 1239 1671 1278 aesti-

239 1297 395 1337 manda
410 1297 592 1338 ducebat
621 1311 683 1347 ea,
718 1311 813 1352 quae
844 1297 932 1352 ipse
962 1296 1076 1336 bona
1105 1304 1279 1351 negaret
1307 1309 1411 1345 esse,
1443 1309 1567 1350 quam
1597 1294 1672 1345 illi,

262 1353 364 1408 9qui
384 1367 433 1394 ea
461 1353 575 1394 bona
603 1368 694 1394 esse
727 1353 936 1394 dicebant.
995 1352 1114 1394 Quid
1144 1352 1276 1407 igitur
1306 1351 1438 1392 voluit
1472 1351 1564 1401 sibi,
1598 1351 1671 1406 qui

109 1408 309 1463 p.119.illa
343 1410 594 1451 mutaverit?
647 1409 804 1450 Saltem
837 1408 997 1465 aliquid
1031 1409 1083 1449 de
1118 1408 1302 1464 pondere
1335 1407 1594 1458 detraxisset,
1630 1415 1672 1448 et

198 1476 227 1498 ³·
238 1465 382 1521 paullo
401 1467 574 1508 minoris
596 1466 883 1507 aestimavisset
907 1481 972 1516 ea,
1001 1480 1129 1521 quam
1153 1465 1428 1521 Peripatetici,
1448 1473 1495 1505 ut
1517 1463 1671 1505 sentire

237 1537 408 1579 quoque
437 1523 566 1575 aliud,
597 1538 681 1564 non
711 1523 848 1564 solum
880 1522 1018 1563 dicere
1046 1522 1268 1563 videretur.
1326 1521 1476 1562 Quid?
1510 1520 1561 1561 de
1580 1521 1670 1575 ipsa

235 1580 360 1621 beata
377 1580 474 1630 vita,
494 1580 547 1621 ad
567 1595 694 1636 quam
729 1579 872 1621 omnia
902 1579 1153 1628 referuntur,
1187 1593 1281 1633 quae
1302 1577 1438 1618 dicitis
1457 1579 1470 1618 ?
1504 1577 1668 1632 negatis

234 1651 326 1677 eam
358 1651 463 1687 esse,
495 1652 589 1692 quae
624 1636 790 1692 expleta
821 1637 875 1677 sit
907 1635 1105 1676 omnibus
1137 1635 1186 1675 iis
1217 1635 1358 1684 rebus,
1385 1649 1489 1689 quas
1519 1643 1669 1674 natura

235 1692 468 1735 desideret:
512 1703 732 1749 totamque
762 1707 854 1733 eam
884 1692 927 1733 in
957 1707 1041 1733 una
1075 1691 1226 1732 virtute
1259 1691 1441 1746 ponitis:
1481 1704 1666 1745 cumque

234 1749 370 1790 omnis
392 1750 675 1791 controversia
704 1759 777 1790 aut
812 1749 865 1790 de
897 1763 941 1789 re
976 1748 1122 1798 soleat,
1158 1757 1230 1788 aut
1261 1747 1313 1788 de
1344 1747 1515 1788 nomine
1544 1761 1664 1797 esse3

234 1815 412 1860 utraque
431 1821 575 1848 earum
606 1807 802 1855 nascitur,
834 1806 867 1846 si
898 1814 972 1847 aut
1001 1819 1064 1846 res
1095 1805 1326 1860 ignoratur,
1347 1812 1419 1844 aut
1440 1812 1602 1844 erratur
1621 1802 1665 1843 in

234 1862 417 1904 nomine.
439 1878 619 1919 quorum
640 1863 673 1904 si
694 1872 888 1904 neutrum
917 1870 993 1913 est,
1025 1875 1153 1916 opera
1183 1860 1319 1901 danda
1347 1869 1426 1911 est,
1455 1867 1504 1900 ut
1531 1859 1667 1900 verbis

234 1927 405 1960 utamur
438 1935 564 1976 quam
594 1919 891 1970 usitatissimiS,
920 1928 963 1960 et
993 1933 1117 1974 quam
1151 1917 1333 1958 maxime
1363 1916 1486 1972 aptis,
1518 1915 1561 1956 id
1586 1926 1666 1966 est,

172 1985 222 2018 58
236 1990 324 2017 rem
343 1976 666 2018 declarantibus.
724 1977 843 2017 Num
874 1975 1004 2031 igitur
1035 1973 1211 2015 dubium
1241 1983 1318 2024 est,
1348 1973 1464 2029 quin,
1495 1972 1530 2013 si
1558 1972 1601 2012 in
1620 1988 1664 2013 re

233 2031 324 2087 ipsa
362 2033 464 2074 nihil
499 2042 698 2089 peccatur
729 2048 754 2074 a
791 2032 1091 2088 superioribUS,
1126 2030 1261 2073 verbis
1298 2030 1358 2071 illi
1397 2028 1666 2070 commodius

150 2091 217 2138 21
234 2098 406 2131 utantur
426 2092 439 2131 ?
471 2090 702 2133 Videamus
733 2090 864 2145 igitur
891 2088 1117 2130 sententias
1147 2101 1294 2128 eorum
1314 2103 1323 2127 :
1355 2095 1447 2128 tum
1466 2085 1520 2126 ad
1540 2086 1664 2126 verba

231 2146 466 2189 redeamus.

286 2204 450 2245 Dicunt
465 2203 767 2259 appetitionem
788 2202 916 2244 animi
937 2200 1110 2252 moveri,
1142 2214 1239 2241 cum
1271 2198 1432 2256 aliquid
1453 2199 1491 2239 ei
1509 2209 1662 2240 secun-

229 2258 330 2301 dum
353 2270 545 2302 naturam
575 2275 666 2301 esse
694 2260 884 2301 videatur
903 2275 914 2310 3
946 2258 1186 2313 omniaque,
1216 2272 1310 2312 quae
1332 2255 1564 2298 secundum
1585 2269 1660 2295 na-

227 2325 364 2359 turam
387 2318 483 2369 sint,
506 2317 784 2359 aestimatione
804 2316 945 2372 aliqua
973 2316 1129 2372 digna:
1161 2328 1294 2370 eaque
1321 2328 1398 2369 pro
1429 2326 1495 2363 eo,
1525 2325 1659 2367 quan-

271 2514 288 2539 5
313 2514 376 2537 tuus
400 2505 450 2536 ille
477 2506 626 2545 Poenulus]
655 2507 716 2537 int.
740 2506 918 2542 Zenonem,
963 2506 1047 2535 rium
1061 2506 1183 2543 judicat
1200 2504 1359 2534 Davisius.
1405 2502 1488 2532 Sane
1508 2510 1575 2531 rem
1587 2501 1656 2539 jam

227 2551 282 2589 qui
313 2559 343 2581 et
377 2551 569 2588 cognomine
605 2551 711 2579 Poenus
744 2550 860 2579 dictus.
891 2558 920 2579 V.
963 2556 1035 2578 ante
1051 2550 1181 2578 dixerat.

227 2594 313 2624 Suid.
331 2594 363 2623 in
375 2593 454 2622 zen.
1009 2599 1024 2621 s
1049 2591 1072 2619 si
1088 2590 1121 2618 id
1134 2588 1265 2629 egissent]
1292 2588 1343 2618 Sic
1366 2588 1398 2617 ln
1423 2586 1502 2617 Mss.
1525 2587 1657 2626 quibus-

270 2642 288 2667 6
313 2647 327 2665 e
342 2634 505 2673 Phoenicia]
532 2635 588 2665 Pro
604 2635 766 2670 Phoenice,
783 2643 812 2663 v.
828 2632 916 2662 Clav.
962 2635 1035 2664 dam
1052 2640 1210 2672 repertum
1226 2642 1243 2661 a
1260 2632 1421 2666 Manutio‚
1438 2630 1583 2659 Grutero.
1601 2630 1657 2659 ita-

226 2680 258 2709 in
277 2679 389 2719 Geogr.
416 2688 483 2708 rem
507 2678 641 2708 illustrat
666 2677 762 2706 etiam
786 2676 839 2705 illa
862 2686 916 2704 no-
960 2686 1022 2716 que
1039 2679 1153 2716 recepi,
1168 2685 1264 2706 sensu
1289 2674 1479 2714 postulante,
1496 2681 1574 2703 cum
1591 2673 1655 2702 Da-

224 2722 296 2752 bilis
326 2722 484 2761 inscriptio
515 2720 685 2751 Phoeniciis
712 2720 806 2749 literis
831 2719 916 2748 Cittii
960 2721 1049 2750 visio.

225 2775 326 2805 nuper
355 2771 484 2804 reperta,
514 2773 608 2804 super
632 2773 695 2803 qua
718 2770 782 2792 tarn
814 2761 918 2791 multa
1005 2771 1023 2796 9
1046 2761 1097 2803 qui
1120 2772 1152 2790 ea
1175 2760 1245 2789 bona
1268 2771 1323 2790 erse
1345 2757 1490 2798 dicebant]
1516 2769 1572 2788 esse
1601 2759 1654 2788 de-

223 2809 307 2839 docti
324 2808 465 2839 Britanni
480 2814 510 2838 et
525 2808 636 2837 Franci
651 2806 810 2845 scripsere.
960 2806 1093 2837 lendum
1109 2805 1241 2835 videtur.

270 2857 285 2887 7
311 2848 600 2892 natum—concedit]
622 2851 745 2881 Totum
765 2849 827 2879 hoc
842 2857 917 2887 spu-
