1778 3095
587 151 764 191 LIBER
801 149 1044 189 PRIMUS.
1461 157 1538 199 549

114 260 264 304 fuerat.
321 262 429 304 Haec
454 274 576 315 posse
608 258 835 308 contemni,
856 259 919 298 vel
949 258 1074 299 etiam
1095 255 1236 307 rideri,
1255 258 1453 312 praeclare
1473 260 1537 301 in-

114 318 290 374 telligo:
321 319 396 361 sed
415 317 595 371 idipsum
616 324 695 366 est,
717 315 818 356 deos
840 328 923 355 non
943 323 1090 369 putare
1109 331 1117 355 ε
1150 328 1244 370 quae
1265 313 1318 354 ab
1340 314 1388 354 iis
1409 316 1539 371 signi-

113 374 302 427 ficantur,
324 384 602 417 contemnere.

170 432 288 473 Quid
317 433 368 473 de
397 428 625 484 auguribus
655 427 836 483 loquar?
875 434 958 467 tuae
989 434 1128 480 partes
1158 435 1280 466 sunt:
1308 433 1444 475 tuum,
1474 427 1536 468 in·
1550 435 1579 465 p.
1597 433 1667 458 102·

144 501 255 538 uam,
280 486 557 542 auspiciorum
590 484 866 539 patrocinium
890 482 1017 522 debet
1042 495 1144 522 esse.
1174 482 1252 522 tibi
1282 489 1321 513 38
1341 483 1383 523 P.
1407 482 1536 524 Clau·
1550 479 1579 499 a‘

143 542 206 584 ius
227 559 364 599 augur
380 540 540 582 consuli
559 540 778 591 nuntiavit,
795 538 1042 580 addubitato
1063 537 1217 578 Salutis
1238 539 1431 593 augurio,
1451 539 1540 580 bel-
1551 524 1617 576 47

112 598 202 639 lum
233 598 509 641 domesticum
539 598 670 647 triste,
701 611 748 637 ac
778 594 1069 637 turbulentum
1099 594 1218 634 fore:
1250 594 1364 649 quod
1396 596 1537 650 paucis
1556 596 1627 628 105

112 664 210 709 post
229 655 439 697 mensibus
460 662 666 703 exortum,
692 651 958 708 paucioribus
978 665 1003 691 a
1031 659 1073 691 te
1099 659 1163 690 est
1190 649 1337 691 diebus
1367 666 1539 706 oppres-

112 725 221 751 sum.
282 711 365 752 Cui
394 709 562 765 quidem
588 709 738 764 auguri
765 708 1031 749 vehementer
1057 707 1273 747 assentior.
1295 707 1408 748 solus
1429 709 1540 750 enim

111 767 343 808 multorum
364 780 564 808 annorum
588 765 807 816 memoria,
828 779 912 804 non
943 771 982 797 ³39
1002 763 1250 804 decantandi
1269 764 1448 819 augurii,
1470 765 1542 806 sed

112 822 322 865 divinandi
351 823 484 864 tenuit
513 821 791 877 disciplinam.
822 834 948 876 quem
983 820 1213 861 irridebant
1251 820 1426 875 collegae
1465 822 1541 872 tui,

111 892 294 935 eumque
315 888 406 920 tum
428 878 624 928 Pisidam,
644 887 735 919 tum
757 877 965 917 Soranum
996 890 1200 930 augurem
1222 891 1312 917 esse
1331 876 1540 919 dicebant.

109 935 263 991 quibus
295 936 408 977 nulla
437 934 652 975 videbatur
681 934 722 974 in
751 931 953 988 auguriiS,
974 941 1047 973 aut
1076 932 1270 986 auspiciis
1300 934 1541 987 praesensio,

111 1001 185 1033 aut
214 992 386 1033 scientia
414 990 594 1031 veritatis
623 989 802 1040 futurae3
835 988 1055 1043 sapienter,
1085 987 1267 1038 aiebant,
1293 989 1345 1030 ad
1375 990 1541 1045 opinio-

111 1062 207 1089 nem
240 1048 532 1103 imperitorum
561 1059 652 1086 esse
680 1045 796 1086 fictas
825 1045 1062 1100 religiones.
1123 1044 1252 1100 Quod
1273 1045 1401 1100 longe
1421 1061 1543 1088 secus

110 1113 202 1155 est3
233 1119 368 1160 neque
385 1103 496 1144 enim
516 1103 557 1142 in
577 1101 815 1157 pastoribus
838 1102 933 1151 illis,
957 1101 1107 1156 quibus
1130 1101 1337 1142 Romulus
1359 1103 1542 1156 praefuit,

111 1175 188 1201 nec
209 1161 248 1201 in
271 1161 362 1215 ipso
392 1159 573 1200 Romulo
594 1159 685 1199 haec
706 1157 908 1199 calliditas
930 1172 1021 1198 esse
1042 1158 1195 1213 potuit,
1218 1166 1266 1198 ut
1286 1158 1338 1199 ad
1358 1168 1541 1200 errorem

109 1217 391 1258 multitudinis
430 1215 643 1270 religionis
683 1214 904 1255 simulacra
946 1214 1174 1269 fingerent:
1206 1214 1282 1255 sed
1319 1213 1543 1256 difficultas

108 1272 312 1329 laborque
351 1272 537 1313 discendi
575 1271 770 1312 disertam
812 1270 1113 1326 negligentiam
1152 1270 1349 1311 reddidit.
1378 1271 1543 1312 malunt

110 1329 222 1370 enim
254 1329 467 1380 disserere,
498 1327 602 1368 nihil
630 1342 720 1368 esse
751 1327 791 1367 in
822 1326 1033 1382 auspiciiS,
1055 1341 1196 1382 quam,
1225 1326 1326 1381 quid
1357 1327 1423 1378 sit,
1453 1328 1542 1368 edi-

109 1400 237 1427 scere.
296 1385 412 1442 Quid
430 1393 493 1426 est
514 1384 586 1425 illo
607 1383 794 1439 auspicio
817 1383 1007 1431 divinius,
1030 1383 1146 1439 quod
1174 1383 1284 1439 apud
1314 1392 1356 1424 te
1377 1383 1419 1425 in
1441 1385 1539 1426 Ma·
1558 1372 1632 1412 106

108 1441 172 1487 rio
193 1444 286 1484 est?
321 1452 367 1484 ut
386 1451 481 1484 utar
498 1441 766 1497 potissimum
788 1449 828 1481 te
851 1448 1036 1483 auctore„

217 1524 286 1560 Hic
302 1522 409 1570 Jovis
427 1523 560 1558 altisoni
579 1521 687 1557 subito
697 1522 844 1572 pinnata
863 1521 992 1557 satelles

214 1576 355 1613 Arboris
376 1590 392 1611 e
410 1585 524 1611 trunco
543 1575 697 1625 serpentis
715 1575 833 1611 saucia
853 1588 976 1619 morsu,

217 1628 355 1678 Subigit
374 1628 544 1678 ipsaferis
565 1626 765 1677 transfigens
785 1628 952 1677 unguibus
976 1641 1119 1676 anguem

218 1682 471 1725 Semianimum,
492 1691 522 1718 ct
541 1682 644 1718 varia
658 1681 819 1729 graviter
837 1682 964 1718 cervice
982 1682 1168 1719 micantem.

221 1737 325 1784 Quem
344 1749 377 1772 se
394 1736 627 1785 intorquentem
643 1735 789 1778 lanians,
811 1743 975 1784 rostroque
993 1745 1181 1778 cruentans,

215 1789 303 1837 Jam
322 1789 450 1825 satiata
469 1789 609 1831 animos,
618 1788 697 1834 jam
716 1787 816 1823 duros
834 1787 908 1824 ulta
927 1786 1064 1831 dolores,

215 1841 343 1890 Ahjicit
361 1840 542 1887 efflantem,
562 1850 593 1877 et
611 1842 792 1877 laceratum
811 1839 939 1889 affligit
958 1842 992 1877 in
1009 1840 1116 1884 unda,

218 1895 325 1946 Seque
341 1894 430 1931 obitu
451 1907 472 1930 a
490 1894 565 1930 solis
582 1893 702 1930 nitidos
717 1895 881 1930 convertit
899 1893 949 1929 ad
962 1901 1064 1930 ortus.

217 1949 320 1985 Hanc
339 1946 397 1984 ubi
411 1946 614 1997 praepetibus
624 1947 734 1997 pinnis
753 1947 914 1997 lapsuque
931 1947 1099 1983 volantem

218 2001 393 2052 Conspexit
413 2001 563 2043 lilarius,
580 1999 692 2037 divini
709 2000 854 2035 numinis
872 2013 985 2049 augur

215 2055 408 2105 Faustaque
424 2054 524 2103 signa
542 2067 615 2089 suae
635 2052 759 2097 laudis,
777 2053 965 2103 reditusque
981 2053 1114 2090 nota-vit
1128 2069 1141 2090 .·
1550 2050 1582 2080 b.

215 2107 380 2146 Partibus
399 2107 541 2144 intonuit
560 2106 636 2142 caelz'
649 2115 749 2156 pater
766 2107 833 2156 ipse
851 2106 1007 2144 sinistris.

218 2161 275 2198 Sic
289 2161 414 2211 aquilae
432 2160 557 2196 clarum
565 2158 731 2206 firmavit
749 2158 890 2210 Jupiter
903 2173 1005 2197 omen.

108 2234 254 2290 Atque
292 2234 362 2277 ille
407 2232 576 2274 Romuli
612 2241 858 2287 auguratus,
898 2232 1132 2287 pastoralis,
1172 2241 1212 2265 40
1229 2247 1313 2274 non
1352 2234 1536 2275 urbanus
1552 2217 1621 2266 48

109 2291 218 2333 fuit:
248 2304 324 2332 nec
354 2290 474 2333 fictus
505 2288 557 2329 ad
587 2288 803 2343 opiniones
842 2288 1148 2344 imperitorum,
1187 2298 1223 2321 41
1243 2289 1315 2330 sed
1351 2304 1376 2330 a
1414 2290 1537 2332 certis
1554 2291 1625 2332 107

110 2355 322 2402 acceptus,
351 2355 395 2387 et
422 2345 599 2402 posteris
634 2345 825 2385 traditus.
884 2346 1032 2400 Itaque
1073 2346 1279 2388 Romulus
1309 2361 1459 2402 augur,
1490 2355 1539 2388 ut

110 2403 222 2459 apud
242 2403 426 2444 Ennium
446 2410 524 2453 est,
547 2415 643 2442 cum
663 2401 791 2442 fratre
811 2402 911 2442 item
933 2416 1109 2459 augure,

152 2535 191 2559 38
217 2529 253 2558 P.
274 2526 428 2568 Claudius]
448 2529 487 2558 V.
504 2527 592 2558 Clav.
608 2528 640 2557 in
657 2528 690 2557 h.
706 2537 736 2557 v.
845 2528 922 2557 urbe
939 2534 1031 2558 natus
1045 2535 1101 2563 est,
1119 2528 1172 2557 ubi
1190 2528 1336 2558 homines
1359 2536 1435 2559 sunt
1449 2529 1538 2559 calli-

152 2577 192 2603 39
216 2570 386 2599 decantandi
423 2568 798 2609 auspicii—disciplinam]
845 2571 945 2600 diores
962 2578 991 2600 et
1007 2571 1045 2600 ad
1061 2571 1202 2600 fraudem
1220 2572 1363 2609 aptiores.

112 2615 157 2644 Ut
172 2620 298 2644 tantum
312 2621 357 2642 se.
374 2613 524 2643 formulas
537 2614 743 2652 auguriorum
759 2620 803 2642 te·
891 2620 926 2643 41
952 2613 1027 2642 seda
1044 2614 1126 2642 certis
1140 2613 1285 2652 acceptus]
1307 2614 1392 2643 Haesi
1404 2614 1538 2644 subinde

111 2663 198 2687 neret
213 2663 242 2686 et
259 2656 384 2686 recitare
399 2663 500 2694 posset
515 2658 706 2686 memoriter.
846 2656 878 2685 in
895 2656 988 2686 certis.
1002 2656 1034 2685 in
1050 2656 1135 2686 libris
1152 2656 1195 2685 nil
1212 2656 1332 2686 auxilii.
1348 2666 1423 2686 narn
1440 2657 1540 2685 ceteris

156 2707 196 2730 40
219 2710 271 2728 mm
291 2698 415 2728 urbanus
427 2698 510 2738 fuit]
535 2699 661 2729 Haesere
685 2699 717 2729 in
741 2701 802 2729 hoc
846 2700 931 2735 quod
956 2699 1050 2728 habet
1073 2699 1136 2728 ΜΞ.
1160 2699 1266 2728 Guelf.
1284 2699 1375 2728 nihili
1398 2706 1451 2727 est.
1467 2698 1539 2727 certi

112 2743 208 2772 verbo
237 2743 293 2771 viri
323 2741 418 2770 docti.
462 2741 570 2779 Itaque
596 2742 629 2772 P.
646 2743 802 2772 Victorius
846 2741 966 2770 homines
986 2749 1073 2775 sunt,
1089 2742 1143 2780 qui
1164 2752 1274 2771 verum
1296 2742 1456 2779 tenebant,
1480 2750 1538 2769 nec

115 2784 198 2814 male
215 2785 431 2824 interpretatus
448 2784 663 2821 est,j0cularis
679 2797 684 2814 :
707 2785 804 2814 Davi·
846 2784 987 2822 decipere
1003 2784 1079 2813 alios
1103 2785 1262 2823 figmentis
1285 2786 1447 2822 cuperent,
1468 2783 1538 2821 qui-

113 2828 259 2857 siussine
275 2827 456 2857 necessitate
469 2827 601 2856 correxit
616 2837 726 2856 vanus:
745 2828 805 2857 im·
848 2826 907 2855 bus
925 2826 1000 2856 fides
1016 2827 1123 2856 haberi
1142 2833 1223 2857 recte
1239 2832 1368 2864 poterat.

114 2880 168 2900 mo
190 2870 315 2901 urbanus
344 2869 424 2900 benc
447 2869 559 2899 habet:
586 2869 606 2900 i.
628 2878 656 2899 e.
684 2879 749 2900 non
773 2871 806 2900 in

845 2921 966 2962 un3
