1778 3095
572 89 764 128 LIBER
789 83 1068 126 TERTIUS.
1476 83 1561 132 329²

111 202 227 260 poris
245 198 541 250 incommodis,
561 211 646 239 non
668 196 797 238 animi
826 194 963 237 malis.
993 193 1097 249 quid
1125 192 1262 247 ergo?
1295 190 1414 243 illud,
1436 193 1554 248 quod

112 259 358 302 Alcibiades
379 256 564 305 dolebat,
585 269 668 296 non
691 267 741 295 ex
761 252 890 306 animi
923 251 1060 300 malis,
1086 248 1281 303 vitiisque
1300 250 1548 291 constabat?

113 315 188 358 Ad
221 314 393 372 Epicuri
425 311 760 354 consolationem
794 309 894 351 satis
926 317 990 349 est
1021 314 1117 348 ante
1144 305 1322 346 dictum.
1378 305 1451 345 Ne
1483 296 1635 347 illa33

114 372 287 429 quidem
308 369 542 413 consolatio
573 368 808 409 firmissima
835 374 914 416 est,
942 377 1198 420 quamquam
1230 369 1272 402 et
1302 361 1457 402 usitata
1475 373 1553 413 est,
1566 369 1618 410 79

116 438 160 470 et
180 442 290 484 saepe
309 425 508 483 prodest:
541 426 644 466 Non
672 424 750 466 tibi
778 423 860 464 hoc
892 422 986 463 soli.
1046 419 1221 461 Prodest
1253 417 1345 458 haec
1366 417 1554 482 quidem,

116 495 166 527 ut
195 485 292 535 dixi,
321 482 393 524 sed
421 496 498 522 nec
529 496 708 537 semper,
739 495 816 521 nec
846 479 1058 521 omnibus,
1091 485 1190 518 sunt
1225 475 1352 524 enim,
1383 490 1456 531 qm
1490 489 1555 516 re-

116 549 297 597 spuant:
340 539 414 581 sed
445 539 585 590 refert,
619 553 705 594 quo
738 536 867 578 modo
893 535 1156 576 adhibeatur.
1190 540 1238 573 ut
1268 532 1379 572 enim
1413 532 1559 596 tulerit

117 597 294 654 quisque
331 610 495 645 eorum,
535 596 607 651 qui
645 595 855 651 sapienter
887 593 1090 641 tulerunt,
1131 604 1214 631 non
1255 596 1339 645 quo
1380 603 1560 644 qulsque

116 653 393 695 incommodo
425 653 599 693 affectus
636 652 703 703 sit,
732 649 1047 707 praedicandum
1087 655 1164 688 est.
1225 646 1470 701 Chrysippi,
1505 646 1559 687 ad

117 711 334 751 veritatem
370 709 611 750 firmissima
642 719 730 750 est:
762 707 815 748 ad
851 717 1018 762 tempus
1054 703 1330 760 aegritudinis,
1365 701 1558 744 difficilis.

115 780 322 822 magnum
355 781 462 822 opus
495 775 572 817 est,
605 766 784 822 probare
817 763 1023 813 maerenti,
1050 762 1168 803 illum
1200 775 1277 802 suo
1307 759 1488 817 judicio,
1517 770 1561 802 et

117 823 236 879 quod
258 837 302 864 se
331 823 388 864 ita
417 831 540 878 putet
570 832 765 878 oportere
795 821 946 870 facere,
978 833 1162 860 maerere.
1194 817 1392 858 nimirum
1415 817 1562 873 igitur,

118 887 169 921 ut
188 879 232 920 in
247 879 385 921 causis
404 894 490 921 non
519 894 685 935 semper
713 878 871 919 utimur
899 876 1048 917 eodem
1081 883 1195 916 statu
1211 890 1223 925 3
1259 874 1333 928 (sie
1355 874 1466 915 enim
1486 889 1561 930 ap-

116 935 326 992 pellamus
358 937 735 978 controversiarum
769 936 939 989 genera)
965 933 1038 974 sed
1072 932 1125 974 ad
1156 940 1340 986 tempuS,
1370 930 1422 972 ad
1457 945 1560 973 con·-
1572 946 1603 976 p.
1618 942 1690 968 που.

119 993 330 1034 troversiae
372 1001 580 1043 naturam,
615 992 668 1034 ad
707 1005 930 1047 personam
971 988 1375 1031 accommodamus:
1421 989 1479 1029 sic
1518 988 1601 1030 ina.

122 1049 374 1105 aegritudine
389 1049 581 1091 lenienda
595 1064 722 1106 quam
737 1049 915 1105 quisque
935 1046 1195 1088 curationem
1212 1046 1397 1101 recipere
1414 1045 1563 1101 possit,

124 1107 348 1148 videndum
371 1117 447 1149 est.

181 1163 266 1205 Sed-
286 1165 427 1205 nescio
448 1177 533 1219 quo
555 1171 681 1219 pacto
710 1162 763 1202 ab
794 1175 860 1212 eo,
893 1160 1008 1217 quod
1038 1169 1127 1201 erat
1157 1175 1181 1200 a
1210 1168 1252 1200 te
1282 1159 1565 1215 propositum,
1579 1167 1631 1199 80

123 1219 331 1261 aberravit
368 1221 517 1261 oratio.
558 1229 606 1260 tu
637 1219 748 1259 enim
785 1218 838 1258 de
869 1217 1056 1273 sapiente
1091 1217 1340 1273 quaesieras:
1386 1216 1455 1257 cui
1494 1225 1569 1258 aut

74 1312 77 1314 a
125 1277 284 1318 malum
319 1276 449 1318 videri
481 1277 645 1318 nullum
680 1283 836 1330 potest,-
870 1274 986 1330 quod
1024 1283 1144 1315 vacet
1177 1272 1464 1328 turpitudine:
1494 1282 1568 1314 aut

126 1333 187 1373 ita
205 1349 379 1389 parvum
401 1334 576 1383 malum,
594 1341 641 1373 ut
661 1331 703 1372 id
721 1332 924 1373 obruatur
941 1330 1158 1385 sapientia,
1176 1329 1326 1386 vixque
1342 1338 1542 1386 appareat
1558 1346 1567 1371 ε

127 1391 200 1444 qui
223 1390 325 1431 nihil
346 1390 543 1445 opinione
566 1389 752 1444 affingat,
774 1396 1043 1443 assumatque
1065 1387 1117 1427 ad
1138 1385 1433 1442 aegritudinem
1452 1403 1461 1428 ε
1493 1400 1569 1428 nec

126 1445 170 1486 id
191 1455 314 1501 putet
341 1460 432 1487 esse
464 1454 642 1496 rectum,
665 1460 709 1486 se
735 1459 863 1500 quam
892 1444 1073 1484 maxime
1101 1443 1345 1494 excruciari,
1365 1443 1570 1498 luctuque

129 1502 283 1543 confici
307 1519 315 1543 :
348 1517 434 1558 quo
457 1503 621 1558 pravius
651 1501 753 1542 nihil
778 1515 869 1542 esse
900 1501 1046 1556 possit.
1078 1500 1251 1541 edocuit
1280 1509 1422 1541 tamen
1447 1499 1570 1551 ratio,

128 1567 178 1600 ut
197 1559 303 1600 mihi
324 1559 497 1615 quidem
527 1559 705 1608 videtur,
735 1573 832 1599 cum
865 1558 947 1598 hoc
984 1557 1122 1612 ipsum
1153 1557 1321 1612 proprie
1351 1572 1434 1598 non
1457 1571 1573 1612 quae-

127 1624 290 1657 reretur
310 1615 393 1656 hoc
413 1625 620 1671 tempore,
643 1629 742 1656 num
760 1614 875 1670 quod
891 1623 1001 1655 esset
1027 1613 1202 1664 malum,
1225 1614 1302 1654 nisi
1322 1613 1437 1669 quod
1458 1614 1571 1654 idem

127 1671 212 1714 dici
247 1684 372 1728 turpe
402 1681 570 1728 posset:
602 1682 744 1713 tamen
777 1679 826 1712 ut
860 1671 1111 1720 videremus,
1145 1670 1353 1726 quidquid
1386 1678 1496 1711 esset
1530 1670 1573 1711 in

130 1729 382 1785 aegritudine
401 1730 516 1781 mali,
536 1729 579 1770 id
600 1744 683 1770 non
705 1729 893 1770 naturale
914 1742 1019 1777 esse,
1047 1728 1120 1768 sed
1139 1727 1375 1768 voluntario
1390 1727 1572 1784 judicio,

129 1794 174 1826 et
205 1786 416 1842 opinionis
455 1801 596 1827 errore
635 1795 916 1827 contractum.
974 1786 1220 1826 Tractatum
1265 1793 1330 1826 est
1368 1793 1509 1825 autem
1549 1790 1631 1826 a81

132 1842 255 1883 nobis
269 1842 311 1883 id
325 1857 460 1897 genus
474 1842 751 1898 aegritudinis,
765 1842 880 1898 quod
895 1856 1026 1883 unum
1042 1852 1104 1882 est
1120 1841 1309 1882 omnium
1325 1841 1573 1893 maximum,

132 1908 193 1949 ut,
216 1913 266 1939 eo
287 1899 469 1950 sublato,
492 1900 749 1954 reliquorum
775 1898 960 1939 remedia
990 1913 1042 1939 ne
1070 1913 1330 1954 magnopere
1350 1898 1576 1954 quaerenda

133 1956 446 1996 arbitraremur.
507 1956 615 1996 Sunt
643 1957 753 1996 enim
785 1964 912 2003 certa,
941 1971 1035 2011 quae
1060 1955 1112 1996 de
1142 1964 1413 2010 paupertate3
1446 1949 1659 2007 ce1·ta,34

135 2025 231 2068 quae
262 2012 313 2052 de
344 2013 424 2053 vita
450 2012 715 2062 inhonorata,
747 2021 790 2053 et
819 2012 1000 2067 ingloria
1028 2011 1111 2053 dici
1141 2012 1318 2053 soleant.
1349 2012 1575 2068 separatim

138 2078 265 2109 certae
288 2068 445 2110 scholae
466 2079 563 2110 sunt
584 2069 636 2110 de
657 2068 817 2119 exsilio,
838 2069 890 2109 de
908 2069 1077 2109 interitu
1108 2070 1269 2124 patriae,
1291 2069 1343 2110 de
1365 2070 1578 2119 servitute,

134 2124 188 2166 de
206 2125 436 2176 debilitate,
467 2126 518 2166 de
548 2126 753 2176 caecitate,
785 2134 827 2165 et
856 2125 907 2166 de
943 2126 1059 2166 omni
1091 2140 1205 2174 casu,
1237 2126 1278 2166 in
1308 2141 1393 2181 quo
1423 2141 1579 2167 nomen

137 2182 239 2237 poni
257 2182 366 2222 solet
393 2182 657 2223 calamitatis.
689 2183 780 2222 haec
813 2181 954 2222 Graeci
984 2182 1025 2222 in
1057 2181 1244 2237 singulas
1265 2182 1446 2233 scholas,
1475 2192 1517 2223 et
1538 2183 1579 2224 in

136 2238 330 2294 singulos
363 2239 494 2280 libros
529 2239 795 2293 dispertiunt.
833 2246 871 2270 35
887 2253 994 2294 opus
1025 2238 1138 2278 enim
1169 2248 1393 2294 quaerunt:
1429 2254 1578 2294 quam-

135 2309 263 2350 quam
302 2295 438 2350 plenae
479 2295 785 2350 disputationes
825 2295 1118 2336 delectationis
1158 2304 1269 2336 sunt.
1330 2297 1384 2336 Et
1420 2300 1642 2347 tamen‚82

139 2361 187 2392 ut
219 2352 388 2403 medici,
424 2361 516 2392 toto
553 2366 729 2407 corpore
764 2351 965 2401 curando,
1006 2352 1192 2392 minimae
1223 2352 1350 2393 etiam
1387 2353 1510 2408 parti,
1545 2353 1581 2395 si

139 2408 374 2459 condoluit,
415 2408 663 2450 medentur:
713 2415 752 2440 36
766 2409 825 2450 sic
865 2408 1150 2464 philosophia,
1199 2423 1297 2449 cum
1344 2409 1580 2451 universam

141 2465 435 2520 aegritudinem
467 2465 650 2515 sustulit,
682 2474 839 2516 tamen,
871 2464 905 2506 si
937 2465 1030 2522 quis
1067 2480 1181 2506 error
1210 2465 1380 2506 aliunde
1410 2467 1581 2517 exstitit,

184 2583 224 2609 35
248 2585 314 2617 opus
330 2579 404 2608 enim
422 2577 573 2620 quaerunr]
591 2580 703 2609 Jocose
720 2581 752 2609 in
769 2580 839 2618 phi·
880 2581 955 2618 jeci,
984 2581 1127 2619 primum
1155 2579 1328 2618 legendum
1353 2581 1406 2610 hic
1431 2590 1497 2610 esse
1516 2580 1584 2619 plzi-

142 2620 303 2660 losophos,
320 2623 373 2661 qui
391 2623 547 2652 scribendi
567 2624 728 2652 materiam
746 2623 839 2652 anxie
885 2622 1028 2662 losophiae,
1053 2624 1165 2652 deinde
1194 2624 1225 2652 in
1250 2625 1470 2662 consequenti,
1497 2625 1583 2662 quod

143 2672 303 2701 quaerunt,
335 2666 419 2694 sicut
450 2674 600 2704 pauperes
636 2667 839 2696 occasionem
884 2673 930 2696 est
946 2667 978 2695 in
1001 2666 1102 2696 verbis
1126 2666 1177 2695 etsi
1201 2665 1380 2705 singularum
1405 2678 1498 2695 rerum
1522 2668 1582 2696 &c-

143 2705 303 2737 laborandi
321 2715 351 2737 et
366 2708 540 2746 quaerendi,
558 2709 642 2738 unde
658 2710 775 2739 vivant.
884 2709 1014 2747 legerim
1031 2710 1056 2737 ei
1079 2720 1101 2738 s.
1129 2721 1152 2739 r.
1176 2720 1197 2738 s.
1215 2715 1250 2748 p.
1274 2709 1471 2738 consolation&
1493 2709 1537 2739 sic
1553 2716 1584 2739 et

189 2753 229 2778 36
252 2750 480 2789 sicphilosophia
498 2750 569 2789 δια]
591 2751 653 2781 Hic
671 2751 759 2781 locus
776 2761 841 2781 non
885 2752 1044 2782 Davisius.
1075 2762 1130 2791 pro
1161 2752 1193 2781 in
1229 2750 1347 2781 aliunde
1384 2752 1494 2782 malim
1527 2751 1583 2780 ali-

144 2790 268 2821 videtur
298 2794 465 2823 cohaerere.
496 2802 573 2823 nam
604 2793 637 2821 τὸ
660 2794 842 2832 philosophia
886 2795 985 2826 eunde.

147 2842 213 2864 non
229 2834 324 2865 habet
339 2836 486 2873 verbum,
502 2837 554 2867 cui
568 2837 734 2876 jungatur.
759 2837 843 2868 Con-
