1778 3095
561 51 742 90 LIBER
779 50 1084 88 QUARTUS.
1453 58 1530 91 355

214 157 328 203 Hlum,
348 172 441 196 amor
458 172 549 210 quem
568 158 719 203 dederat,
738 158 797 208 qui
809 157 886 208 plus
901 156 1013 207 pollet,
1025 157 1195 207 potiorque
1211 165 1260 194 est
1273 166 1383 207 patre.

109 231 194 274 Sed
222 238 370 298 poetas
399 232 542 274 ludere
572 232 770 282 sinamus,
799 244 979 286 quorum
1009 230 1160 270 fabulis
1191 230 1233 270 in
1263 229 1344 270 h'oc
1370 231 1531 286 flagitio
1543 237 1613 286 33

109 289 259 330 versari
279 290 416 345 ipsum
436 288 622 329 videmus
642 289 806 329 ,1016111
865 286 936 327 Ad
956 286 1377 351 1633151105111111115,
1392 287 1531 350 philo·
1543 309 1597 350 70

109 346 267 400 sophos
293 346 528 386 veniamus:
559 345 632 400 qui
662 358 848 384 amorem
879 351 1036 398 negant
1062 358 1111 383 5
1114 342 1196 398 Ρῑί
1222 357 1326 384 6556
1347 351 1388 383 et
1414 358 1455 383 m
1481 358 1532 385 eo

107 401 276 465 litigant
296 416 393 442 cum
414 400 611 455 Epicuro,
632 415 715 441 non
740 399 938 449 multum,
959 408 1004 439 ut
1026 399 1140 454 opini
1145 414 1168 439 0
1190 406 1316 439 mea
1322 408 1398 450 e‚rt
1418 414 1536 441 men-

108 457 251 498 tiente.
281 458 374 512 quis
408 465 472 497 est
498 457 609 497 enim
639 457 715 497 iste
744 471 862 496 amor
889 455 1113 496 amicitiae?
1145 471 1221 496 cur
1239 428 1372 510 neque
1392 455 1535 497 defor-

108 528 223 554 mem
241 513 552 554 adolescentem
574 513 795 568 quisquam
817 521 944 561 amat,
962 526 1095 575 neque
1112 512 1347 553 formosum
1364 513 1532 555 senem?

108 570 214 610 mihi
235 569 407 633 quidem
439 569 530 610 haec
561 570 602 609 in
632 571 882 610 Graecorum
901 568 1133 632 gymnaslis
1155 579 1251 609 nata
1271 568 1534 610 consuetudo

106 625 290 667 videtur·
323 625 364 666 in
384 626 538 681 quibus
557 626 627 667 isti
647 626 782 676 liberi,
803 635 845 666 et
866 639 1053 667 601166551
1073 634 1171 666 sunt
1190 639 1368 666 amores.
1421 626 1534 667 Bene

104 695 209 737 ergo
228 682 403 733 Ennius,

211 761 354 811 Flagitii
366 762 565 813 principium
585 772 633 799 est
652 761 780 799 nudare
799 762 884 798 inter
903 762 989 799 civis
1006 773 1152 812 corpora.

104 846 211 911 Qui·
211 855 259 888 ut
281 846 376 898 sint,
398 847 514 903 quod
542 847 629 887 fieri
647 861 770 911 posse
790 846 926 910 video,
947 846 1104 902 pudici,
1128 846 1295 888 solliciti
1315 856 1470 899 tamen,
1491 856 1535 890 et

104 903 214 944 anxii
235 912 359 944 sunt:
391 918 527 958 eoque
548 905 699 958 magis,
720 903 834 959 quod
867 903 991 967 seipsi
1011 904 1241 954 continent,
1264 914 1305 945 et
1325 910 1533 947 coercent.

103 960 265 1024 Atque,
298 969 346 1001 ut
374 960 598 1001 muliebres
629 975 792 1001 amores
823 959 1034 1009 omittam,
1064 960 1216 1016 quibus
1246 961 1451 1016 majorem
1482 963 1531 1003 li-
1545 973 1590 1014 71

102 1016 284 1057 centiam
305 1025 452 1058 natura
475 1017 712 1058 concessit.
744 1017 837 1072 quis
858 1025 931 1057 aut
951 1016 1003 1057 de
1026 1017 1150 1072 Gany
1140 1016 1287 1057 medis
1310 1028 1434 1073 raptu
1453 1019 1531 1060 du-

101 1072 224 1124 bitat,
263 1073 366 1128 quid
401 1079 540 1129 poe'tae
577 1074 735 1114 velint:
776 1083 849 1114 aut
888 1088 972 1114 non
1006 1073 1216 1128 intelligit,
1251 1073 1352 1128 quid
1388 1082 1406 1107 9
1421 1074 1534 1129 apud

101 1129 348 1193 Euripidem
380 1139 424 1170 et
452 1130 665 1185 loquatur,
695 1139 739 1171 et
768 1129 911 1184 cupiat
939 1130 1094 1170 Laius?
1127 1129 1228 1185 quid
1250 1131 1430 1185 denique
1453 1131 1532 1172 ho-

102 1185 236 1226 mines
267 1186 501 1227 doctissimi
532 1197 574 1227 et
605 1186 759 1227 summi
786 1191 925 1250 poe'tae
957 1186 1008 1226 de
1040 1186 1179 1241 seipffl,
1206 1196 1248 1227 et
1277 1188 1533 1229 carminibus

101 1241 229 1283 edant
247 1252 290 1283 et
311 1243 527 1284 cantibus
520 1244 532 1274 ³
566 1243 685 1283 tortis
711 1243 769 1282 vir
796 1243 837 1282 in
867 1257 940 1283 sua
970 1243 1187 1298 republica
1208 1245 1382 1297 cognitu
1386 1259 1418 1294 5,
1438 1259 1534 1299 quae

100 1297 184 1339 (16
167 1313 371 1354 Juvenum
394 1314 537 1340 amo1e
562 1309 599 1331 10
619 1299 782 1354 scripsit
802 1299 999 1340 Alcaeusss
992 1312 1002 1327 ³
1025 1315 1120 1340 narn
1143 1300 1420 1341 Anacieontis
1439 1301 1534 1356 qui-

101 1353 198 1395 den]
230 1364 322 1396 tota
349 1356 507 1411 poesis,
537 1365 600 1396 est
632 1356 847 1396 amatoria.
908 1356 1096 1396 Maxime
1118 1371 1213 1396 vero
1236 1357 1427 1397 omnium
1459 1358 1534 1398 fia-

99 1424 246 1466 grasse
278 1426 421 1452 amore
453 1412 638 1467 Rhegin
652 1427 693 1451 m
726 1413 922 1467 Ibycum,
945 1422 1116 1466 apparet
1136 1427 1186 1452 ex
1211 1413 1390 1467 scriptis.
1448 1414 1532 1454 At-
1544 1415 1617 1464 34.

99 1481 183 1522 que
203 1466 357 1509 horum
376 1469 565 1509 omnium
584 1468 833 1509 libidinosos
854 1482 942 1509 esse
961 1482 1125 1508 amores
1143 1468 1343 1509 videmus
1391 1477 1425 1500 11
1439 1469 1535 1511 Ρ111-

98 1522 269 1579 Iosophi
305 1539 449 1565 sumus
484 1540 579 1564 exo
588 1526 632 1573 ti,
665 1534 708 1564 et
743 1533 913 1564 auctore
952 1524 1123 1579 quidem
1160 1534 1304 1565 nostro
1342 1526 1533 1577 Platone,

100 1594 228 1635 quem
255 1596 339 1622 non
368 1581 518 1637 injuria.
542 1580 824 1621 Dicaearchus
853 1590 1039 1632 accusat,
1059 1581 1129 1636 qui
1150 1582 1282 1622 amori
1304 1583 1534 1624 auctorita-

98 1644 187 1677 tem
215 1637 507 1678 tribueremus.
567 1637 698 1678 Stoici
727 1651 824 1677 vero
853 1647 894 1677 et
925 1638 1157 1702 sapientem
1183 1647 1421 1679 amaturum
1442 1653 1533 1681 esse
1544 1650 1595 1692 72

99 1692 271 1735 dicunt:
308 1704 351 1735 et
382 1709 567 1735 animem
598 1694 752 1748 ipsum,
787 1703 985 1735 conatum
1018 1694 1213 1735 amicitiae
1244 1694 1451 1736 faciundae
1482 1711 1535 1738 ex

99 1749 392 1804 pulcritudinis
414 1751 559 1814 specie
571 1749 787 1791 definiunt.
817 1750 889 1805 qui
910 1751 942 1791 51
965 1751 1058 1806 quis
1078 1761 1142 1790 est
1162 1751 1204 1791 in
1226 1766 1366 1792 rerum
1386 1761 1536 1794 natura

100 1805 189 1847 sine
210 1806 506 1857 sollicitudine,
529 1806 617 1847 sine
638 1806 860 1855 desiderio,
882 1807 968 1847 5111(
989 1821 1104 1856 cura,
1125 1807 1212 1848 sine
1235 1808 1443 1862 suspirio:
1480 1810 1537 1851 sit

100 1875 215 1903 sane.
235 1872 354 1904 vacat
373 1864 483 1903 enim
506 1863 622 1903 omni
642 1862 830 1903 libidine.
853 1864 944 1904 haec
966 1872 1106 1904 autem
1131 1863 1183 1904 de
1202 1864 1375 1905 libidine
1398 1866 1535 1906 oratio

98 1926 176 1959 est.
209 1919 270 1959 sin
303 1929 446 1961 autem
478 1929 541 1959 est
569 1919 717 1974 aliquis
742 1934 875 1969 amor,
897 1930 945 1961 ut
965 1929 1029 1961 est
1048 1931 1176 1971 certe,
1197 1921 1269 1975 qui
1290 1921 1394 1962 nihil
1412 1922 1536 1974 absit,

99 1982 174 2016 aut
194 1990 279 2016 non
300 1977 484 2016 multum
507 1975 559 2015 ab
582 1975 754 2027 insania,
776 1976 912 2031 qualis
935 1985 971 2008 12
988 1977 1029 2016 in
1050 1977 1264 2018 Leucadia
1284 1987 1347 2019 est
1366 1995 1375 2019 :

207 2053 248 2090 Si
264 2054 394 2104 quidem
413 2055 457 2090 sit
475 2054 653 2104 quisquam
671 2052 764 2097 deus,
785 2054 838 2090 cui
857 2068 914 2103 rgo
933 2055 962 2091 si
966 2069 995 2090 oz
1014 2068 1118 2092 cnrae.

101 2134 137 2158 13
153 2126 215 2168 At
249 2126 294 2168 id
324 2136 413 2168 erat
446 2126 533 2167 deis
566 2126 763 2167 omnibus
797 2128 1045 2179 curandum,
1075 2128 1436 2184 quemadmodum
1465 2129 1533 2172 hic
1545 2139 1594 2180 73

96 2183 304 2225 frueretur
321 2184 536 2240 voluptate
556 2183 774 2224 amatoria.

141 2304 161 2330 9
182 2296 263 2336 apud
274 2296 446 2336 Euripidem
462 2303 490 2326 et
505 2296 642 2338 loquatur
657 2304 685 2326 et
699 2297 798 2337 cupiat
842 2298 1035 2337 quibusdam
1052 2299 1130 2329 Mss.
1150 2305 1180 2329 et
1201 2299 1271 2329 edd.
1293 2300 1409 2330 ductus
1432 2300 1540 2330 Buhe-

101 2339 210 2380 Laius]
243 2340 379 2370 Pertinet
408 2340 447 2369 ad
483 2349 626 2370 amorem
661 2341 730 2379 ejus
765 2342 797 2370 in
842 2342 905 2371 rius
930 2343 1039 2381 corrigi
1063 2342 1134 2372 vult
1156 2341 1319 2381 Philosophi
1346 2349 1411 2372 sunt
1433 2343 1539 2380 exorti,

98 2382 327 2422 Chrysippum,
341 2389 377 2412 ut
392 2383 469 2412 vidit
484 2383 634 2414 Davisius
650 2396 655 2412 ε
680 2393 710 2414 v.
727 2383 798 2422 plu-
842 2384 1102 2425 qui—tribuerint.
1137 2386 1272 2415 Frustra.
1288 2386 1363 2425 quia
1379 2387 1443 2424 ipse
1458 2387 1541 2416 Aca-

98 2435 133 2456 ra
155 2425 240 2464 apud
265 2426 492 2456 Valkenarium
517 2427 556 2455 V.
579 2426 614 2456 C.
639 2427 740 2457 Diatr.
765 2428 798 2456 in
841 2427 985 2457 demicus
1002 2435 1078 2462 erat,
1094 2437 1125 2457 se
1141 2430 1244 2467 primo
1267 2429 1343 2458 huic
1366 2430 1471 2467 generi
1487 2430 1541 2459 ad-

99 2469 136 2498 fr.
154 2467 262 2507 Eurip.
282 2478 314 2507 p.
330 2474 381 2499 23.
426 2469 583 2517 Euripidis
606 2469 715 2499 fabula
737 2470 798 2499 fuit
840 2471 965 2506 miscet,
982 2478 1012 2500 et
1027 2472 1103 2501 dicit
1118 2482 1223 2501 sumus.
1248 2472 1278 2502 Si
1295 2479 1404 2502 tamen
1421 2472 1542 2511 placeat

101 2510 316 2550 Chrysippus.
341 2511 379 2540 ad
394 2520 466 2541 eam
482 2512 615 2551 pertinet
630 2512 796 2543 hiclocus.
841 2520 906 2542 sunt
933 2514 1025 2542 exorti
1060 2521 1131 2553 post
1160 2515 1331 2555 legendum
1359 2515 1417 2545 erit
1449 2515 1541 2545 tribu-

101 2552 165 2583 ΜΞ.
182 2553 290 2583 Guelf.
307 2554 423 2583 habet.
441 2554 520 2594 apud
531 2554 638 2594 Eurip.
655 2561 683 2584 et
699 2554 798 2597 loqua-
842 2562 932 2584 erent.

102 2602 150 2625 tur
164 2601 192 2625 et
205 2595 305 2635 cupiat
322 2596 424 2626 Laius.
889 2605 925 2628 1-2
950 2598 979 2627 in
996 2599 1157 2639 Leucadia]
1182 2600 1303 2631 Fabula
1323 2600 1457 2640 Turpilii
1480 2601 1539 2631 du-

149 2645 186 2668 10
208 2638 336 2678 scripsit!
363 2638 421 2668 Pro
444 2638 542 2668 scribit
565 2649 581 2669 e
608 2639 671 2669 Ms.
688 2640 798 2670 Corra·
842 2648 893 2671 cta
908 2651 947 2672 ex
962 2642 1103 2673 Alexidis
1116 2643 1225 2674 fabula
1239 2645 1302 2674 hoc
1318 2644 1460 2674 nomine.

101 2681 162 2753 giqs
180 2680 301 2712 anast.
317 2691 348 2722 p.
365 2687 438 2714 349.
461 2682 507 2712 sic
525 2689 557 2712 et
578 2683 725 2714 Davisius
746 2684 799 2714 de·
842 2684 986 2758 hossad'lgi
1002 2684 1034 2714 id
1046 2693 1108 2717 erat
1124 2686 1180 2717 diis
1194 2698 1219 2717 ο.
1232 2685 1402 2724 curandum]
1418 2686 1540 2716 Ironice

942 2737 950 2757 1
986 2737 1053 2758 um.

150 2771 184 2796 n
211 2764 374 2808 Philosophi
400 2776 495 2798 sumus
521 2766 630 2809 exorn‘]
655 2768 799 2808 Vestigiis

834 2822 863 2851 Δ
882 2823 906 2851 a
925 2822 951 2853 2
