1768 3095
557 110 734 149 LIBER
763 110 1004 148 PRIMUS.
1446 118 1495 159 93

66 223 180 274 bam,
201 223 351 272 facete,
379 228 422 260 et
448 218 608 260 urbane
636 218 801 259 Stoicos
822 217 1035 267 irridente,
1063 224 1200 258 statua
1221 226 1286 258 est
1305 217 1348 258 in
1370 218 1499 261 Cera-

65 280 194 330 mico,
218 275 445 334 Chrysippi
475 274 674 325 sedentis,
704 283 896 330 porrecta
924 289 1078 323 manu3
1112 288 1207 330 quae
1235 288 1383 315 manus
1410 276 1498 331 sig-

68 336 206 377 nificet
245 334 361 375 illum
399 332 440 372 in
474 332 554 372 hac
587 345 679 372 esse
716 331 1012 387 rogatiuncula
1049 330 1320 371 delectatum.
1379 332 1498 372 Num

68 393 268 448 quidnam
297 403 442 430 manus
471 398 545 429 tua
571 388 629 430 sic
651 387 814 439 affecta,
833 387 1196 444 quemadmodum
1217 387 1368 429 affecta
1388 402 1499 428 nunc

66 458 144 500 est,
174 446 408 489 desiderat?
441 445 562 486 Nihil
593 459 706 485 sane.
764 445 840 496 At,
882 445 915 485 si
949 444 1140 499 voluptas
1171 444 1282 485 e'sset
1322 444 1499 497 bonum,

69 505 336 546 desideraret.
397 502 462 542 Ita
493 501 635 542 credo.
693 502 795 542 Non
834 510 898 542 est
931 501 1062 556 igitur
1097 501 1288 556 voluptas
1324 501 1500 543 bonum.

69 563 166 602 Hoc
188 575 239 600 ne
259 567 440 600 statuam
464 558 634 614 quidem
658 557 866 599 dicturam
891 567 1010 613 pater
1030 557 1184 608 aiebat,
1206 558 1240 598 si
1262 557 1380 613 loqui
1401 572 1503 613 pos-

68 625 144 659 set.
166 615 414 657 conclusum
436 624 500 656 est
519 615 629 656 enim
648 625 795 655 contra
815 614 1073 671 Cyrenaicos
1094 614 1192 655 satis
1213 624 1336 655 acute
1355 632 1363 656 :
1396 614 1502 656 nihil

66 673 119 714 ad
147 673 393 728 Epicurum.
416 687 512 712 nam
542 671 576 712 si
597 686 645 712 ea
666 671 756 712 sola
777 671 970 727 voluptas
991 680 1115 722 esset,
1139 686 1233 727 quae
1256 671 1376 727 quasi
1397 671 1502 713 titil-

66 729 173 776 laret
202 743 362 779 sensus,
392 739 440 769 ut
470 729 528 769 ita
563 728 716 778 dicam,
746 738 788 768 et
818 728 871 769 ad
902 743 974 769 eos
1009 743 1107 769 cum
1149 729 1351 769 suavitate
1383 736 1418 760 ⁵1
1438 730 1501 771 af-

67 787 228 836 flueret,
251 795 293 826 et
313 785 579 826 illaberetur:
602 794 639 817 ⁵2
655 799 730 826 nec
752 800 900 826 manus
923 800 1012 826 esse
1034 793 1232 826 contenta
1251 794 1397 841 posset
1415 785 1504 828 ulla

67 842 273 885 vacuitate
303 841 461 883 doloris
492 842 580 883 sine
604 841 798 899 jucundo
829 852 952 883 motu
991 842 1233 897 voluptatis.
1265 842 1327 883 sin
1358 850 1502 884 autem

71 914 235 940 summa
264 899 456 954 voluptas
487 908 564 950 est,
595 908 643 939 ut
674 898 858 954 Epicuro
888 899 1042 954 placet,
1074 899 1177 940 nihil
1207 899 1379 941 dolere:
1416 900 1520 955 pri-v

70 971 185 997 mum
217 955 293 997 tibi
323 965 451 1006 recte,
482 956 738 1012 Chrysippe,
768 970 1015 997 concessum
1039 966 1118 1007 est,
1140 956 1243 997 nihil
1264 956 1503 998 desiderare

68 1027 256 1063 manum,
287 1027 385 1053 cum
416 1013 474 1053 ita
503 1021 613 1053 esset
641 1013 815 1053 affecta:
845 1013 1078 1054 secundum
1110 1027 1195 1053 non
1225 1022 1352 1064 recte,
1376 1014 1410 1055 si
1430 1028 1504 1055 vo-

69 1069 209 1125 luptas
242 1078 353 1110 esset
385 1070 562 1120 bonum,
594 1069 723 1110 fuisse
743 1069 1089 1111 desideraturam.
1111 1069 1265 1111 iccirco
1284 1070 1397 1111 enim
1419 1085 1503 1112 non

70 1125 338 1177 desideraret,
361 1126 473 1182 quia,
497 1126 612 1182 quod
634 1126 781 1167 dolore
802 1136 930 1176 caret,
952 1126 995 1167 id
1017 1127 1058 1167 in
1081 1127 1297 1183 voluptate
1319 1136 1397 1168 est.

126 1184 373 1224 Extremum
405 1192 549 1224 autem
579 1197 670 1224 esse
699 1184 909 1224 bonorum
940 1183 1215 1239 voluptatem,
1245 1199 1296 1225 ex
1326 1184 1408 1225 hoc
1439 1184 1502 1225 fa-
1521 1188 1584 1236 12

70 1239 149 1280 cile
178 1239 358 1294 perspici
384 1248 537 1295 potest.
595 1240 903 1281 constituamus
931 1240 1114 1296 aliquem
1137 1241 1318 1297 magnis,
1340 1240 1569 1296 multis,40

71 1296 283 1351 perpetuis
314 1297 521 1337 fruentem
552 1306 594 1336 et
622 1296 778 1345 animo,
801 1307 842 1337 et
863 1311 1040 1352 corpore
1061 1297 1363 1353 voluptatibus,
1385 1298 1505 1339 nullo

71 1351 219 1393 dolore
249 1366 324 1393 nec
355 1352 624 1407 impediente,
654 1367 729 1393 nec
751 1353 1046 1408 impendente:
1079 1368 1206 1409 quem
1230 1355 1401 1395 tandem
1422 1355 1506 1396 hoc

72 1417 185 1449 statu
214 1409 575 1463 praestabiliorem,
606 1419 680 1450 aut
709 1410 845 1465 magis
876 1409 1156 1465 expetendum
1187 1425 1412 1466 possumus
1444 1411 1508 1452 di-

71 1466 196 1507 cere?
228 1464 363 1506 inesse
393 1466 505 1505 enim
536 1479 702 1506 necesse
733 1476 797 1507 est
826 1466 868 1506 in
899 1481 965 1517 eo,
998 1466 1071 1522 qui
1100 1467 1159 1508 ita
1180 1467 1234 1507 sit
1254 1468 1443 1519 affectus,
1464 1476 1508 1509 et

73 1521 312 1562 firmitatem
343 1522 486 1572 animi,
516 1536 593 1562 nec
621 1531 819 1572 mortem,
852 1538 928 1563 nec
951 1523 1142 1564 dolorem
1165 1523 1365 1574 timentis,
1389 1523 1508 1580 quod

73 1592 187 1619 mors
217 1592 341 1618 sensu
371 1587 536 1619 careat:
569 1578 690 1619 dolor
719 1578 761 1618 in
791 1579 1117 1635 longinquitate,
1140 1579 1265 1621 levis:
1298 1581 1340 1621 in
1368 1580 1507 1636 gravi-

74 1643 174 1686 tate,
195 1634 328 1675 brevis
349 1635 483 1675 soleat
504 1649 592 1676 esse
609 1652 618 1676 z
641 1645 689 1676 ut
709 1635 799 1691 ejus
820 1635 1159 1691 magnitudinem
1181 1637 1386 1688 celeritas,
1409 1637 1506 1679 diu-

75 1691 318 1732 turnitatem
340 1691 533 1732 allevatio
555 1692 811 1733 consoletur.
871 1693 942 1734 Ad
974 1708 1022 1734 ea
1044 1708 1141 1735 cum
1163 1693 1340 1745 accedit,
1362 1702 1411 1735 ut
1432 1709 1564 1743 ne-41

75 1762 158 1803 que
186 1747 373 1789 divinum
395 1763 552 1789 numen
573 1749 755 1799 horreat,
778 1764 854 1790 nec
876 1750 1108 1805 praeteritas
1130 1758 1166 1782 ⁵²3
1185 1750 1422 1807 voluptates
1444 1751 1506 1792 ef·
1519 1760 1553 1790 b.

75 1806 202 1858 fluere
224 1805 419 1860 patiatur,
438 1819 668 1862 earumque
691 1806 858 1847 assidua
878 1807 1173 1849 recordatione
1193 1807 1383 1849 laetetur:
1404 1808 1509 1864 quid

78 1869 156 1913 est,
178 1861 294 1917 quod
316 1861 399 1902 huc
422 1862 570 1917 possit,
594 1863 710 1918 quod
731 1864 882 1904 melius
905 1864 972 1915 sit,
990 1864 1217 1905 accedere?
1240 1865 1388 1906 Statue
1409 1880 1512 1906 con—

77 1926 141 1958 tra
170 1918 354 1974 aliquem
385 1919 627 1959 confectum
659 1920 785 1960 tantis
815 1920 958 1971 animi,
981 1921 1255 1977 corporisque
1276 1921 1512 1973 doloribus,

77 1975 223 2031 quanti
253 1975 295 2015 in
326 1974 542 2016 hominem
573 1976 745 2017 maximi
775 1977 926 2018 cadere
955 1987 1148 2034 possunt,
1180 1978 1296 2019 nulla
1316 1993 1390 2034 spe
1411 1993 1513 2034 pro-

76 2031 228 2087 posita,
259 2031 350 2072 fore
380 2031 510 2072 levius
540 2032 780 2088 aliquando,
811 2034 926 2075 nulla
954 2044 1157 2091 praeterea
1188 2050 1265 2076 nec
1299 2035 1514 2091 praesenti,

79 2102 154 2129 nec
184 2096 426 2144 exspectata
455 2089 697 2144 voluptate:
731 2090 833 2146 quid
863 2106 914 2132 eo
944 2092 1136 2133 miserius
1166 2091 1264 2142 dici,
1296 2100 1369 2133 aut
1410 2092 1514 2148 fingi

77 2146 249 2200 potest?
284 2144 415 2201 Quod
449 2145 482 2185 si
523 2146 605 2186 vita
640 2146 858 2188 doloribus
892 2149 1058 2200 referta,
1094 2149 1275 2190 maxime
1311 2149 1515 2205 fugienda

78 2210 171 2243 est:
203 2216 419 2243 summum
450 2203 644 2257 profecto
674 2203 835 2244 malum
865 2214 943 2255 est,
973 2205 1106 2246 vivere
1135 2221 1231 2246 cum
1260 2205 1422 2247 dolore.
1445 2206 1515 2247 cui

80 2258 299 2299 sententiae
333 2268 666 2300 consentaneum
701 2269 778 2310 est,
815 2260 1013 2302 ultimum
1051 2276 1140 2302 esse
1173 2262 1384 2303 bonorum
1416 2277 1512 2303 cum

80 2315 295 2370 voluptate
319 2315 463 2357 vivere.
487 2331 563 2357 nec
583 2317 695 2357 enim
719 2317 849 2358 habet
871 2328 1014 2358 nostra
1036 2333 1153 2358 mens
1176 2319 1424 2374 quidquam,
1441 2318 1515 2359 ubi

81 2372 299 2420 consistat,
335 2380 553 2428 tamquam
595 2373 638 2413 in
679 2382 898 2415 extremo:
940 2389 1173 2430 omnesque
1214 2386 1256 2415 et
1295 2385 1434 2415 metus
1474 2384 1518 2415 et

82 2428 350 2483 aegritudines
391 2429 445 2469 ad
485 2429 677 2470 dolorem
712 2431 977 2472 referuntur:
1010 2446 1085 2472 nec
1121 2440 1323 2485 praeterea
1357 2440 1421 2472 est
1451 2445 1517 2473 res

80 2485 180 2536 ulla,
203 2500 297 2540 quae
319 2499 393 2526 sua
415 2496 563 2526 natura
583 2495 656 2527 aut
677 2487 903 2528 sollicitare
920 2488 1069 2542 possit,
1091 2498 1163 2528 aut
1184 2502 1354 2544 angere.
1404 2489 1515 2530 Prae-
1528 2495 1580 2528 42

81 2548 196 2582 terea
222 2551 264 2582 et
291 2542 532 2597 appetendi,
551 2552 594 2584 et
615 2543 867 2599 refugiendi,
888 2553 930 2584 et
951 2545 1125 2585 omnino
1147 2559 1289 2585 rerum
1310 2544 1518 2600 gerenda-

81 2612 176 2639 rum
197 2598 314 2639 initia
339 2598 662 2654 proficiscuntur
682 2609 755 2642 aut
776 2615 800 2641 a
821 2600 1051 2656 voluptate,
1072 2611 1145 2643 aut
1167 2616 1191 2642 a
1217 2601 1378 2642 dolore.
1403 2601 1519 2657 quod

128 2730 163 2753 51
188 2724 320 2764 cgfflueret
349 2731 377 2755 et
406 2723 589 2765 illaberetur]
629 2726 778 2756 Davisius
822 2727 894 2757 fecit
910 2737 960 2756 nec
979 2725 1041 2756 ulla
1062 2732 1131 2765 pars
1149 2737 1181 2757 v.
1196 2726 1224 2756 d.
1242 2728 1300 2757 SIC.
1325 2736 1390 2756 non
1415 2726 1519 2763 bene3

86 2765 222 2796 malebat
238 2767 422 2803 allaberetur,
437 2779 502 2798 non
520 2769 615 2799 male.
820 2770 988 2800 addidisset
1004 2770 1114 2799 Cicero
1129 2770 1197 2799 sine
1213 2770 1310 2799 dubio
1327 2769 1460 2809 corporis.

129 2815 167 2838 52
190 2820 239 2838 nec
260 2822 360 2840 manus
382 2818 512 2841 contenta
536 2822 591 2840 esse
608 2818 701 2850 posset
716 2810 779 2840 ulla
867 2819 903 2843 53
929 2812 1094 2851 voluptates
1107 2813 1219 2852 effluere
1229 2812 1382 2852 patiatur]
1403 2813 1465 2841 Int.
1483 2821 1522 2840 ex

85 2851 236 2880 vacuitate
252 2853 330 2894 δια]
348 2854 496 2884 Davisius
513 2864 530 2883 e
546 2854 681 2894 vestigiis
699 2854 778 2885 Mss.
823 2855 945 2891 animo,
961 2862 996 2884 ut
1008 2856 1171 2894 sequentia
1187 2855 1313 2884 docent.
1356 2879 1358 2881 ,
1438 2866 1443 2867 ’
