<?xml version="1.0" encoding="UTF-8"?>
<!DOCTYPE html PUBLIC "-//W3C//DTD XHTML 1.0 Transitional//EN"
    "http://www.w3.org/TR/xhtml1/DTD/xhtml1-transitional.dtd">
<html xmlns="http://www.w3.org/1999/xhtml" xml:lang="en" lang="en">
 <head>
  <title>
</title>
<meta http-equiv="Content-Type" content="text/html;charset=utf-8" />
  <meta name='ocr-system' content='tesseract 3.04.00' />
  <meta name='ocr-capabilities' content='ocr_page ocr_carea ocr_par ocr_line ocrx_word'/>
</head>
<body>
  <div class='ocr_page' id='page_1' title='image "./p1operaomnia04ciceuoft_0615.png"; bbox 0 0 1778 3095; ppageno 0'>
   <div class='ocr_carea' id='block_1_1' title="bbox 518 89 1533 139">
    <p class='ocr_par' dir='ltr' id='par_1_1' title="bbox 518 89 1533 139">
     <span class='ocr_line' id='line_1_1' title="bbox 518 89 1533 139; baseline 0.002 -10"><span class='ocrx_word' id='word_1_1' title='bbox 518 91 695 129; x_wconf 86' lang='lat' dir='ltr'><strong>LIBER</strong></span> <span class='ocrx_word' id='word_1_2' title='bbox 731 89 1124 130; x_wconf 86' lang='lat' dir='ltr'>SINGULARIS.</span> <span class='ocrx_word' id='word_1_3' title='bbox 1456 94 1533 139; x_wconf 87' lang='lat'><strong>607</strong></span> 
     </span>
    </p>
   </div>
   <div class='ocr_carea' id='block_1_2' title="bbox 110 198 1662 422">
    <p class='ocr_par' dir='ltr' id='par_1_2' title="bbox 110 198 1662 422">
     <span class='ocr_line' id='line_1_2' title="bbox 110 198 1533 254; baseline 0 -14"><span class='ocrx_word' id='word_1_4' title='bbox 110 206 281 254; x_wconf 83' lang='lat' dir='ltr'><strong>gratum</strong></span> <span class='ocrx_word' id='word_1_5' title='bbox 301 198 488 240; x_wconf 88' lang='lat' dir='ltr'><strong>futurum</strong></span> <span class='ocrx_word' id='word_1_6' title='bbox 511 199 591 240; x_wconf 90' lang='lat' dir='ltr'><strong>sit?</strong></span> <span class='ocrx_word' id='word_1_7' title='bbox 624 199 699 240; x_wconf 90' lang='lat' dir='ltr'><strong>sed</strong></span> <span class='ocrx_word' id='word_1_8' title='bbox 719 198 777 239; x_wconf 86' lang='lat' dir='ltr'><strong>ita</strong></span> <span class='ocrx_word' id='word_1_9' title='bbox 797 198 956 249; x_wconf 85' lang='lat' dir='ltr'><strong>audies,</strong></span> <span class='ocrx_word' id='word_1_10' title='bbox 976 206 1025 239; x_wconf 91' lang='lat' dir='ltr'><strong>ut</strong></span> <span class='ocrx_word' id='word_1_11' title='bbox 1044 198 1281 238; x_wconf 82' lang='lat' dir='ltr'><strong>Romanum</strong></span> <span class='ocrx_word' id='word_1_12' title='bbox 1302 198 1533 250; x_wconf 85' lang='lat' dir='ltr'><strong>hominem,</strong></span> 
     </span>
     <span class='ocr_line' id='line_1_3' title="bbox 110 254 1534 311; baseline 0.001 -16"><span class='ocrx_word' id='word_1_13' title='bbox 110 265 159 295; x_wconf 93' lang='lat' dir='ltr'><strong>ut</strong></span> <span class='ocrx_word' id='word_1_14' title='bbox 187 256 333 297; x_wconf 84' lang='lat' dir='ltr'><strong>timide</strong></span> <span class='ocrx_word' id='word_1_15' title='bbox 361 255 663 310; x_wconf 84' lang='lat' dir='ltr'><strong>ingredientem</strong></span> <span class='ocrx_word' id='word_1_16' title='bbox 693 254 747 294; x_wconf 86' lang='lat' dir='ltr'><strong>ad</strong></span> <span class='ocrx_word' id='word_1_17' title='bbox 777 254 858 294; x_wconf 90' lang='lat' dir='ltr'><strong>hoc</strong></span> <span class='ocrx_word' id='word_1_18' title='bbox 886 268 1019 308; x_wconf 82' lang='lat' dir='ltr'><strong>genus</strong></span> <span class='ocrx_word' id='word_1_19' title='bbox 1049 254 1302 307; x_wconf 88' lang='lat' dir='ltr'><strong>disputandi,</strong></span> <span class='ocrx_word' id='word_1_20' title='bbox 1328 266 1375 296; x_wconf 88' lang='lat' dir='ltr'><strong>ut</strong></span> <span class='ocrx_word' id='word_1_21' title='bbox 1403 255 1534 311; x_wconf 84' lang='lat' dir='ltr'><strong>longo</strong></span> 
     </span>
     <span class='ocr_line' id='line_1_4' title="bbox 110 310 1534 365; baseline 0.001 -14"><span class='ocrx_word' id='word_1_22' title='bbox 110 310 326 352; x_wconf 83' lang='lat' dir='ltr'><strong>intervallo</strong></span> <span class='ocrx_word' id='word_1_23' title='bbox 359 312 450 353; x_wconf 91' lang='lat' dir='ltr'><strong>haec</strong></span> <span class='ocrx_word' id='word_1_24' title='bbox 483 310 619 351; x_wconf 85' lang='lat' dir='ltr'><strong>studia</strong></span> <span class='ocrx_word' id='word_1_25' title='bbox 654 318 927 365; x_wconf 85' lang='lat' dir='ltr'><strong>repetentem.</strong></span> <span class='ocrx_word' id='word_1_26' title='bbox 996 311 1074 359; x_wconf 86' lang='lat' dir='ltr'><strong>Ita,</strong></span> <span class='ocrx_word' id='word_1_27' title='bbox 1108 310 1257 364; x_wconf 86' lang='lat' dir='ltr'><strong>inquit,</strong></span> <span class='ocrx_word' id='word_1_28' title='bbox 1291 311 1456 352; x_wconf 83' lang='lat' dir='ltr'>audiam</span> <span class='ocrx_word' id='word_1_29' title='bbox 1493 323 1534 353; x_wconf 91' lang='lat' dir='ltr'><strong>te</strong></span> 
     </span>
     <span class='ocr_line' id='line_1_5' title="bbox 110 364 1662 422; baseline 0.001 -15"><span class='ocrx_word' id='word_1_30' title='bbox 110 366 394 422; x_wconf 80' lang='lat' dir='ltr'><strong>disputantem</strong></span> <span class='ocrx_word' id='word_1_31' title='bbox 411 384 424 419; x_wconf 82' lang='lat'>3</span> <span class='ocrx_word' id='word_1_32' title='bbox 455 375 501 408; x_wconf 92' lang='lat' dir='ltr'><strong>ut</strong></span> <span class='ocrx_word' id='word_1_33' title='bbox 522 381 569 407; x_wconf 86' lang='lat' dir='ltr'><strong>ea</strong></span> <span class='ocrx_word' id='word_1_34' title='bbox 591 367 704 421; x_wconf 82' lang='lat' dir='ltr'><strong>lego,</strong></span> <span class='ocrx_word' id='word_1_35' title='bbox 724 380 820 421; x_wconf 78' lang='lat' dir='ltr'><strong>quae</strong></span> <span class='ocrx_word' id='word_1_36' title='bbox 841 364 1056 419; x_wconf 85' lang='lat' dir='ltr'><strong>scripsisti.</strong></span> <span class='ocrx_word' id='word_1_37' title='bbox 1085 366 1261 420; x_wconf 89' lang='lat' dir='ltr'><strong>proinde</strong></span> <span class='ocrx_word' id='word_1_38' title='bbox 1285 366 1435 407; x_wconf 88' lang='lat' dir='ltr'><strong>ordire.</strong></span> <span class='ocrx_word' id='word_1_39' title='bbox 1545 385 1662 416; x_wconf 76' lang='lat' dir='ltr'><strong>p.1-11.</strong></span> 
     </span>
    </p>
   </div>
   <div class='ocr_carea' id='block_1_3' title="bbox 598 430 1576 473">
    <p class='ocr_par' dir='ltr' id='par_1_3' title="bbox 598 430 1576 473">
     <span class='ocr_line' id='line_1_6' title="bbox 598 430 1576 473; baseline -0.003 -1"><span class='ocrx_word' id='word_1_40' title='bbox 598 441 614 464; x_wconf 84' lang='lat'>8</span> <span class='ocrx_word' id='word_1_41' title='bbox 632 431 779 473; x_wconf 72' lang='grc' dir='ltr'><strong>Μαῖία</strong></span> <span class='ocrx_word' id='word_1_42' title='bbox 802 430 866 471; x_wconf 80' lang='lat' dir='ltr'><strong>lzz&#39;c</strong></span> <span class='ocrx_word' id='word_1_43' title='bbox 885 430 1041 471; x_wconf 76' lang='lat' dir='ltr'><strong>desunt.</strong></span> <span class='ocrx_word' id='word_1_44' title='bbox 1544 430 1576 452; x_wconf 73' lang='lat'><strong>²¹·</strong></span> 
     </span>
    </p>
   </div>
   <div class='ocr_carea' id='block_1_4' title="bbox 110 524 1593 2439">
    <p class='ocr_par' dir='ltr' id='par_1_4' title="bbox 110 524 1589 1925">
     <span class='ocr_line' id='line_1_7' title="bbox 168 524 1581 582; baseline 0.001 -15"><span class='ocrx_word' id='word_1_45' title='bbox 168 526 493 568; x_wconf 79' lang='lat' dir='ltr'><strong>consideramus</strong></span> <span class='ocrx_word' id='word_1_46' title='bbox 509 525 596 567; x_wconf 91' lang='lat' dir='ltr'><strong>hic:</strong></span> <span class='ocrx_word' id='word_1_47' title='bbox 619 540 800 581; x_wconf 91' lang='lat' dir='ltr'><strong>quorum</strong></span> <span class='ocrx_word' id='word_1_48' title='bbox 818 525 859 565; x_wconf 90' lang='lat' dir='ltr'><strong>in</strong></span> <span class='ocrx_word' id='word_1_49' title='bbox 875 525 978 574; x_wconf 89' lang='lat' dir='ltr'><strong>aliis,</strong></span> <span class='ocrx_word' id='word_1_50' title='bbox 1003 533 1021 558; x_wconf 86' lang='lat'>9</span> <span class='ocrx_word' id='word_1_51' title='bbox 1034 532 1081 565; x_wconf 92' lang='lat' dir='ltr'><strong>ut</strong></span> <span class='ocrx_word' id='word_1_52' title='bbox 1096 524 1138 565; x_wconf 93' lang='lat' dir='ltr'><strong>in</strong></span> <span class='ocrx_word' id='word_1_53' title='bbox 1154 525 1380 580; x_wconf 81' lang='lat' dir='ltr'><strong>Antipatro</strong></span> <span class='ocrx_word' id='word_1_54' title='bbox 1396 532 1534 582; x_wconf 62' lang='lat' dir='ltr'><strong>poeta,</strong></span> <span class='ocrx_word' id='word_1_55' title='bbox 1548 536 1581 581; x_wconf 81' lang='grc'><strong>3</strong></span> 
     </span>
     <span class='ocr_line' id='line_1_8' title="bbox 111 581 1571 641; baseline 0.001 -18"><span class='ocrx_word' id='word_1_56' title='bbox 111 590 158 623; x_wconf 85' lang='lat' dir='ltr'><strong>ut</strong></span> <span class='ocrx_word' id='word_1_57' title='bbox 191 583 230 623; x_wconf 91' lang='lat' dir='ltr'><strong>in</strong></span> <span class='ocrx_word' id='word_1_58' title='bbox 263 582 442 623; x_wconf 86' lang='lat' dir='ltr'><strong>brumali</strong></span> <span class='ocrx_word' id='word_1_59' title='bbox 467 582 534 623; x_wconf 90' lang='lat' dir='ltr'><strong>die</strong></span> <span class='ocrx_word' id='word_1_60' title='bbox 566 583 685 633; x_wconf 86' lang='lat' dir='ltr'><strong>natis,</strong></span> <span class='ocrx_word' id='word_1_61' title='bbox 710 590 756 622; x_wconf 90' lang='lat' dir='ltr'><strong>ut</strong></span> <span class='ocrx_word' id='word_1_62' title='bbox 783 581 824 621; x_wconf 90' lang='lat' dir='ltr'><strong>in</strong></span> <span class='ocrx_word' id='word_1_63' title='bbox 850 581 976 622; x_wconf 88' lang='lat' dir='ltr'><strong>simul</strong></span> <span class='ocrx_word' id='word_1_64' title='bbox 1006 582 1307 636; x_wconf 83' lang='lat' dir='ltr'><strong>aegrotantibus</strong></span> <span class='ocrx_word' id='word_1_65' title='bbox 1328 583 1537 633; x_wconf 85' lang='lat' dir='ltr'><strong>fratribus,</strong></span> <span class='ocrx_word' id='word_1_66' title='bbox 1549 611 1571 641; x_wconf 84' lang='lat'><em>5</em></span> 
     </span>
     <span class='ocr_line' id='line_1_9' title="bbox 111 637 1537 694; baseline 0.001 -15"><span class='ocrx_word' id='word_1_67' title='bbox 111 647 160 679; x_wconf 90' lang='lat' dir='ltr'><strong>ut</strong></span> <span class='ocrx_word' id='word_1_68' title='bbox 184 639 225 679; x_wconf 87' lang='lat' dir='ltr'><strong>in</strong></span> <span class='ocrx_word' id='word_1_69' title='bbox 245 638 376 689; x_wconf 84' lang='lat' dir='ltr'><strong>urina,</strong></span> <span class='ocrx_word' id='word_1_70' title='bbox 398 646 445 679; x_wconf 88' lang='lat' dir='ltr'><strong>ut</strong></span> <span class='ocrx_word' id='word_1_71' title='bbox 471 639 513 679; x_wconf 87' lang='lat' dir='ltr'><strong>in</strong></span> <span class='ocrx_word' id='word_1_72' title='bbox 544 639 769 694; x_wconf 85' lang='lat' dir='ltr'><strong>unguibus,</strong></span> <span class='ocrx_word' id='word_1_73' title='bbox 792 646 837 678; x_wconf 83' lang='lat' dir='ltr'><strong>ut</strong></span> <span class='ocrx_word' id='word_1_74' title='bbox 865 638 906 678; x_wconf 89' lang='lat' dir='ltr'><strong>in</strong></span> <span class='ocrx_word' id='word_1_75' title='bbox 935 637 1105 693; x_wconf 87' lang='lat' dir='ltr'><strong>reliquis</strong></span> <span class='ocrx_word' id='word_1_76' title='bbox 1133 638 1357 694; x_wconf 83' lang='lat' dir='ltr'><strong>ejusmodi,</strong></span> <span class='ocrx_word' id='word_1_77' title='bbox 1379 649 1537 681; x_wconf 77' lang='lat' dir='ltr'><strong>naturae</strong></span> 
     </span>
     <span class='ocr_line' id='line_1_10' title="bbox 111 694 1538 750; baseline 0.002 -16"><span class='ocrx_word' id='word_1_78' title='bbox 111 694 310 748; x_wconf 81' lang='lat' dir='ltr'><strong>contagio</strong></span> <span class='ocrx_word' id='word_1_79' title='bbox 331 695 460 736; x_wconf 84' lang='lat' dir='ltr'><strong>valet:</strong></span> <span class='ocrx_word' id='word_1_80' title='bbox 501 710 628 750; x_wconf 84' lang='lat' dir='ltr'><strong>quam</strong></span> <span class='ocrx_word' id='word_1_81' title='bbox 648 709 731 750; x_wconf 82' lang='lat' dir='ltr'><strong>ego</strong></span> <span class='ocrx_word' id='word_1_82' title='bbox 752 709 834 734; x_wconf 89' lang='lat' dir='ltr'><strong>non</strong></span> <span class='ocrx_word' id='word_1_83' title='bbox 856 694 961 734; x_wconf 89' lang='lat' dir='ltr'><strong>tollo</strong></span> <span class='ocrx_word' id='word_1_84' title='bbox 981 711 990 735; x_wconf 75' lang='grc' dir='ltr'>ε</span> <span class='ocrx_word' id='word_1_85' title='bbox 1028 694 1084 734; x_wconf 81' lang='lat' dir='ltr'><strong>vis</strong></span> <span class='ocrx_word' id='word_1_86' title='bbox 1104 705 1167 735; x_wconf 88' lang='lat' dir='ltr'><strong>est</strong></span> <span class='ocrx_word' id='word_1_87' title='bbox 1189 694 1303 735; x_wconf 88' lang='lat' dir='ltr'><strong>nulla</strong></span> <span class='ocrx_word' id='word_1_88' title='bbox 1323 695 1476 746; x_wconf 84' lang='lat' dir='ltr'><strong>fatalis,</strong></span> <span class='ocrx_word' id='word_1_89' title='bbox 1496 697 1538 737; x_wconf 88' lang='lat' dir='ltr'><strong>in</strong></span> 
     </span>
     <span class='ocr_line' id='line_1_11' title="bbox 110 750 1539 806; baseline 0.002 -16"><span class='ocrx_word' id='word_1_90' title='bbox 110 750 201 790; x_wconf 87' lang='lat' dir='ltr'><strong>aliis</strong></span> <span class='ocrx_word' id='word_1_91' title='bbox 237 758 377 792; x_wconf 86' lang='lat' dir='ltr'><strong>autem</strong></span> <span class='ocrx_word' id='word_1_92' title='bbox 411 751 585 792; x_wconf 85' lang='lat' dir='ltr'><strong>fortuita</strong></span> <span class='ocrx_word' id='word_1_93' title='bbox 616 750 809 806; x_wconf 88' lang='lat' dir='ltr'><strong>quaedam</strong></span> <span class='ocrx_word' id='word_1_94' title='bbox 837 765 927 791; x_wconf 87' lang='lat' dir='ltr'><strong>esse</strong></span> <span class='ocrx_word' id='word_1_95' title='bbox 958 759 1147 806; x_wconf 80' lang='lat' dir='ltr'><strong>possunt,</strong></span> <span class='ocrx_word' id='word_1_96' title='bbox 1182 761 1229 791; x_wconf 90' lang='lat' dir='ltr'><strong>ut</strong></span> <span class='ocrx_word' id='word_1_97' title='bbox 1259 751 1301 791; x_wconf 88' lang='lat' dir='ltr'><strong>in</strong></span> <span class='ocrx_word' id='word_1_98' title='bbox 1331 751 1405 792; x_wconf 91' lang='lat' dir='ltr'><strong>illo</strong></span> <span class='ocrx_word' id='word_1_99' title='bbox 1437 767 1539 793; x_wconf 85' lang='lat' dir='ltr'><strong>nau-</strong></span> 
     </span>
     <span class='ocr_line' id='line_1_12' title="bbox 111 806 1541 862; baseline 0.002 -16"><span class='ocrx_word' id='word_1_100' title='bbox 111 806 247 861; x_wconf 84' lang='lat' dir='ltr'><strong>frago,</strong></span> <span class='ocrx_word' id='word_1_101' title='bbox 267 816 314 848; x_wconf 88' lang='lat' dir='ltr'><strong>ut</strong></span> <span class='ocrx_word' id='word_1_102' title='bbox 334 808 375 848; x_wconf 89' lang='lat' dir='ltr'><strong>in</strong></span> <span class='ocrx_word' id='word_1_103' title='bbox 396 807 554 857; x_wconf 89' lang='lat' dir='ltr'><strong>Icadio,</strong></span> <span class='ocrx_word' id='word_1_104' title='bbox 574 817 622 848; x_wconf 91' lang='lat' dir='ltr'><strong>ut</strong></span> <span class='ocrx_word' id='word_1_105' title='bbox 643 808 684 847; x_wconf 92' lang='lat' dir='ltr'><strong>in</strong></span> <span class='ocrx_word' id='word_1_106' title='bbox 712 806 913 862; x_wconf 85' lang='lat' dir='ltr'><strong>Daphita.</strong></span> <span class='ocrx_word' id='word_1_107' title='bbox 972 807 1180 862; x_wconf 69' lang='lat' dir='ltr'><strong>Quaedam</strong></span> <span class='ocrx_word' id='word_1_108' title='bbox 1210 808 1337 847; x_wconf 86' lang='lat' dir='ltr'><strong>etiam</strong></span> <span class='ocrx_word' id='word_1_109' title='bbox 1365 808 1541 849; x_wconf 84' lang='lat' dir='ltr'><strong>Posido-</strong></span> 
     </span>
     <span class='ocr_line' id='line_1_13' title="bbox 111 862 1539 918; baseline 0.002 -16"><span class='ocrx_word' id='word_1_110' title='bbox 111 862 205 903; x_wconf 85' lang='lat' dir='ltr'><strong>nius</strong></span> <span class='ocrx_word' id='word_1_111' title='bbox 228 865 347 918; x_wconf 86' lang='lat' dir='ltr'><strong>(pace</strong></span> <span class='ocrx_word' id='word_1_112' title='bbox 378 864 569 918; x_wconf 81' lang='lat' dir='ltr'><strong>magistri</strong></span> <span class='ocrx_word' id='word_1_113' title='bbox 598 863 788 915; x_wconf 86' lang='lat' dir='ltr'><strong>dixerim)</strong></span> <span class='ocrx_word' id='word_1_114' title='bbox 815 863 1077 903; x_wconf 83' lang='lat' dir='ltr'><strong>comminisci</strong></span> <span class='ocrx_word' id='word_1_115' title='bbox 1098 863 1272 904; x_wconf 86' lang='lat' dir='ltr'><strong>videtur.</strong></span> <span class='ocrx_word' id='word_1_116' title='bbox 1333 865 1453 915; x_wconf 84' lang='lat' dir='ltr'><strong>Sunt,</strong></span> <span class='ocrx_word' id='word_1_117' title='bbox 1476 866 1539 905; x_wconf 93' lang='lat' dir='ltr'><strong>in-</strong></span> 
     </span>
     <span class='ocr_line' id='line_1_14' title="bbox 111 919 1541 975; baseline 0.002 -16"><span class='ocrx_word' id='word_1_118' title='bbox 111 933 255 974; x_wconf 87' lang='lat' dir='ltr'><strong>quam,</strong></span> <span class='ocrx_word' id='word_1_119' title='bbox 276 920 445 975; x_wconf 87' lang='lat' dir='ltr'><strong>quidem</strong></span> <span class='ocrx_word' id='word_1_120' title='bbox 469 920 664 961; x_wconf 88' lang='lat' dir='ltr'><strong>absurda.</strong></span> <span class='ocrx_word' id='word_1_121' title='bbox 724 919 841 961; x_wconf 74' lang='lat' dir='ltr'><strong>Quid</strong></span> <span class='ocrx_word' id='word_1_122' title='bbox 862 919 1003 959; x_wconf 86' lang='lat' dir='ltr'><strong>enim?</strong></span> <span class='ocrx_word' id='word_1_123' title='bbox 1030 920 1063 959; x_wconf 89' lang='lat' dir='ltr'><strong>si</strong></span> <span class='ocrx_word' id='word_1_124' title='bbox 1083 919 1282 975; x_wconf 66' lang='lat' dir='ltr'><strong>Daphitae</strong></span> <span class='ocrx_word' id='word_1_125' title='bbox 1305 920 1439 961; x_wconf 88' lang='lat' dir='ltr'><strong>fatum</strong></span> <span class='ocrx_word' id='word_1_126' title='bbox 1460 922 1541 962; x_wconf 87' lang='lat' dir='ltr'><strong>fuit</strong></span> 
     </span>
     <span class='ocr_line' id='line_1_15' title="bbox 112 975 1540 1032; baseline 0.001 -16"><span class='ocrx_word' id='word_1_127' title='bbox 112 975 165 1016; x_wconf 89' lang='lat' dir='ltr'><strong>de</strong></span> <span class='ocrx_word' id='word_1_128' title='bbox 185 990 295 1031; x_wconf 92' lang='lat' dir='ltr'><strong>equo</strong></span> <span class='ocrx_word' id='word_1_129' title='bbox 315 976 479 1026; x_wconf 83' lang='lat' dir='ltr'><strong>cadere,</strong></span> <span class='ocrx_word' id='word_1_130' title='bbox 500 986 625 1031; x_wconf 86' lang='lat' dir='ltr'><strong>atque</strong></span> <span class='ocrx_word' id='word_1_131' title='bbox 645 976 704 1016; x_wconf 92' lang='lat' dir='ltr'><strong>ita</strong></span> <span class='ocrx_word' id='word_1_132' title='bbox 724 976 886 1031; x_wconf 86' lang='lat' dir='ltr'><strong>perire?</strong></span> <span class='ocrx_word' id='word_1_133' title='bbox 910 990 960 1015; x_wconf 77' lang='lat' dir='ltr'><strong>ex</strong></span> <span class='ocrx_word' id='word_1_134' title='bbox 981 975 1115 1016; x_wconf 89' lang='lat' dir='ltr'><strong>hocne</strong></span> <span class='ocrx_word' id='word_1_135' title='bbox 1137 991 1261 1031; x_wconf 85' lang='lat' dir='ltr'><strong>equo,</strong></span> <span class='ocrx_word' id='word_1_136' title='bbox 1284 985 1322 1009; x_wconf 88' lang='lat'><strong>10</strong></span> <span class='ocrx_word' id='word_1_137' title='bbox 1336 978 1421 1032; x_wconf 82' lang='lat' dir='ltr'><strong>qui,</strong></span> <span class='ocrx_word' id='word_1_138' title='bbox 1442 992 1540 1018; x_wconf 86' lang='lat' dir='ltr'><strong>cum</strong></span> 
     </span>
     <span class='ocr_line' id='line_1_16' title="bbox 113 1031 1542 1089; baseline 0.002 -17"><span class='ocrx_word' id='word_1_139' title='bbox 113 1046 246 1087; x_wconf 88' lang='lat' dir='ltr'><strong>equus</strong></span> <span class='ocrx_word' id='word_1_140' title='bbox 279 1047 363 1073; x_wconf 93' lang='lat' dir='ltr'><strong>non</strong></span> <span class='ocrx_word' id='word_1_141' title='bbox 402 1040 523 1083; x_wconf 89' lang='lat' dir='ltr'><strong>esset,</strong></span> <span class='ocrx_word' id='word_1_142' title='bbox 560 1046 714 1073; x_wconf 87' lang='lat' dir='ltr'><strong>nomen</strong></span> <span class='ocrx_word' id='word_1_143' title='bbox 751 1031 934 1072; x_wconf 86' lang='lat' dir='ltr'><strong>habebat</strong></span> <span class='ocrx_word' id='word_1_144' title='bbox 963 1031 1145 1072; x_wconf 87' lang='lat' dir='ltr'><strong>alienum</strong></span> <span class='ocrx_word' id='word_1_145' title='bbox 1164 1034 1176 1072; x_wconf 83' lang='lat'>?</span> <span class='ocrx_word' id='word_1_146' title='bbox 1215 1041 1287 1073; x_wconf 87' lang='lat' dir='ltr'><strong>aut</strong></span> <span class='ocrx_word' id='word_1_147' title='bbox 1326 1034 1542 1089; x_wconf 88' lang='lat' dir='ltr'><strong>Philippus</strong></span> 
     </span>
     <span class='ocr_line' id='line_1_17' title="bbox 112 1086 1543 1144; baseline 0.001 -15"><span class='ocrx_word' id='word_1_148' title='bbox 112 1087 239 1129; x_wconf 86' lang='lat' dir='ltr'><strong>hasce</strong></span> <span class='ocrx_word' id='word_1_149' title='bbox 261 1097 295 1119; x_wconf 88' lang='lat'><strong>11</strong></span> <span class='ocrx_word' id='word_1_150' title='bbox 312 1088 355 1129; x_wconf 90' lang='lat' dir='ltr'><strong>in</strong></span> <span class='ocrx_word' id='word_1_151' title='bbox 376 1089 527 1143; x_wconf 89' lang='lat' dir='ltr'><strong>capulo</strong></span> <span class='ocrx_word' id='word_1_152' title='bbox 548 1086 818 1144; x_wconf 81' lang='lat' dir='ltr'><strong>quadrigulas</strong></span> <span class='ocrx_word' id='word_1_153' title='bbox 840 1087 966 1129; x_wconf 82' lang='lat' dir='ltr'><strong>vitare</strong></span> <span class='ocrx_word' id='word_1_154' title='bbox 991 1089 1270 1129; x_wconf 85' lang='lat' dir='ltr'><strong>monebatur?</strong></span> <span class='ocrx_word' id='word_1_155' title='bbox 1302 1090 1419 1144; x_wconf 88' lang='lat' dir='ltr'><strong>quasi</strong></span> <span class='ocrx_word' id='word_1_156' title='bbox 1447 1105 1543 1131; x_wconf 88' lang='lat' dir='ltr'><strong>vero</strong></span> 
     </span>
     <span class='ocr_line' id='line_1_18' title="bbox 112 1145 1544 1200; baseline 0.002 -16"><span class='ocrx_word' id='word_1_157' title='bbox 112 1145 267 1199; x_wconf 87' lang='lat' dir='ltr'><strong>capulo</strong></span> <span class='ocrx_word' id='word_1_158' title='bbox 295 1145 348 1185; x_wconf 90' lang='lat' dir='ltr'><strong>sit</strong></span> <span class='ocrx_word' id='word_1_159' title='bbox 373 1145 549 1185; x_wconf 91' lang='lat' dir='ltr'><strong>occisus.</strong></span> <span class='ocrx_word' id='word_1_160' title='bbox 608 1145 725 1187; x_wconf 76' lang='lat' dir='ltr'><strong>Quid</strong></span> <span class='ocrx_word' id='word_1_161' title='bbox 751 1153 892 1185; x_wconf 86' lang='lat' dir='ltr'><strong>autem</strong></span> <span class='ocrx_word' id='word_1_162' title='bbox 920 1159 1138 1200; x_wconf 84' lang='lat' dir='ltr'><strong>magnum,</strong></span> <span class='ocrx_word' id='word_1_163' title='bbox 1158 1154 1199 1185; x_wconf 89' lang='lat' dir='ltr'><strong>et</strong></span> <span class='ocrx_word' id='word_1_164' title='bbox 1218 1147 1469 1200; x_wconf 79' lang='lat' dir='ltr'><strong>naufragum</strong></span> <span class='ocrx_word' id='word_1_165' title='bbox 1492 1147 1544 1187; x_wconf 84' lang='lat' dir='ltr'><strong>il—</strong></span> 
     </span>
     <span class='ocr_line' id='line_1_19' title="bbox 112 1200 1544 1258; baseline 0.001 -18"><span class='ocrx_word' id='word_1_166' title='bbox 112 1200 203 1241; x_wconf 89' lang='lat' dir='ltr'><strong>lum</strong></span> <span class='ocrx_word' id='word_1_167' title='bbox 224 1201 311 1241; x_wconf 87' lang='lat' dir='ltr'><strong>sine</strong></span> <span class='ocrx_word' id='word_1_168' title='bbox 332 1201 500 1242; x_wconf 89' lang='lat' dir='ltr'><strong>nomine</strong></span> <span class='ocrx_word' id='word_1_169' title='bbox 519 1202 560 1242; x_wconf 88' lang='lat' dir='ltr'><strong>in</strong></span> <span class='ocrx_word' id='word_1_170' title='bbox 582 1201 668 1241; x_wconf 86' lang='lat' dir='ltr'><strong>rivo</strong></span> <span class='ocrx_word' id='word_1_171' title='bbox 689 1215 779 1241; x_wconf 91' lang='lat' dir='ltr'><strong>esse</strong></span> <span class='ocrx_word' id='word_1_172' title='bbox 804 1201 970 1256; x_wconf 88' lang='lat' dir='ltr'><strong>lapsum</strong></span> <span class='ocrx_word' id='word_1_173' title='bbox 989 1203 1001 1241; x_wconf 91' lang='lat'>?</span> <span class='ocrx_word' id='word_1_174' title='bbox 1035 1216 1292 1256; x_wconf 80' lang='lat' dir='ltr'><strong>quamquam</strong></span> <span class='ocrx_word' id='word_1_175' title='bbox 1321 1201 1418 1243; x_wconf 89' lang='lat' dir='ltr'><strong>huic</strong></span> <span class='ocrx_word' id='word_1_176' title='bbox 1450 1203 1544 1258; x_wconf 87' lang='lat' dir='ltr'><strong>qui-</strong></span> 
     </span>
     <span class='ocr_line' id='line_1_20' title="bbox 113 1256 1545 1313; baseline 0.002 -16"><span class='ocrx_word' id='word_1_177' title='bbox 113 1256 211 1297; x_wconf 89' lang='lat' dir='ltr'><strong>dem</strong></span> <span class='ocrx_word' id='word_1_178' title='bbox 245 1257 313 1298; x_wconf 91' lang='lat' dir='ltr'><strong>hic</strong></span> <span class='ocrx_word' id='word_1_179' title='bbox 344 1257 489 1299; x_wconf 89' lang='lat' dir='ltr'><strong>scribit</strong></span> <span class='ocrx_word' id='word_1_180' title='bbox 516 1257 781 1313; x_wconf 84' lang='lat' dir='ltr'><strong>praedictum,</strong></span> <span class='ocrx_word' id='word_1_181' title='bbox 813 1257 854 1298; x_wconf 91' lang='lat' dir='ltr'><strong>in</strong></span> <span class='ocrx_word' id='word_1_182' title='bbox 886 1272 993 1313; x_wconf 86' lang='lat' dir='ltr'><strong>aqua</strong></span> <span class='ocrx_word' id='word_1_183' title='bbox 1021 1271 1112 1298; x_wconf 87' lang='lat' dir='ltr'><strong>esse</strong></span> <span class='ocrx_word' id='word_1_184' title='bbox 1140 1257 1416 1312; x_wconf 85' lang='lat' dir='ltr'><strong>pereundum.</strong></span> <span class='ocrx_word' id='word_1_185' title='bbox 1475 1260 1545 1300; x_wconf 86' lang='lat' dir='ltr'><strong>Ne</strong></span> 
     </span>
     <span class='ocr_line' id='line_1_21' title="bbox 112 1312 1543 1369; baseline 0.001 -16"><span class='ocrx_word' id='word_1_186' title='bbox 112 1312 284 1354; x_wconf 86' lang='lat' dir='ltr'><strong>hercule</strong></span> <span class='ocrx_word' id='word_1_187' title='bbox 324 1313 453 1354; x_wconf 86' lang='lat' dir='ltr'><strong>Icadii</strong></span> <span class='ocrx_word' id='word_1_188' title='bbox 485 1313 654 1369; x_wconf 90' lang='lat' dir='ltr'><strong>quidem</strong></span> <span class='ocrx_word' id='word_1_189' title='bbox 692 1313 901 1369; x_wconf 85' lang='lat' dir='ltr'><strong>praedonis</strong></span> <span class='ocrx_word' id='word_1_190' title='bbox 938 1313 1058 1354; x_wconf 85' lang='lat' dir='ltr'><strong>video</strong></span> <span class='ocrx_word' id='word_1_191' title='bbox 1091 1314 1222 1354; x_wconf 89' lang='lat' dir='ltr'><strong>fatum</strong></span> <span class='ocrx_word' id='word_1_192' title='bbox 1258 1314 1407 1355; x_wconf 89' lang='lat' dir='ltr'><strong>ullum.</strong></span> <span class='ocrx_word' id='word_1_193' title='bbox 1440 1315 1543 1355; x_wconf 88' lang='lat' dir='ltr'><strong>nihil</strong></span> 
     </span>
     <span class='ocr_line' id='line_1_22' title="bbox 113 1369 1581 1426; baseline 0.001 -16"><span class='ocrx_word' id='word_1_194' title='bbox 113 1369 226 1409; x_wconf 88' lang='lat' dir='ltr'><strong>enim</strong></span> <span class='ocrx_word' id='word_1_195' title='bbox 247 1369 390 1410; x_wconf 89' lang='lat' dir='ltr'><strong>scribit</strong></span> <span class='ocrx_word' id='word_1_196' title='bbox 410 1370 448 1410; x_wconf 91' lang='lat' dir='ltr'><strong>ei</strong></span> <span class='ocrx_word' id='word_1_197' title='bbox 466 1370 731 1425; x_wconf 60' lang='lat' dir='ltr'><strong>praedictum.</strong></span> <span class='ocrx_word' id='word_1_198' title='bbox 791 1369 906 1426; x_wconf 71' lang='lat' dir='ltr'><strong>Quid</strong></span> <span class='ocrx_word' id='word_1_199' title='bbox 936 1370 1089 1411; x_wconf 90' lang='lat' dir='ltr'><strong>mirum</strong></span> <span class='ocrx_word' id='word_1_200' title='bbox 1112 1370 1257 1426; x_wconf 84' lang='lat' dir='ltr'><strong>igitur,</strong></span> <span class='ocrx_word' id='word_1_201' title='bbox 1277 1385 1327 1410; x_wconf 80' lang='lat' dir='ltr'><strong>ex</strong></span> <span class='ocrx_word' id='word_1_202' title='bbox 1346 1371 1581 1425; x_wconf 64' lang='lat' dir='ltr'><strong>spelunca&amp;</strong></span> 
     </span>
     <span class='ocr_line' id='line_1_23' title="bbox 113 1426 1543 1482; baseline 0.001 -16"><span class='ocrx_word' id='word_1_203' title='bbox 113 1440 259 1466; x_wconf 84' lang='lat' dir='ltr'><strong>saxum</strong></span> <span class='ocrx_word' id='word_1_204' title='bbox 290 1426 332 1466; x_wconf 90' lang='lat' dir='ltr'><strong>in</strong></span> <span class='ocrx_word' id='word_1_205' title='bbox 362 1441 483 1466; x_wconf 85' lang='lat' dir='ltr'><strong>crura</strong></span> <span class='ocrx_word' id='word_1_206' title='bbox 510 1426 600 1482; x_wconf 85' lang='lat' dir='ltr'><strong>ejus</strong></span> <span class='ocrx_word' id='word_1_207' title='bbox 631 1426 851 1467; x_wconf 81' lang='lat' dir='ltr'><strong>incidisse?</strong></span> <span class='ocrx_word' id='word_1_208' title='bbox 884 1436 990 1481; x_wconf 89' lang='lat' dir='ltr'><strong>puto</strong></span> <span class='ocrx_word' id='word_1_209' title='bbox 1022 1426 1148 1477; x_wconf 89' lang='lat' dir='ltr'><strong>enim,</strong></span> <span class='ocrx_word' id='word_1_210' title='bbox 1170 1426 1296 1466; x_wconf 88' lang='lat' dir='ltr'><strong>etiam</strong></span> <span class='ocrx_word' id='word_1_211' title='bbox 1319 1427 1351 1468; x_wconf 91' lang='lat' dir='ltr'><strong>si</strong></span> <span class='ocrx_word' id='word_1_212' title='bbox 1379 1427 1543 1469; x_wconf 87' lang='lat' dir='ltr'><strong>Icadius</strong></span> 
     </span>
     <span class='ocr_line' id='line_1_24' title="bbox 112 1482 1543 1538; baseline 0.001 -16"><span class='ocrx_word' id='word_1_213' title='bbox 112 1490 205 1522; x_wconf 86' lang='lat' dir='ltr'><strong>tum</strong></span> <span class='ocrx_word' id='word_1_214' title='bbox 227 1482 268 1522; x_wconf 91' lang='lat' dir='ltr'><strong>in</strong></span> <span class='ocrx_word' id='word_1_215' title='bbox 291 1482 491 1538; x_wconf 89' lang='lat' dir='ltr'><strong>spelunca</strong></span> <span class='ocrx_word' id='word_1_216' title='bbox 511 1497 593 1523; x_wconf 90' lang='lat' dir='ltr'><strong>non</strong></span> <span class='ocrx_word' id='word_1_217' title='bbox 616 1483 776 1533; x_wconf 81' lang='lat' dir='ltr'><strong>fuisset,</strong></span> <span class='ocrx_word' id='word_1_218' title='bbox 799 1497 944 1524; x_wconf 84' lang='lat' dir='ltr'><strong>saxum</strong></span> <span class='ocrx_word' id='word_1_219' title='bbox 973 1493 1113 1523; x_wconf 87' lang='lat' dir='ltr'><strong>tamen</strong></span> <span class='ocrx_word' id='word_1_220' title='bbox 1136 1482 1239 1523; x_wconf 88' lang='lat' dir='ltr'><strong>illud</strong></span> <span class='ocrx_word' id='word_1_221' title='bbox 1261 1497 1453 1524; x_wconf 88' lang='lat' dir='ltr'><strong>casurum</strong></span> <span class='ocrx_word' id='word_1_222' title='bbox 1476 1484 1543 1524; x_wconf 86' lang='lat' dir='ltr'><strong>fu-</strong></span> 
     </span>
     <span class='ocr_line' id='line_1_25' title="bbox 111 1537 1544 1594; baseline 0.002 -16"><span class='ocrx_word' id='word_1_223' title='bbox 111 1537 207 1578; x_wconf 87' lang='lat' dir='ltr'><strong>isse.</strong></span> <span class='ocrx_word' id='word_1_224' title='bbox 266 1539 381 1579; x_wconf 86' lang='lat' dir='ltr'><strong>Nam</strong></span> <span class='ocrx_word' id='word_1_225' title='bbox 412 1547 486 1579; x_wconf 86' lang='lat' dir='ltr'><strong>aut</strong></span> <span class='ocrx_word' id='word_1_226' title='bbox 515 1539 619 1579; x_wconf 88' lang='lat' dir='ltr'><strong>nihil</strong></span> <span class='ocrx_word' id='word_1_227' title='bbox 647 1549 711 1580; x_wconf 90' lang='lat' dir='ltr'><strong>est</strong></span> <span class='ocrx_word' id='word_1_228' title='bbox 742 1539 914 1580; x_wconf 89' lang='lat' dir='ltr'><strong>omnino</strong></span> <span class='ocrx_word' id='word_1_229' title='bbox 943 1539 1179 1590; x_wconf 80' lang='lat' dir='ltr'><strong>fortuitum,</strong></span> <span class='ocrx_word' id='word_1_230' title='bbox 1201 1548 1273 1579; x_wconf 88' lang='lat' dir='ltr'><strong>aut</strong></span> <span class='ocrx_word' id='word_1_231' title='bbox 1299 1539 1381 1580; x_wconf 87' lang='lat' dir='ltr'><strong>hoc</strong></span> <span class='ocrx_word' id='word_1_232' title='bbox 1405 1540 1544 1594; x_wconf 89' lang='lat' dir='ltr'><strong>ipsum</strong></span> 
     </span>
     <span class='ocr_line' id='line_1_26' title="bbox 110 1594 1546 1651; baseline 0.002 -17"><span class='ocrx_word' id='word_1_233' title='bbox 110 1594 252 1648; x_wconf 85' lang='lat' dir='ltr'><strong>potuit</strong></span> <span class='ocrx_word' id='word_1_234' title='bbox 271 1594 433 1635; x_wconf 86' lang='lat' dir='ltr'><strong>evenire</strong></span> <span class='ocrx_word' id='word_1_235' title='bbox 458 1596 640 1636; x_wconf 85' lang='lat' dir='ltr'><strong>fortuna.</strong></span> <span class='ocrx_word' id='word_1_236' title='bbox 700 1597 859 1651; x_wconf 70' lang='lat' dir='ltr'><strong>Quaero</strong></span> <span class='ocrx_word' id='word_1_237' title='bbox 888 1596 1033 1650; x_wconf 78' lang='lat' dir='ltr'><strong>igitur,</strong></span> <span class='ocrx_word' id='word_1_238' title='bbox 1060 1598 1206 1651; x_wconf 79' lang='lat' dir='ltr'><strong>(atque</strong></span> <span class='ocrx_word' id='word_1_239' title='bbox 1223 1596 1304 1636; x_wconf 88' lang='lat' dir='ltr'><strong>hoc</strong></span> <span class='ocrx_word' id='word_1_240' title='bbox 1325 1596 1408 1636; x_wconf 87' lang='lat' dir='ltr'><strong>late</strong></span> <span class='ocrx_word' id='word_1_241' title='bbox 1427 1605 1546 1650; x_wconf 84' lang='lat' dir='ltr'><strong>pate-</strong></span> 
     </span>
     <span class='ocr_line' id='line_1_27' title="bbox 112 1650 1545 1703; baseline 0.002 -13"><span class='ocrx_word' id='word_1_242' title='bbox 112 1650 191 1703; x_wconf 91' lang='lat' dir='ltr'><strong>bit)</strong></span> <span class='ocrx_word' id='word_1_243' title='bbox 227 1650 262 1691; x_wconf 90' lang='lat' dir='ltr'><strong>si</strong></span> <span class='ocrx_word' id='word_1_244' title='bbox 296 1650 371 1691; x_wconf 84' lang='lat' dir='ltr'><strong>fati</strong></span> <span class='ocrx_word' id='word_1_245' title='bbox 400 1651 573 1692; x_wconf 88' lang='lat' dir='ltr'><strong>omnino</strong></span> <span class='ocrx_word' id='word_1_246' title='bbox 606 1651 770 1692; x_wconf 89' lang='lat' dir='ltr'><strong>nullum</strong></span> <span class='ocrx_word' id='word_1_247' title='bbox 803 1666 973 1702; x_wconf 86' lang='lat' dir='ltr'><strong>nomen,</strong></span> <span class='ocrx_word' id='word_1_248' title='bbox 1010 1652 1124 1693; x_wconf 87' lang='lat' dir='ltr'><strong>nulla</strong></span> <span class='ocrx_word' id='word_1_249' title='bbox 1155 1661 1316 1702; x_wconf 83' lang='lat' dir='ltr'><strong>natura,</strong></span> <span class='ocrx_word' id='word_1_250' title='bbox 1346 1652 1460 1692; x_wconf 88' lang='lat' dir='ltr'><strong>nulla</strong></span> <span class='ocrx_word' id='word_1_251' title='bbox 1486 1653 1545 1693; x_wconf 85' lang='lat' dir='ltr'><strong>vis</strong></span> 
     </span>
     <span class='ocr_line' id='line_1_28' title="bbox 114 1707 1544 1763; baseline 0.003 -17"><span class='ocrx_word' id='word_1_252' title='bbox 114 1715 239 1755; x_wconf 89' lang='lat' dir='ltr'><strong>esset,</strong></span> <span class='ocrx_word' id='word_1_253' title='bbox 260 1714 302 1747; x_wconf 90' lang='lat' dir='ltr'><strong>et</strong></span> <span class='ocrx_word' id='word_1_254' title='bbox 323 1707 446 1756; x_wconf 88' lang='lat' dir='ltr'><strong>forte,</strong></span> <span class='ocrx_word' id='word_1_255' title='bbox 467 1715 639 1758; x_wconf 86' lang='lat' dir='ltr'><strong>temere,</strong></span> <span class='ocrx_word' id='word_1_256' title='bbox 660 1722 775 1758; x_wconf 89' lang='lat' dir='ltr'><strong>casu,</strong></span> <span class='ocrx_word' id='word_1_257' title='bbox 796 1716 869 1748; x_wconf 88' lang='lat' dir='ltr'><strong>aut</strong></span> <span class='ocrx_word' id='word_1_258' title='bbox 889 1708 1088 1763; x_wconf 80' lang='lat' dir='ltr'><strong>pleraque</strong></span> <span class='ocrx_word' id='word_1_259' title='bbox 1109 1708 1266 1758; x_wconf 87' lang='lat' dir='ltr'><strong>fierent,</strong></span> <span class='ocrx_word' id='word_1_260' title='bbox 1287 1718 1361 1749; x_wconf 84' lang='lat' dir='ltr'><strong>aut</strong></span> <span class='ocrx_word' id='word_1_261' title='bbox 1380 1708 1544 1750; x_wconf 85' lang='lat' dir='ltr'><strong>omnia:</strong></span> 
     </span>
     <span class='ocr_line' id='line_1_29' title="bbox 114 1762 1546 1820; baseline 0.003 -18"><span class='ocrx_word' id='word_1_262' title='bbox 114 1777 214 1803; x_wconf 91' lang='lat' dir='ltr'><strong>num</strong></span> <span class='ocrx_word' id='word_1_263' title='bbox 246 1762 379 1812; x_wconf 80' lang='lat' dir='ltr'><strong>aliter,</strong></span> <span class='ocrx_word' id='word_1_264' title='bbox 409 1777 457 1803; x_wconf 92' lang='lat' dir='ltr'><strong>ac</strong></span> <span class='ocrx_word' id='word_1_265' title='bbox 487 1778 598 1804; x_wconf 89' lang='lat' dir='ltr'><strong>nunc</strong></span> <span class='ocrx_word' id='word_1_266' title='bbox 628 1764 836 1814; x_wconf 85' lang='lat' dir='ltr'><strong>eveniunt,</strong></span> <span class='ocrx_word' id='word_1_267' title='bbox 857 1765 1096 1805; x_wconf 86' lang='lat' dir='ltr'><strong>evenirent?</strong></span> <span class='ocrx_word' id='word_1_268' title='bbox 1131 1764 1232 1820; x_wconf 87' lang='lat' dir='ltr'><strong>quid</strong></span> <span class='ocrx_word' id='word_1_269' title='bbox 1262 1778 1365 1819; x_wconf 78' lang='lat' dir='ltr'><strong>ergo</strong></span> <span class='ocrx_word' id='word_1_270' title='bbox 1396 1766 1546 1807; x_wconf 88' lang='lat' dir='ltr'><strong>attinet</strong></span> 
     </span>
     <span class='ocr_line' id='line_1_30' title="bbox 114 1817 1545 1869; baseline 0.003 -11"><span class='ocrx_word' id='word_1_271' title='bbox 114 1817 323 1859; x_wconf 88' lang='lat' dir='ltr'><strong>inculcare</strong></span> <span class='ocrx_word' id='word_1_272' title='bbox 345 1819 494 1869; x_wconf 88' lang='lat' dir='ltr'><strong>fatum,</strong></span> <span class='ocrx_word' id='word_1_273' title='bbox 512 1834 610 1860; x_wconf 90' lang='lat' dir='ltr'><strong>cum</strong></span> <span class='ocrx_word' id='word_1_274' title='bbox 632 1820 719 1860; x_wconf 89' lang='lat' dir='ltr'><strong>sine</strong></span> <span class='ocrx_word' id='word_1_275' title='bbox 739 1821 824 1861; x_wconf 89' lang='lat' dir='ltr'><strong>fato</strong></span> <span class='ocrx_word' id='word_1_276' title='bbox 847 1820 953 1861; x_wconf 86' lang='lat' dir='ltr'><strong>ratio</strong></span> <span class='ocrx_word' id='word_1_277' title='bbox 976 1821 1164 1862; x_wconf 87' lang='lat' dir='ltr'><strong>omnium</strong></span> <span class='ocrx_word' id='word_1_278' title='bbox 1188 1834 1326 1860; x_wconf 88' lang='lat' dir='ltr'><strong>rerum</strong></span> <span class='ocrx_word' id='word_1_279' title='bbox 1347 1820 1400 1861; x_wconf 89' lang='lat' dir='ltr'><strong>ad</strong></span> <span class='ocrx_word' id='word_1_280' title='bbox 1423 1830 1545 1862; x_wconf 88' lang='lat' dir='ltr'><strong>natu-</strong></span> 
     </span>
     <span class='ocr_line' id='line_1_31' title="bbox 112 1875 1589 1925; baseline 0.004 -10"><span class='ocrx_word' id='word_1_281' title='bbox 112 1889 219 1925; x_wconf 88' lang='lat' dir='ltr'><strong>ram,</strong></span> <span class='ocrx_word' id='word_1_282' title='bbox 236 1875 499 1916; x_wconf 84' lang='lat' dir='ltr'><strong>fortunamve</strong></span> <span class='ocrx_word' id='word_1_283' title='bbox 518 1876 747 1916; x_wconf 84' lang='lat' dir='ltr'><strong>referatur?</strong></span> <span class='ocrx_word' id='word_1_284' title='bbox 1557 1893 1589 1923; x_wconf 85' lang='lat' dir='ltr'><strong>b.</strong></span> 
     </span>
    </p>

    <p class='ocr_par' dir='ltr' id='par_1_5' title="bbox 115 1931 1593 2439">
     <span class='ocr_line' id='line_1_32' title="bbox 172 1931 1593 1989; baseline 0.003 -18"><span class='ocrx_word' id='word_1_285' title='bbox 172 1931 255 1971; x_wconf 91' lang='lat' dir='ltr'><strong>Sed</strong></span> <span class='ocrx_word' id='word_1_286' title='bbox 286 1931 572 1982; x_wconf 87' lang='lat' dir='ltr'><strong>Posidonium,</strong></span> <span class='ocrx_word' id='word_1_287' title='bbox 603 1932 713 1973; x_wconf 81' lang='lat' dir='ltr'><strong>sicut</strong></span> <span class='ocrx_word' id='word_1_288' title='bbox 747 1947 915 1988; x_wconf 90' lang='lat' dir='ltr'><strong>aequum</strong></span> <span class='ocrx_word' id='word_1_289' title='bbox 946 1940 1023 1983; x_wconf 89' lang='lat' dir='ltr'><strong>est,</strong></span> <span class='ocrx_word' id='word_1_290' title='bbox 1048 1947 1143 1973; x_wconf 86' lang='lat' dir='ltr'><strong>cum</strong></span> <span class='ocrx_word' id='word_1_291' title='bbox 1173 1933 1285 1973; x_wconf 87' lang='lat' dir='ltr'><strong>bona</strong></span> <span class='ocrx_word' id='word_1_292' title='bbox 1313 1933 1450 1989; x_wconf 80' lang='lat' dir='ltr'><strong>gratia</strong></span> <span class='ocrx_word' id='word_1_293' title='bbox 1479 1934 1593 1988; x_wconf 78' lang='lat' dir='ltr'><strong>di-4,</strong></span> 
     </span>
     <span class='ocr_line' id='line_1_33' title="bbox 115 1987 1581 2052; baseline 0.003 -25"><span class='ocrx_word' id='word_1_294' title='bbox 115 1987 334 2028; x_wconf 88' lang='lat' dir='ltr'><strong>mittamus</strong></span> <span class='ocrx_word' id='word_1_295' title='bbox 355 2004 364 2027; x_wconf 71' lang='grc' dir='ltr'><strong><em>ι</em></strong></span> <span class='ocrx_word' id='word_1_296' title='bbox 396 1987 448 2028; x_wconf 90' lang='lat' dir='ltr'><strong>ad</strong></span> <span class='ocrx_word' id='word_1_297' title='bbox 470 1987 699 2044; x_wconf 91' lang='lat' dir='ltr'><strong>Chrysippi</strong></span> <span class='ocrx_word' id='word_1_298' title='bbox 719 1988 893 2044; x_wconf 86' lang='lat' dir='ltr'><strong>laqueos</strong></span> <span class='ocrx_word' id='word_1_299' title='bbox 919 1998 1186 2030; x_wconf 81' lang='lat' dir='ltr'><strong>revertamur.</strong></span> <span class='ocrx_word' id='word_1_300' title='bbox 1249 1989 1330 2030; x_wconf 89' lang='lat' dir='ltr'><strong>Cui</strong></span> <span class='ocrx_word' id='word_1_301' title='bbox 1359 1991 1541 2044; x_wconf 88' lang='lat' dir='ltr'><strong>primum</strong></span> <span class='ocrx_word' id='word_1_302' title='bbox 1558 2013 1581 2052; x_wconf 91' lang='lat'><strong><em>7</em></strong></span> 
     </span>
     <span class='ocr_line' id='line_1_34' title="bbox 115 2043 1547 2102; baseline 0.002 -18"><span class='ocrx_word' id='word_1_303' title='bbox 115 2043 289 2099; x_wconf 89' lang='lat' dir='ltr'><strong>quidem</strong></span> <span class='ocrx_word' id='word_1_304' title='bbox 322 2043 374 2084; x_wconf 89' lang='lat' dir='ltr'><strong>de</strong></span> <span class='ocrx_word' id='word_1_305' title='bbox 408 2043 497 2099; x_wconf 91' lang='lat' dir='ltr'><strong>ipsa</strong></span> <span class='ocrx_word' id='word_1_306' title='bbox 530 2059 669 2085; x_wconf 87' lang='lat' dir='ltr'><strong>rerum</strong></span> <span class='ocrx_word' id='word_1_307' title='bbox 701 2045 956 2100; x_wconf 80' lang='lat' dir='ltr'><strong>contagione</strong></span> <span class='ocrx_word' id='word_1_308' title='bbox 991 2045 1350 2099; x_wconf 81' lang='lat' dir='ltr'><strong>respondeamus:</strong></span> <span class='ocrx_word' id='word_1_309' title='bbox 1386 2046 1547 2102; x_wconf 88' lang='lat' dir='ltr'><strong>reliqua</strong></span> 
     </span>
     <span class='ocr_line' id='line_1_35' title="bbox 115 2101 1548 2157; baseline 0.002 -17"><span class='ocrx_word' id='word_1_310' title='bbox 115 2108 263 2155; x_wconf 88' lang='lat' dir='ltr'><strong>postea</strong></span> <span class='ocrx_word' id='word_1_311' title='bbox 283 2114 596 2155; x_wconf 89' lang='lat' dir='ltr'><strong>persequemur.</strong></span> <span class='ocrx_word' id='word_1_312' title='bbox 657 2101 771 2142; x_wconf 90' lang='lat' dir='ltr'><strong>Inter</strong></span> <span class='ocrx_word' id='word_1_313' title='bbox 791 2101 983 2142; x_wconf 90' lang='lat' dir='ltr'><strong>locorum</strong></span> <span class='ocrx_word' id='word_1_314' title='bbox 1007 2110 1173 2141; x_wconf 87' lang='lat' dir='ltr'><strong>naturas</strong></span> <span class='ocrx_word' id='word_1_315' title='bbox 1194 2110 1397 2157; x_wconf 87' lang='lat' dir='ltr'><strong>quantum</strong></span> <span class='ocrx_word' id='word_1_316' title='bbox 1420 2102 1548 2144; x_wconf 91' lang='lat' dir='ltr'><strong>inter-</strong></span> 
     </span>
     <span class='ocr_line' id='line_1_36' title="bbox 115 2155 1547 2212; baseline 0.002 -16"><span class='ocrx_word' id='word_1_317' title='bbox 115 2155 184 2205; x_wconf 85' lang='lat' dir='ltr'><strong>sit,</strong></span> <span class='ocrx_word' id='word_1_318' title='bbox 204 2155 419 2197; x_wconf 84' lang='lat' dir='ltr'><strong>videmus:</strong></span> <span class='ocrx_word' id='word_1_319' title='bbox 454 2157 558 2198; x_wconf 87' lang='lat' dir='ltr'><strong>alios</strong></span> <span class='ocrx_word' id='word_1_320' title='bbox 578 2171 667 2198; x_wconf 90' lang='lat' dir='ltr'><strong>esse</strong></span> <span class='ocrx_word' id='word_1_321' title='bbox 688 2158 889 2208; x_wconf 76' lang='lat' dir='ltr'><strong>salubres,</strong></span> <span class='ocrx_word' id='word_1_322' title='bbox 910 2157 1013 2198; x_wconf 88' lang='lat' dir='ltr'><strong>alios</strong></span> <span class='ocrx_word' id='word_1_323' title='bbox 1036 2157 1279 2212; x_wconf 87' lang='lat' dir='ltr'><strong>pestilentes</strong></span> <span class='ocrx_word' id='word_1_324' title='bbox 1297 2175 1305 2197; x_wconf 77' lang='lat' dir='ltr'><strong><em>z</em></strong></span> <span class='ocrx_word' id='word_1_325' title='bbox 1340 2167 1376 2189; x_wconf 73' lang='lat'><strong>12</strong></span> <span class='ocrx_word' id='word_1_326' title='bbox 1395 2159 1436 2199; x_wconf 90' lang='lat' dir='ltr'><strong>in</strong></span> <span class='ocrx_word' id='word_1_327' title='bbox 1456 2159 1547 2200; x_wconf 88' lang='lat' dir='ltr'><strong>aliis</strong></span> 
     </span>
     <span class='ocr_line' id='line_1_37' title="bbox 116 2212 1550 2269; baseline 0.003 -17"><span class='ocrx_word' id='word_1_328' title='bbox 116 2226 207 2253; x_wconf 89' lang='lat' dir='ltr'><strong>esse</strong></span> <span class='ocrx_word' id='word_1_329' title='bbox 236 2212 475 2267; x_wconf 88' lang='lat' dir='ltr'><strong>pituitosos,</strong></span> <span class='ocrx_word' id='word_1_330' title='bbox 498 2222 541 2254; x_wconf 87' lang='lat' dir='ltr'><strong>et</strong></span> <span class='ocrx_word' id='word_1_331' title='bbox 561 2213 679 2269; x_wconf 89' lang='lat' dir='ltr'><strong>quasi</strong></span> <span class='ocrx_word' id='word_1_332' title='bbox 708 2213 1003 2263; x_wconf 88' lang='lat' dir='ltr'><strong>redundantes,</strong></span> <span class='ocrx_word' id='word_1_333' title='bbox 1025 2214 1066 2254; x_wconf 87' lang='lat' dir='ltr'><strong>in</strong></span> <span class='ocrx_word' id='word_1_334' title='bbox 1096 2213 1186 2255; x_wconf 85' lang='lat' dir='ltr'><strong>aliis</strong></span> <span class='ocrx_word' id='word_1_335' title='bbox 1216 2215 1462 2266; x_wconf 78' lang='lat' dir='ltr'><strong>exsiccatos,</strong></span> <span class='ocrx_word' id='word_1_336' title='bbox 1484 2224 1550 2257; x_wconf 88' lang='lat' dir='ltr'><strong>at-</strong></span> 
     </span>
     <span class='ocr_line' id='line_1_38' title="bbox 116 2268 1548 2325; baseline 0.003 -17"><span class='ocrx_word' id='word_1_337' title='bbox 116 2282 199 2323; x_wconf 91' lang='lat' dir='ltr'><strong>que</strong></span> <span class='ocrx_word' id='word_1_338' title='bbox 219 2268 357 2310; x_wconf 89' lang='lat' dir='ltr'><strong>aridos</strong></span> <span class='ocrx_word' id='word_1_339' title='bbox 377 2286 386 2310; x_wconf 90' lang='lat'>:</span> <span class='ocrx_word' id='word_1_340' title='bbox 418 2269 634 2325; x_wconf 90' lang='lat' dir='ltr'><strong>multaque</strong></span> <span class='ocrx_word' id='word_1_341' title='bbox 666 2279 762 2311; x_wconf 87' lang='lat' dir='ltr'><strong>sunt</strong></span> <span class='ocrx_word' id='word_1_342' title='bbox 790 2270 885 2320; x_wconf 88' lang='lat' dir='ltr'><strong>alia,</strong></span> <span class='ocrx_word' id='word_1_343' title='bbox 906 2285 1000 2325; x_wconf 88' lang='lat' dir='ltr'><strong>quae</strong></span> <span class='ocrx_word' id='word_1_344' title='bbox 1029 2269 1136 2310; x_wconf 83' lang='lat' dir='ltr'><strong>inter</strong></span> <span class='ocrx_word' id='word_1_345' title='bbox 1163 2270 1322 2321; x_wconf 85' lang='lat' dir='ltr'><strong>locum,</strong></span> <span class='ocrx_word' id='word_1_346' title='bbox 1343 2279 1384 2311; x_wconf 92' lang='lat' dir='ltr'><strong>et</strong></span> <span class='ocrx_word' id='word_1_347' title='bbox 1405 2271 1548 2312; x_wconf 87' lang='lat' dir='ltr'><strong>locum</strong></span> 
     </span>
     <span class='ocr_line' id='line_1_39' title="bbox 116 2324 1549 2382; baseline 0.002 -17"><span class='ocrx_word' id='word_1_348' title='bbox 116 2324 346 2379; x_wconf 90' lang='lat' dir='ltr'><strong>plurimum</strong></span> <span class='ocrx_word' id='word_1_349' title='bbox 367 2324 577 2366; x_wconf 88' lang='lat' dir='ltr'><strong>differunt.</strong></span> <span class='ocrx_word' id='word_1_350' title='bbox 632 2326 812 2367; x_wconf 87' lang='lat' dir='ltr'><strong>Athenis</strong></span> <span class='ocrx_word' id='word_1_351' title='bbox 833 2335 958 2367; x_wconf 88' lang='lat' dir='ltr'><strong>tenue</strong></span> <span class='ocrx_word' id='word_1_352' title='bbox 977 2326 1144 2377; x_wconf 81' lang='lat' dir='ltr'><strong>caelum,</strong></span> <span class='ocrx_word' id='word_1_353' title='bbox 1165 2341 1215 2367; x_wconf 81' lang='lat' dir='ltr'><strong>ex</strong></span> <span class='ocrx_word' id='word_1_354' title='bbox 1236 2342 1319 2382; x_wconf 90' lang='lat' dir='ltr'><strong>quo</strong></span> <span class='ocrx_word' id='word_1_355' title='bbox 1340 2328 1549 2369; x_wconf 83' lang='lat' dir='ltr'><strong>acutiores</strong></span> 
     </span>
     <span class='ocr_line' id='line_1_40' title="bbox 117 2380 1549 2439; baseline 0.001 -16"><span class='ocrx_word' id='word_1_356' title='bbox 117 2380 245 2423; x_wconf 77' lang='lat' dir='ltr'><strong>etiam</strong></span> <span class='ocrx_word' id='word_1_357' title='bbox 263 2390 467 2437; x_wconf 87' lang='lat' dir='ltr'><strong>putantur</strong></span> <span class='ocrx_word' id='word_1_358' title='bbox 486 2382 621 2423; x_wconf 89' lang='lat' dir='ltr'><strong>Attici</strong></span> <span class='ocrx_word' id='word_1_359' title='bbox 639 2399 648 2423; x_wconf 74' lang='grc' dir='ltr'><strong>ε</strong></span> <span class='ocrx_word' id='word_1_360' title='bbox 671 2397 859 2424; x_wconf 89' lang='lat' dir='ltr'><strong>crassum</strong></span> <span class='ocrx_word' id='word_1_361' title='bbox 879 2382 1056 2433; x_wconf 80' lang='lat' dir='ltr'><strong>Thebis3</strong></span> <span class='ocrx_word' id='word_1_362' title='bbox 1077 2383 1219 2439; x_wconf 86' lang='lat' dir='ltr'><strong>itaque</strong></span> <span class='ocrx_word' id='word_1_363' title='bbox 1237 2383 1416 2439; x_wconf 83' lang='lat' dir='ltr'><strong>pingues</strong></span> <span class='ocrx_word' id='word_1_364' title='bbox 1435 2384 1549 2425; x_wconf 88' lang='lat' dir='ltr'><strong>The-</strong></span> 
     </span>
    </p>
   </div>
   <div class='ocr_carea' id='block_1_5' title="bbox 118 2503 1552 2845">
    <p class='ocr_par' dir='ltr' id='par_1_6' title="bbox 118 2503 1552 2845">
     <span class='ocr_line' id='line_1_41' title="bbox 164 2503 1551 2548; baseline 0.005 -17"><span class='ocrx_word' id='word_1_365' title='bbox 164 2509 182 2533; x_wconf 85' lang='lat'>8</span> <span class='ocrx_word' id='word_1_366' title='bbox 205 2503 308 2533; x_wconf 80' lang='lat' dir='ltr'><em>Multa</em></span> <span class='ocrx_word' id='word_1_367' title='bbox 323 2505 352 2535; x_wconf 80' lang='lat' dir='ltr'><strong>h.</strong></span> <span class='ocrx_word' id='word_1_368' title='bbox 367 2504 410 2544; x_wconf 85' lang='lat' dir='ltr'><strong>d.]</strong></span> <span class='ocrx_word' id='word_1_369' title='bbox 428 2507 465 2536; x_wconf 89' lang='lat' dir='ltr'><strong>In</strong></span> <span class='ocrx_word' id='word_1_370' title='bbox 482 2507 623 2545; x_wconf 82' lang='lat' dir='ltr'><strong>margine</strong></span> <span class='ocrx_word' id='word_1_371' title='bbox 641 2506 702 2536; x_wconf 82' lang='lat' dir='ltr'><strong>Ms.</strong></span> <span class='ocrx_word' id='word_1_372' title='bbox 720 2506 770 2545; x_wconf 92' lang='lat' dir='ltr'><strong>cuj</strong></span> <span class='ocrx_word' id='word_1_373' title='bbox 778 2517 813 2538; x_wconf 86' lang='lat' dir='ltr'><strong>us</strong></span> <span class='ocrx_word' id='word_1_374' title='bbox 856 2514 933 2544; x_wconf 85' lang='lat' dir='ltr'><strong>erat,</strong></span> <span class='ocrx_word' id='word_1_375' title='bbox 949 2517 1025 2537; x_wconf 88' lang='lat' dir='ltr'><strong>eum</strong></span> <span class='ocrx_word' id='word_1_376' title='bbox 1041 2517 1081 2537; x_wconf 76' lang='lat' dir='ltr'><strong>ex</strong></span> <span class='ocrx_word' id='word_1_377' title='bbox 1097 2517 1178 2547; x_wconf 88' lang='lat' dir='ltr'><strong>equo</strong></span> <span class='ocrx_word' id='word_1_378' title='bbox 1194 2508 1360 2548; x_wconf 84' lang='lat' dir='ltr'><strong>lapsurum</strong></span> <span class='ocrx_word' id='word_1_379' title='bbox 1382 2516 1414 2538; x_wconf 86' lang='lat' dir='ltr'><strong>et</strong></span> <span class='ocrx_word' id='word_1_380' title='bbox 1436 2509 1551 2548; x_wconf 84' lang='lat' dir='ltr'><strong>peritu-</strong></span> 
     </span>
     <span class='ocr_line' id='line_1_42' title="bbox 118 2549 942 2589; baseline 0.005 -14"><span class='ocrx_word' id='word_1_381' title='bbox 118 2552 266 2585; x_wconf 85' lang='lat' dir='ltr'><strong>excerpta</strong></span> <span class='ocrx_word' id='word_1_382' title='bbox 287 2554 364 2578; x_wconf 85' lang='lat' dir='ltr'><strong>sunt</strong></span> <span class='ocrx_word' id='word_1_383' title='bbox 389 2549 422 2578; x_wconf 87' lang='lat' dir='ltr'><strong>in</strong></span> <span class='ocrx_word' id='word_1_384' title='bbox 447 2549 495 2578; x_wconf 90' lang='lat' dir='ltr'><strong>ed.</strong></span> <span class='ocrx_word' id='word_1_385' title='bbox 522 2550 634 2579; x_wconf 90' lang='lat' dir='ltr'><strong>Lamb.</strong></span> <span class='ocrx_word' id='word_1_386' title='bbox 659 2550 813 2589; x_wconf 83' lang='lat' dir='ltr'><strong>scriptum</strong></span> <span class='ocrx_word' id='word_1_387' title='bbox 857 2560 942 2580; x_wconf 86' lang='lat' dir='ltr'><strong>rum.</strong></span> 
     </span>
     <span class='ocr_line' id='line_1_43' title="bbox 119 2588 1549 2633; baseline 0.002 -14"><span class='ocrx_word' id='word_1_388' title='bbox 119 2590 199 2619; x_wconf 82' lang='lat' dir='ltr'><strong>fuit:</strong></span> <span class='ocrx_word' id='word_1_389' title='bbox 224 2588 269 2618; x_wconf 77' lang='lat' dir='ltr'><strong>hic</strong></span> <span class='ocrx_word' id='word_1_390' title='bbox 284 2589 359 2618; x_wconf 82' lang='lat' dir='ltr'><strong>deest</strong></span> <span class='ocrx_word' id='word_1_391' title='bbox 367 2591 492 2629; x_wconf 82' lang='lat' dir='ltr'><strong>pagina.</strong></span> <span class='ocrx_word' id='word_1_392' title='bbox 903 2600 937 2622; x_wconf 91' lang='lat'><strong>11</strong></span> <span class='ocrx_word' id='word_1_393' title='bbox 964 2593 994 2621; x_wconf 88' lang='lat' dir='ltr'><strong>in</strong></span> <span class='ocrx_word' id='word_1_394' title='bbox 1016 2592 1116 2632; x_wconf 80' lang='lat' dir='ltr'><strong>capulo</strong></span> <span class='ocrx_word' id='word_1_395' title='bbox 1138 2592 1343 2633; x_wconf 72' lang='lat' dir='ltr'><strong>quadrigulas]</strong></span> <span class='ocrx_word' id='word_1_396' title='bbox 1362 2594 1493 2623; x_wconf 82' lang='lat' dir='ltr'><strong>Caelatas</strong></span> <span class='ocrx_word' id='word_1_397' title='bbox 1517 2594 1549 2622; x_wconf 88' lang='lat' dir='ltr'><strong>in</strong></span> 
     </span>
     <span class='ocr_line' id='line_1_44' title="bbox 164 2631 1551 2674; baseline 0.001 -10"><span class='ocrx_word' id='word_1_398' title='bbox 164 2639 182 2664; x_wconf 86' lang='lat'><strong>9</strong></span> <span class='ocrx_word' id='word_1_399' title='bbox 206 2638 238 2660; x_wconf 88' lang='lat' dir='ltr'><strong>ut</strong></span> <span class='ocrx_word' id='word_1_400' title='bbox 253 2631 282 2660; x_wconf 82' lang='lat' dir='ltr'><strong>in</strong></span> <span class='ocrx_word' id='word_1_401' title='bbox 296 2631 453 2671; x_wconf 79' lang='lat' dir='ltr'><strong>Antipatro</strong></span> <span class='ocrx_word' id='word_1_402' title='bbox 469 2632 545 2674; x_wconf 84' lang='lat' dir='ltr'><strong>&amp;e.]</strong></span> <span class='ocrx_word' id='word_1_403' title='bbox 565 2635 613 2665; x_wconf 88' lang='lat' dir='ltr'><strong>De</strong></span> <span class='ocrx_word' id='word_1_404' title='bbox 630 2634 680 2664; x_wconf 86' lang='lat' dir='ltr'><strong>his</strong></span> <span class='ocrx_word' id='word_1_405' title='bbox 695 2635 815 2665; x_wconf 85' lang='lat' dir='ltr'><strong>dixerat</strong></span> <span class='ocrx_word' id='word_1_406' title='bbox 858 2635 972 2674; x_wconf 89' lang='lat' dir='ltr'><strong>capulo</strong></span> <span class='ocrx_word' id='word_1_407' title='bbox 985 2635 1091 2674; x_wconf 86' lang='lat' dir='ltr'><strong>gladii,</strong></span> <span class='ocrx_word' id='word_1_408' title='bbox 1103 2645 1167 2674; x_wconf 91' lang='lat' dir='ltr'><strong>quo</strong></span> <span class='ocrx_word' id='word_1_409' title='bbox 1181 2636 1360 2665; x_wconf 84' lang='lat' dir='ltr'><strong>interfectus</strong></span> <span class='ocrx_word' id='word_1_410' title='bbox 1374 2642 1429 2664; x_wconf 80' lang='lat' dir='ltr'><strong>est.</strong></span> <span class='ocrx_word' id='word_1_411' title='bbox 1442 2636 1551 2673; x_wconf 74' lang='lat' dir='ltr'><strong>jussus</strong></span> 
     </span>
     <span class='ocr_line' id='line_1_45' title="bbox 122 2675 1552 2717; baseline 0.002 -13"><span class='ocrx_word' id='word_1_412' title='bbox 122 2675 219 2710; x_wconf 87' lang='lat' dir='ltr'><strong>iniis,</strong></span> <span class='ocrx_word' id='word_1_413' title='bbox 235 2683 307 2713; x_wconf 86' lang='lat' dir='ltr'><strong>quae</strong></span> <span class='ocrx_word' id='word_1_414' title='bbox 323 2675 517 2707; x_wconf 84' lang='lat' dir='ltr'><strong>exciderunt.</strong></span> <span class='ocrx_word' id='word_1_415' title='bbox 857 2686 965 2708; x_wconf 86' lang='lat' dir='ltr'><strong>autem</strong></span> <span class='ocrx_word' id='word_1_416' title='bbox 989 2686 1053 2708; x_wconf 86' lang='lat' dir='ltr'><strong>erat</strong></span> <span class='ocrx_word' id='word_1_417' title='bbox 1075 2678 1205 2708; x_wconf 83' lang='lat' dir='ltr'><strong>oraculo</strong></span> <span class='ocrx_word' id='word_1_418' title='bbox 1228 2688 1336 2708; x_wconf 82' lang='lat' dir='ltr'><strong>cavere</strong></span> <span class='ocrx_word' id='word_1_419' title='bbox 1360 2676 1452 2717; x_wconf 59' lang='grc' dir='ltr'><em>ἅρμα,</em></span> <span class='ocrx_word' id='word_1_420' title='bbox 1474 2687 1552 2716; x_wconf 82' lang='lat' dir='ltr'><strong>qua-</strong></span> 
     </span>
     <span class='ocr_line' id='line_1_46' title="bbox 167 2717 1373 2760; baseline 0 -12"><span class='ocrx_word' id='word_1_421' title='bbox 167 2724 205 2748; x_wconf 84' lang='lat' dir='ltr'><strong>lo</strong></span> <span class='ocrx_word' id='word_1_422' title='bbox 228 2717 279 2758; x_wconf 85' lang='lat' dir='ltr'><strong>qui</strong></span> <span class='ocrx_word' id='word_1_423' title='bbox 294 2727 358 2746; x_wconf 84' lang='lat' dir='ltr'><strong>cum</strong></span> <span class='ocrx_word' id='word_1_424' title='bbox 371 2728 456 2758; x_wconf 83' lang='lat' dir='ltr'><strong>equus</strong></span> <span class='ocrx_word' id='word_1_425' title='bbox 471 2728 524 2747; x_wconf 85' lang='lat' dir='ltr'><strong>non</strong></span> <span class='ocrx_word' id='word_1_426' title='bbox 539 2717 618 2757; x_wconf 81' lang='lat' dir='ltr'><strong>esset]</strong></span> <span class='ocrx_word' id='word_1_427' title='bbox 638 2718 689 2748; x_wconf 89' lang='lat' dir='ltr'><strong>Sc.</strong></span> <span class='ocrx_word' id='word_1_428' title='bbox 706 2727 813 2755; x_wconf 85' lang='lat' dir='ltr'><strong>mons,</strong></span> <span class='ocrx_word' id='word_1_429' title='bbox 857 2722 968 2760; x_wconf 84' lang='lat' dir='ltr'><strong>drigas.</strong></span> <span class='ocrx_word' id='word_1_430' title='bbox 992 2721 1112 2751; x_wconf 86' lang='lat' dir='ltr'><strong>AElian.</strong></span> <span class='ocrx_word' id='word_1_431' title='bbox 1127 2721 1166 2750; x_wconf 94' lang='lat' dir='ltr'><strong>V.</strong></span> <span class='ocrx_word' id='word_1_432' title='bbox 1184 2721 1226 2749; x_wconf 89' lang='lat' dir='ltr'><strong>H.</strong></span> <span class='ocrx_word' id='word_1_433' title='bbox 1245 2721 1303 2756; x_wconf 89' lang='grc' dir='ltr'>ΙΙΙ,</span> <span class='ocrx_word' id='word_1_434' title='bbox 1322 2727 1373 2749; x_wconf 74' lang='lat'><strong>45.</strong></span> 
     </span>
     <span class='ocr_line' id='line_1_47' title="bbox 121 2759 1552 2801; baseline 0.002 -13"><span class='ocrx_word' id='word_1_435' title='bbox 121 2761 178 2798; x_wconf 89' lang='lat' dir='ltr'><strong>qui</strong></span> <span class='ocrx_word' id='word_1_436' title='bbox 194 2770 281 2801; x_wconf 81' lang='lat' dir='ltr'><strong>equus</strong></span> <span class='ocrx_word' id='word_1_437' title='bbox 302 2759 475 2796; x_wconf 85' lang='lat' dir='ltr'><strong>dicebatur,</strong></span> <span class='ocrx_word' id='word_1_438' title='bbox 492 2770 532 2791; x_wconf 85' lang='lat' dir='ltr'><strong>ex</strong></span> <span class='ocrx_word' id='word_1_439' title='bbox 553 2771 618 2799; x_wconf 87' lang='lat' dir='ltr'><strong>quo</strong></span> <span class='ocrx_word' id='word_1_440' title='bbox 640 2762 815 2801; x_wconf 82' lang='lat' dir='ltr'><strong>praecipita-</strong></span> <span class='ocrx_word' id='word_1_441' title='bbox 903 2771 941 2793; x_wconf 75' lang='lat'><strong>12</strong></span> <span class='ocrx_word' id='word_1_442' title='bbox 966 2763 995 2792; x_wconf 86' lang='lat' dir='ltr'><strong>in</strong></span> <span class='ocrx_word' id='word_1_443' title='bbox 1022 2763 1090 2791; x_wconf 81' lang='lat' dir='ltr'><strong>aliis</strong></span> <span class='ocrx_word' id='word_1_444' title='bbox 1117 2773 1172 2792; x_wconf 85' lang='lat' dir='ltr'><strong>esse</strong></span> <span class='ocrx_word' id='word_1_445' title='bbox 1191 2761 1354 2800; x_wconf 78' lang='lat' dir='ltr'><strong>pituitosos]</strong></span> <span class='ocrx_word' id='word_1_446' title='bbox 1383 2762 1552 2798; x_wconf 74' lang='lat' dir='ltr'><strong>Homines,</strong></span> 
     </span>
     <span class='ocr_line' id='line_1_48' title="bbox 123 2803 1532 2845; baseline 0.003 -13"><span class='ocrx_word' id='word_1_447' title='bbox 123 2808 172 2833; x_wconf 84' lang='lat' dir='ltr'><strong>tus</strong></span> <span class='ocrx_word' id='word_1_448' title='bbox 202 2809 248 2833; x_wconf 84' lang='lat' dir='ltr'><strong>est</strong></span> <span class='ocrx_word' id='word_1_449' title='bbox 277 2803 427 2843; x_wconf 80' lang='lat' dir='ltr'><strong>Daphita,</strong></span> <span class='ocrx_word' id='word_1_450' title='bbox 452 2804 505 2834; x_wconf 88' lang='lat' dir='ltr'><strong>cui</strong></span> <span class='ocrx_word' id='word_1_451' title='bbox 534 2803 662 2835; x_wconf 86' lang='lat' dir='ltr'><strong>oraculo</strong></span> <span class='ocrx_word' id='word_1_452' title='bbox 692 2804 815 2836; x_wconf 84' lang='lat' dir='ltr'><strong>dictum</strong></span> <span class='ocrx_word' id='word_1_453' title='bbox 858 2806 912 2845; x_wconf 86' lang='lat' dir='ltr'><strong>qui</strong></span> <span class='ocrx_word' id='word_1_454' title='bbox 928 2807 962 2836; x_wconf 86' lang='lat' dir='ltr'><strong>in</strong></span> <span class='ocrx_word' id='word_1_455' title='bbox 979 2806 1014 2836; x_wconf 84' lang='lat' dir='ltr'><strong>iis</strong></span> <span class='ocrx_word' id='word_1_456' title='bbox 1029 2812 1145 2842; x_wconf 85' lang='lat' dir='ltr'><strong>essent,</strong></span> <span class='ocrx_word' id='word_1_457' title='bbox 1161 2804 1259 2835; x_wconf 84' lang='lat' dir='ltr'><strong>solere</strong></span> <span class='ocrx_word' id='word_1_458' title='bbox 1274 2814 1339 2835; x_wconf 82' lang='lat' dir='ltr'><strong>esse</strong></span> <span class='ocrx_word' id='word_1_459' title='bbox 1355 2805 1532 2844; x_wconf 86' lang='lat' dir='ltr'><strong>pituitosos.</strong></span> 
     </span>
    </p>
   </div>
  </div>
 </body>
</html>
