1778 3095
582 123 759 162 LIBER
790 123 1099 160 QUARTUS.
1489 126 1560 158 183

131 242 282 289 praeter
320 234 521 283 animum,
559 231 779 272 videretur.
839 231 940 271 Uno
977 236 1121 270 autem
1160 228 1291 268 modo
1332 228 1373 268 in
1412 231 1563 272 virtute
1581 220 1643 267 12

132 291 222 331 sola
242 305 454 332 summum
475 289 632 330 bonum
656 296 769 328 recte
797 294 1036 343 poneretur,
1069 285 1103 325 si
1131 283 1245 340 quod
1266 294 1374 324 esset
1394 286 1562 338 animal,

130 347 247 403 quod
267 357 403 389 totum
429 360 481 386 ex
508 354 649 386 mente
679 352 915 385 constaret:
947 342 1130 397 idipsum
1161 350 1303 381 tamen
1333 340 1406 391 sic,
1437 352 1483 382 ut
1514 357 1563 384 ca

131 419 250 445 mens
271 403 373 444 nihil
392 402 567 442 haberet
585 402 627 442 in
653 415 711 452 se,
739 400 854 456 quod
881 407 991 440 esset
1012 397 1242 439 secundum
1264 406 1454 438 naturam
1473 415 1481 438 :
1515 408 1561 439 ut

132 460 318 501 valitudo
347 467 423 499 est.
482 458 565 499 Sed
596 458 638 499 id
670 473 722 498 ne
752 453 930 513 cogitari
960 455 1130 511 quidem
1160 462 1315 509 potest,
1346 455 1469 509 quale
1494 455 1562 506 sit,
1574 465 1624 505 29

131 526 179 558 ut
199 531 281 557 non
301 524 510 570 repugnet
529 515 667 570 ipsum
688 514 780 555 sibi.
803 515 865 555 sin
891 513 994 553 dicit
1019 510 1235 553 obscurari
1256 510 1464 566 quaedam,
1487 526 1564 552 nec

128 586 339 628 apparere,
381 572 480 626 quia
516 571 634 613 valde
671 586 796 627 parva
830 571 927 620 sint,
963 583 1038 609 nos
1074 581 1242 624 quoque
1277 567 1562 609 concedimus.

128 628 242 684 quod
261 627 364 668 dicit
382 629 588 684 Epicurus
607 629 660 669 de
680 628 911 683 voluptate,
940 641 1033 682 quae
1064 624 1249 665 minimae
1269 624 1352 664 sint
1371 624 1565 680 volupta-

127 693 202 734 tes,
224 699 292 725 eas
315 685 530 726 obscurari
549 700 673 741 saepe,
694 694 736 726 et
755 684 891 725 obrui.
915 683 987 724 sed
1012 697 1095 723 non
1125 689 1223 722 sunt
1252 681 1294 721 in
1325 695 1376 721 eo
1406 695 1563 737 genere

125 749 252 781 tantae
272 741 596 783 commoditates
617 741 819 797 corporis,
840 750 1013 795 tamque
1042 738 1260 794 productae
1283 738 1562 793 temporibus,

125 804 298 853 tamque
318 799 479 839 multae.
540 800 703 854 Itaque,
725 799 767 839 in
797 797 964 854 quibus,
995 804 1165 851 propter
1184 809 1329 835 earum
1352 794 1563 850 exiguita-

123 862 226 905 tem,
246 855 487 896 obscuratio
508 856 782 910 consequitur
795 870 806 905 3
840 868 951 909 saepe
979 852 1145 902 accidit,
1173 860 1220 893 ut
1241 851 1345 892 nihil
1364 851 1562 893 interesse

125 920 267 952 nostra
286 911 508 963 fateamur,
530 912 614 953 sint
633 912 718 962 illa,
749 925 879 952 necne
910 910 993 950 sint
1014 926 1022 949 :
1056 919 1104 950 ut
1134 910 1175 949 in
1207 908 1309 959 sole,
1340 908 1454 964 quod
1476 924 1500 949 a
1520 918 1563 950 te

123 966 356 1019 dicebatur,
392 968 605 1010 lucernam
642 969 841 1010 adbibere
872 966 975 1007 nihil
1004 966 1190 1015 interest,
1222 974 1294 1005 aut
1324 965 1561 1006 teruncium

120 1023 275 1065 addere
298 1025 436 1066 Croesi
453 1026 658 1081 pecuniae.
717 1025 884 1082 Quibus
916 1032 1057 1064 autem
1089 1022 1130 1062 in
1163 1021 1286 1063 rebus
1318 1022 1561 1064 obscuratio
1573 1029 1626 1062 30

124 1088 240 1122 tanta
261 1096 344 1122 non
364 1082 431 1133 sit,
455 1082 540 1123 fieri
561 1091 703 1124 tamen
724 1090 879 1138 potest,
910 1091 959 1121 ut
988 1079 1031 1120 id
1062 1079 1215 1134 ipsum,
1238 1078 1353 1133 quod
1373 1079 1559 1130 interest,
1571 1088 1602 1117 P·
1618 1085 1689 1110 113·

124 1151 207 1185 non
228 1139 281 1179 sit
300 1153 519 1194 magnum.
543 1148 591 1180 ut
610 1140 662 1190 ei,
685 1140 757 1195 qui
782 1136 970 1195 jucunde
1000 1136 1145 1177 vixerit
1173 1150 1306 1176 annos
1336 1135 1499 1187 decem,
1526 1131 1600 1177 Sia.

123 1208 242 1249 aeque
280 1196 363 1236 vita
389 1196 582 1252 jucunda
617 1205 832 1237 menstrua
863 1194 1068 1244 addatur3
1108 1192 1206 1248 quia
1245 1198 1560 1234 64momentum

120 1250 294 1306 aliquod
314 1252 469 1293 habeat
488 1253 540 1293 ad
554 1253 795 1308 jucundum
816 1251 1016 1301 accessio,
1036 1251 1196 1290 bonum
1219 1250 1272 1290 sit
1293 1266 1301 1289 :
1335 1249 1394 1290 sin
1418 1259 1560 1290 autem

120 1306 162 1347 id
186 1323 270 1348 non
290 1308 563 1359 concedatur,
594 1324 678 1350 non
709 1308 910 1349 continuo
941 1307 1022 1347 vita
1051 1307 1174 1346 beata
1204 1306 1381 1347 tollitur.
1440 1306 1562 1347 Bona

122 1374 262 1404 autem
285 1366 489 1420 corporis,
518 1365 618 1406 huic
648 1373 760 1414 sunt,
791 1364 907 1420 quod
938 1363 1145 1419 posterius
1175 1362 1313 1418 posui,
1344 1362 1560 1404 similiora.

123 1419 282 1461 habent
321 1422 433 1462 enim
475 1423 759 1463 accessionem
799 1421 987 1476 dignam,
1017 1420 1059 1460 in
1096 1434 1178 1475 qua
1213 1419 1481 1460 elaboretur:
1513 1428 1563 1461 ut

120 1476 223 1516 mihi
247 1477 286 1517 in
310 1477 390 1518 hoc
413 1478 543 1519 Stoici
559 1478 693 1534 jocari
715 1477 932 1518 videantur
958 1476 1186 1525 interdum,
1208 1490 1305 1516 cum
1327 1476 1385 1516 ita
1404 1475 1560 1526 dicant,

120 1532 154 1573 si
173 1533 225 1573 ad
255 1534 369 1574 illam
407 1535 550 1585 vitam,
586 1550 681 1590 quae
713 1549 810 1574 cum
846 1534 996 1574 virtute
1031 1532 1224 1586 degatur,
1255 1531 1456 1587 ampulla,
1488 1542 1562 1574 aut

115 1589 289 1645 strigilis
326 1590 512 1641 accedat,
550 1601 789 1631 sumturum
830 1590 1062 1645 sapientem
1099 1603 1193 1628 eam
1232 1588 1360 1629 vitam
1400 1589 1559 1643 potius,

116 1660 202 1700 quo
222 1645 313 1687 haec
332 1646 497 1703 adjecta
517 1647 613 1698 sint,
643 1662 719 1688 nec
750 1647 980 1688 beatiorem
1011 1654 1154 1686 tamen
1185 1644 1242 1685 ob
1273 1659 1365 1686 eam
1388 1660 1557 1686 causam

115 1702 221 1743 fore.
281 1704 380 1745 Hoc
401 1704 535 1745 simile
556 1704 727 1745 tandem
749 1712 813 1744 est
834 1718 917 1744 non
936 1703 1023 1743 risu
1038 1702 1195 1758 potius,
1217 1716 1345 1757 quam
1367 1702 1614 1744 orationem

114 1758 402 1814 ejiciendum?
442 1761 631 1816 ampulla
670 1761 781 1801 enim
823 1760 891 1811 sit,
934 1773 1064 1800 necne
1102 1759 1169 1809 sit,
1210 1758 1304 1814 quis
1345 1773 1429 1799 non
1460 1759 1558 1814 jure

114 1816 279 1870 optimo
300 1817 535 1869 irrideatur,
555 1818 588 1858 si
608 1817 772 1858 laboret
789 1819 802 1858 ?
837 1825 880 1857 at
895 1830 992 1857 vero
1024 1816 1230 1872 gravitate
1251 1815 1558 1867 membrorum,

115 1881 159 1912 et
176 1873 365 1914 cruciatu
384 1874 581 1915 dolorum
603 1875 637 1915 si
657 1874 750 1930 quis
781 1887 906 1929 quem
937 1873 1059 1923 levet,
1089 1887 1288 1927 magnam
1319 1872 1433 1913 ineat
1457 1886 1558 1927 gra-

114 1928 242 1969 tiam:
276 1945 366 1980 nec,
389 1931 422 1971 si
443 1931 514 1971 ille
546 1931 710 1985 sapiens
741 1930 794 1970 ad
825 1930 996 1971 tortoris
1026 1929 1218 1970 eculeum
1250 1943 1274 1969 a
1296 1939 1477 1985 tyranno
1499 1930 1557 1970 ire

113 1995 308 2040 cogatur,
330 1986 512 2027 similem
533 1987 688 2028 habeat
707 1987 884 2037 vultum,
905 2001 953 2027 ac
975 1987 1010 2027 si
1023 1986 1256 2041 ampullam
1277 1985 1528 2040 perdidisset
1546 2005 1555 2027 z

113 2042 202 2092 sed,
224 2050 272 2082 ut
291 2057 494 2098 magnum
527 2052 571 2084 et
599 2043 766 2084 difficile
794 2052 1008 2084 certamen
1039 2043 1186 2092 iniens,
1217 2057 1315 2083 cum
1347 2042 1427 2083 sibi
1456 2057 1555 2088 cum

112 2098 281 2153 capitali
314 2099 564 2150 adversario,
599 2100 760 2150 dolore,
791 2099 1122 2155 depugnandum
1152 2099 1324 2149 videret,
1355 2099 1557 2141 excitaret

112 2169 259 2196 omnes
293 2156 477 2197 rationes
510 2156 768 2198 fortitudinis
800 2171 848 2197 ac
880 2156 1108 2211 patientiae,
1146 2170 1325 2212 quarum
1358 2155 1555 2211 praesidio

111 2210 236 2252 iniret
265 2212 372 2253 illud
403 2213 586 2264 difficile,
617 2223 666 2254 ut
696 2212 797 2264 dixi,
828 2227 1121 2268 magnumque
1154 2211 1367 2268 proelium.
1402 2212 1555 2254 deinde

111 2283 195 2309 non
213 2283 467 2324 quaeremus,
505 2270 607 2325 quid
639 2270 904 2320 obscuretur,
937 2278 1010 2310 aut
1040 2269 1229 2319 intereat,
1264 2269 1363 2323 quia
1394 2269 1447 2309 sit
1477 2268 1552 2309 ad-

110 2324 286 2366 modum
305 2339 506 2381 parvum:
539 2327 614 2367 sed
635 2326 737 2382 quid
757 2326 841 2367 tale
862 2326 929 2376 sit,
958 2335 1007 2366 ut
1035 2325 1199 2380 expleat
1223 2340 1446 2365 summam.
1469 2340 1553 2366 una

108 2381 302 2437 voluptas
338 2396 362 2423 e
397 2383 544 2424 multis
578 2384 828 2424 obscuratur
866 2383 908 2423 in
947 2382 1017 2423 illa
1051 2382 1134 2423 vita
1167 2381 1429 2436 voluptaria:
1477 2382 1550 2423 sed

109 2445 252 2479 tamen
273 2453 339 2489 ea,
358 2440 547 2495 quamvis
569 2454 695 2495 parva
714 2440 781 2490 sit,
806 2453 902 2494 pars
932 2447 997 2480 est
1025 2439 1116 2495 ejus
1147 2439 1257 2489 vitae,
1288 2453 1383 2494 quae
1412 2439 1553 2494 posita

108 2503 174 2535 est
198 2495 239 2536 in
270 2495 500 2551 voluptate.
532 2512 685 2538 numus
716 2496 758 2537 in
793 2495 931 2537 Croesi
963 2495 1116 2537 divitiis
1148 2496 1423 2536 obscuratur:
1455 2510 1550 2550 pars

108 2560 172 2592 est
204 2560 347 2593 tamen
376 2552 629 2594 divitiarum.
669 2567 797 2609 quare
832 2553 1109 2594 obscurentur
1144 2552 1272 2593 etiam
1307 2551 1413 2602 haec,
1454 2567 1550 2607 quae

108 2608 343 2650 secundum
374 2618 566 2651 naturam
597 2624 687 2651 esse
716 2609 911 2661 dicimus,
941 2609 985 2650 in
1016 2609 1097 2650 vita
1125 2609 1270 2651 beata:
1302 2609 1386 2649 sint
1417 2609 1548 2649 modo

108 2777 239 2815 quentia
261 2779 438 2809 desiderant
458 2785 501 2809 ut.
525 2789 590 2815 non,
613 2785 646 2808 ut
666 2777 806 2808 excellere
892 2782 932 2808 64
956 2783 1124 2806 momentum
1142 2788 1172 2806 a.
1191 2776 1297 2806 habeat
1317 2776 1395 2814 adj.
1411 2775 1546 2815 accessio}

108 2818 216 2856 animo,
232 2821 280 2849 sed
294 2823 353 2851 διο.
370 2828 406 2851 ut
428 2828 459 2851 et
477 2822 553 2852 vidit
568 2822 728 2858 Davisius,
746 2830 805 2851 nec
849 2820 999 2851 Davisius
1025 2820 1184 2858 eleganter
1203 2820 1338 2858 judicat,
1363 2820 1545 2849 addendum

108 2861 263 2901 dubitavi,
279 2870 404 2904 propter
418 2865 624 2902 evidentiam,
641 2865 764 2896 addere.
850 2873 918 2894 esse
934 2875 967 2893 ea
982 2871 1053 2903 post
1067 2862 1181 2892 habeat.

846 2917 925 2956 Μ
