1768 3095
536 79 715 118 LIBER
745 77 1059 117 QUARTUS.
1459 83 1509 116 45

75 190 179 232 falsa
199 202 291 231 esse
311 203 394 230 non
413 187 588 243 possint.
620 187 674 228 ab
695 186 773 227 hac
793 184 899 226 mihi
927 199 1011 225 non
1032 183 1129 225 licet
1150 190 1445 237 transversum,
1464 194 1513 228 ut

74 247 208 297 aiunt,
227 245 407 301 digitum
429 243 657 294 discedere,
678 257 730 283 ne
761 240 1021 283 confundam
1052 239 1207 281 omnia.
1264 240 1368 281 Veri
1398 242 1509 283 enim
1522 249 1555 280 b.

73 312 118 344 et
150 303 244 345 falsi
275 316 357 343 non
389 299 518 341 modo
551 300 756 356 cognitio,
777 298 849 339 sed
883 306 926 338 et
957 306 1107 338 natura
1135 296 1323 347 tolletur,
1345 297 1382 337 si
1408 298 1510 339 nihil

74 360 166 410 erit,
188 358 300 416 quod
321 357 486 399 intersit
505 374 514 398 z
546 365 594 398 ut
623 356 753 397 etiam
773 354 879 396 illud
907 353 1139 395 absurdum
1160 353 1229 404 sit,
1249 352 1366 409 quod
1386 352 1514 395 inter-

75 415 178 457 dum
210 414 352 456 soletis
384 413 537 465 dicere,
570 428 669 454 cum
700 412 788 453 visa
818 411 860 452 in
893 410 1057 451 animos
1085 409 1397 465 imprimantur,
1429 424 1512 451 non

75 487 148 514 vos
183 471 226 513 id
259 470 413 522 dicere,
443 470 554 511 inter
585 469 696 525 ipsas
731 467 1024 523 impressiones
1059 466 1166 508 nihil
1194 466 1408 518 interesse,
1438 467 1513 508 sed

71 529 179 570 inter
211 527 385 583 specieS,
417 536 461 568 et
490 526 694 583 quasdam
728 525 886 566 formas
916 538 1080 565 eorum.
1140 524 1275 580 Quasi
1297 537 1398 564 vero
1428 539 1512 565 non

71 585 208 640 specie
229 583 315 625 visa
336 583 610 639 judicentur:
643 598 737 639 quae
765 581 890 622 fidem
912 580 1071 622 nullam
1092 579 1323 631 habebunt,
1345 580 1512 622 sublata

69 641 152 682 veri
187 650 230 681 et
263 640 357 681 falsi
392 649 507 681 nota.
568 639 680 681 Illud
714 653 811 680 vero
843 636 1164 694 perabsurdum,
1201 636 1316 693 quod
1356 637 1508 689 dicitis,
1521 657 1573 700 59

68 697 303 753 probabilia
321 711 393 738 vos
424 697 556 753 sequi,
577 697 612 738 si
643 711 689 737 re
717 693 832 736 nulla
860 692 1164 750 impediamini.
1221 694 1407 734 Primum
1437 695 1509 750 qui

68 754 245 809 potestis
265 768 348 794 non
369 753 578 809 impediri,
599 768 695 794 cum
718 768 743 793 a
763 751 868 793 veris
889 751 994 792 falsa
1023 765 1107 791 non
1137 749 1324 791 distent?
1358 751 1508 792 deinde

68 810 183 866 quod
196 810 408 867 judicium
438 819 501 851 est
531 809 628 861 veri,
648 824 745 851 cum
780 809 834 850 sit
863 821 1092 849 commune
1112 806 1237 848 falsi?
1268 808 1332 848 Ex
1352 807 1417 849 his
1437 808 1510 849 illa

69 867 302 908 necessario
323 875 421 908 nata
439 875 504 908 est
523 869 653 923 ἐποχὴ,
673 866 716 907 id
737 874 802 907 est
832 863 1082 906 assensionis
1111 864 1320 905 retentio:
1351 864 1393 905 in
1425 879 1509 921 qua

67 923 219 965 melius
239 923 318 965 sibi
338 924 529 965 constitit
548 923 772 974 Arcesilas,
793 921 827 963 si
846 936 944 962 vera
968 929 1080 972 sunt,
1100 935 1194 977 quae
1215 920 1269 961 de
1290 919 1508 963 Carneade

67 980 259 1021 nonnulli
279 980 532 1022 existimant.
563 980 745 1029 sienim
767 978 928 1035 percipi
957 978 1061 1019 nihil
1089 986 1246 1033 potest,
1268 977 1382 1034 quod
1401 979 1508 1020 utri-

67 1050 150 1092 que
169 1038 301 1078 visum
324 1047 414 1079 est:
446 1036 658 1079 tollendus
679 1051 872 1077 assensus
898 1044 976 1076 est.
1036 1034 1154 1076 Quid
1184 1034 1295 1075 enim
1326 1044 1391 1076 est
1419 1044 1506 1076 tam

67 1093 203 1146 futile,
233 1109 361 1150 quam
394 1093 624 1151 quidquam
659 1093 893 1149 approbare
921 1091 1288 1146 noncognitum?
1323 1091 1509 1132 Carnea-

67 1149 164 1191 dem
197 1161 338 1192 autem
374 1152 499 1193 etiam
535 1151 625 1192 heri
658 1150 948 1200 audiebamus,
986 1155 1023 1181 16
1041 1148 1215 1189 solitum
1246 1162 1337 1189 esse
1370 1148 1509 1190 delabi

65 1206 294 1259 interdum,
328 1216 376 1249 ut
407 1208 577 1259 diceret,
609 1208 896 1263 opinaturum,
927 1205 970 1246 id
1000 1214 1079 1256 est,
1113 1213 1388 1260 peccaturum
1418 1219 1509 1253 esse

68 1263 314 1318 sapientem.
374 1263 488 1305 Mihi
520 1278 648 1319 porro
679 1278 763 1304 non
795 1272 884 1303 tam
914 1272 1078 1304 certum
1108 1270 1187 1313 est,
1215 1275 1304 1303 esse
1332 1261 1509 1318 aliquid,

67 1319 184 1374 quod
203 1319 505 1376 comprehendi
525 1320 671 1376 possit,
693 1319 744 1360 de
763 1333 847 1374 quo
870 1319 962 1374 jam
984 1317 1161 1359 nimium
1181 1318 1309 1358 etiam
1330 1319 1402 1360 diu
1420 1318 1507 1360 dis-

65 1385 188 1430 puto,
210 1392 337 1432 quam
369 1377 598 1432 sapientem
626 1375 729 1416 nihil
750 1375 926 1430 opinari,
948 1374 991 1416 id
1012 1383 1090 1425 est,
1111 1389 1342 1430 numquam
1363 1389 1507 1421 assen-

64 1432 134 1473 tiri
154 1433 212 1473 rei
233 1432 295 1473 vel
316 1433 448 1486 falsae,
470 1433 534 1474 vel
563 1432 807 1488 incognitae.
869 1432 1016 1472 Restat
1046 1431 1166 1482 illud,
1197 1432 1315 1487 quod
1345 1431 1572 1483 dicunt,60

64 1488 150 1529 veri
167 1488 401 1531 inveniendi
423 1504 548 1531 causa
568 1498 717 1530 contra
745 1488 889 1529 omnia
908 1488 990 1529 dici
1016 1497 1228 1543 oportere,
1250 1498 1293 1529 et
1313 1502 1390 1544 pro
1411 1503 1505 1530 om-

66 1545 204 1587 nibus.
263 1546 378 1587 Volo
409 1546 540 1602 igitur
570 1545 723 1598 videre,
743 1544 846 1601 quid
876 1545 1121 1586 invenerint.
1181 1546 1283 1586 Non
1305 1545 1506 1595 solemus,

63 1602 214 1658 inquit,
236 1602 468 1644 ostendere.
572 1618 637 1644 uae
659 1611 758 1644 sunt
776 1600 946 1643 tandem
965 1602 1048 1643 ista
1064 1601 1296 1658 mysteria?
1328 1611 1402 1649 aut
1431 1616 1507 1643 cur

64 1659 224 1711 celatis,
243 1659 362 1716 quasi
380 1669 503 1715 turpe
523 1675 547 1700 a
564 1658 697 1716 iquid,
718 1658 968 1701 sententiam
994 1667 1172 1700 vestram
1189 1660 1202 1699 ?
1238 1659 1315 1709 Ut,
1336 1659 1408 1714 qui
1429 1672 1505 1700 au-

64 1714 194 1767 dient,
231 1716 382 1772 inquit,
421 1716 583 1758 ratione
622 1716 779 1772 potius,
820 1730 947 1772 quam
987 1715 1242 1757 auctoritate
1281 1715 1504 1758 ducantur,

66 1779 101 1809 17
120 1772 237 1829 Quid
255 1773 289 1813 si
309 1775 522 1829 utroque?
556 1788 657 1815 num
679 1773 800 1830 pejus
819 1773 914 1814 est?
949 1787 1077 1814 unum
1112 1781 1254 1813 tamen
1283 1771 1387 1813 illud
1418 1787 1503 1814 non
1526 1773 1530 1775 ’

61 1829 215 1880 celant,
247 1829 352 1871 nihil
382 1844 486 1880 esse,
518 1831 633 1887 quod
668 1830 833 1886 percipi,
855 1829 1003 1884 possit.
1035 1843 1087 1870 an
1120 1829 1165 1870 in
1192 1843 1245 1869 eo
1275 1829 1506 1870 auctoritas

63 1885 167 1927 nihil
199 1886 352 1928 obest?
384 1887 490 1928 mihi
508 1888 679 1943 quidem
710 1886 873 1928 videtur
901 1886 964 1926 vel
992 1885 1240 1941 plurimum.
1273 1886 1366 1941 quis
1384 1886 1502 1933 renim

60 1942 142 1984 ista
175 1951 262 1984 tam
295 1952 453 1999 aperte,
480 1945 781 2000 perspicueque
814 1953 857 1984 et
888 1957 1092 1998 perversa,
1120 1952 1164 1983 et
1198 1942 1302 1982 falsa
1332 1952 1501 1983 secutus

60 2008 185 2049 esset,
206 1999 285 2042 nisi
306 2008 423 2041 tanta
451 2000 493 2041 in
523 2000 727 2051 Arcesila,
747 2000 883 2041 multo
904 1999 1031 2041 etiam
1061 2000 1197 2056 major
1216 1998 1258 2039 in
1280 1998 1499 2040 Carneade
1509 2029 1540 2059 p·
1561 2025 1611 2051 15,

60 2065 105 2098 et
124 2056 248 2111 copia
265 2070 419 2108 rerum,
438 2068 481 2098 et
503 2056 669 2098 dicendi
688 2058 747 2098 vis
766 2057 914 2098 fuisset
933 2057 946 2097 ?
1509 2073 1539 2094 a.

116 2112 226 2154 Haec
248 2122 284 2145 18
298 2112 538 2155 Antiochus
558 2115 644 2155 fere
671 2123 713 2154 et
739 2112 1006 2154 Alexandriae
1025 2121 1133 2165 tum,
1153 2121 1196 2154 et
1215 2113 1360 2154 multis
1380 2113 1499 2154 annis
1516 2123 1584 2179 19

57 2179 172 2226 post,
192 2171 330 2212 multo
359 2171 485 2211 etiam
517 2170 817 2212 asseverantius
844 2170 883 2209 in
915 2170 1051 2226 Syria,
1075 2185 1174 2211 cum
1200 2179 1310 2212 esset
1329 2184 1499 2211 mecum

60 2226 202 2283 paullo
222 2235 318 2268 ante
340 2235 379 2261 19
395 2242 521 2282 quam
543 2237 606 2268 est
626 2237 832 2268 mortuus.
891 2226 973 2267 Sed
987 2226 1076 2282 jam
1096 2226 1344 2268 confirmata
1357 2240 1556 2277 causa,61

58 2293 114 2334 te,
135 2283 351 2325 hominem
371 2284 688 2334 amicissimum,
714 2286 798 2336 (me
820 2292 962 2324 autem
993 2282 1249 2338 appellabat)
1273 2291 1316 2323 et
1335 2282 1500 2338 aliquot

59 2339 176 2387 annis
196 2341 402 2381 minorem
424 2349 539 2390 natu,
560 2355 644 2382 non
664 2340 867 2381 dubitabo
899 2354 1069 2380 monere
1090 2356 1099 2380 ε
1130 2339 1264 2390 Tune,
1285 2353 1383 2379 cum
1404 2348 1497 2380 tan—

58 2395 112 2438 tis
132 2396 327 2439 laudibus
348 2396 659 2453 philosophiam
690 2396 901 2446 extuleris,
922 2396 1285 2451 Hortensiumque
1307 2404 1498 2437 nostrum

103 2527 140 2553 16
167 2522 280 2553 solitum
307 2534 363 2553 esse
391 2521 487 2551 delabi
511 2520 668 2560 interdum]
697 2522 754 2552 Pro
800 2531 864 2551 non
880 2521 1060 2551 dubitanter
1072 2522 1196 2560 reposui
1212 2530 1268 2560 pro
1290 2520 1418 2559 vulgato
1434 2521 1497 2551 An»

59 2576 114 2595 esse
129 2566 233 2605 legam
250 2575 327 2597 cum
343 2566 424 2596 Dav.
440 2577 480 2595 eo.
799 2564 903 2600 tonius,
919 2565 1004 2603 quod
1021 2565 1060 2594 ab
1075 2573 1243 2603 operarum
1258 2573 1359 2593 errore
1381 2572 1496 2595 natum

105 2615 138 2644 17
158 2609 240 2639 Quid
252 2610 276 2639 si
296 2608 464 2650 utrumque]
490 2615 610 2649 utroque
625 2608 646 2638 i.
663 2616 690 2636 e.
708 2616 757 2637 ra·
800 2608 831 2637 in
848 2608 918 2638 edd.
935 2617 1048 2638 omnes
1064 2612 1272 2647 propagatum
1289 2613 1345 2636 est.

56 2651 142 2681 tione
158 2659 188 2681 et
203 2654 386 2683 auctoritate
406 2652 502 2680 edidit
522 2661 539 2681 e
563 2651 642 2681 Mss.
659 2650 754 2680 Davi·
846 2658 884 2683 19
908 2661 994 2691 quam
1020 2657 1089 2679 esset
1111 2647 1252 2689 mortuus]
1277 2658 1336 2679 scr.
1361 2656 1402 2679 ext
1422 2661 1496 2680 mor-

56 2693 132 2725 sius.
155 2695 247 2724 bene.
271 2705 348 2725 nam
371 2694 538 2733 vulgatum
555 2703 666 2724 verum
687 2702 753 2723 esse
797 2699 872 2723 tuus.
895 2702 972 2723 nam
996 2693 1038 2722 ita
1061 2693 1255 2723 constructio
1277 2692 1419 2731 legitima
1441 2703 1495 2732 po-

59 2746 124 2766 non
139 2744 248 2776 potest.
795 2736 903 2768 stulat.
933 2743 963 2766 et
991 2737 1037 2767 sic
1072 2736 1150 2766 Mss.
1181 2736 1244 2765 fere
1274 2742 1304 2765 et
1334 2736 1382 2765 ed.
1414 2737 1494 2767 Ven.

104 2785 140 2809 18
165 2778 333 2818 Antiochus]
352 2780 404 2809 Sic
427 2780 497 2809 edd.
522 2785 596 2809 vett.
620 2785 650 2809 et
674 2779 752 2808 Mss.
799 2785 892 2814 1471.

59 2830 171 2851 omnes
186 2833 191 2850 :
215 2830 246 2852 et
261 2824 285 2853 is
301 2830 347 2853 est
362 2823 510 2853 inductus
527 2831 629 2863 supra.
647 2822 752 2861 itaque
