1768 3095
387 107 547 150 ACAD.
568 111 778 150 QUAEST.
799 111 955 149 LIBER
978 112 1248 151 QUARTUS.
1478 120 1524 153 21

145 225 294 276 spicuam
320 236 388 261 esse
414 222 549 274 aliquid
565 232 674 272 posse,
701 235 741 258 v.
761 234 791 258 c.
813 233 914 258 avem
942 220 1059 258 albam
1088 234 1167 266 esse,
1194 222 1356 273 quamdiu
1384 225 1534 263 accidere

142 279 262 330 possit,
281 285 320 315 ut
337 291 376 314 ea
394 277 496 326 nigra
521 276 578 313 sit.
597 289 625 313 c.
650 281 783 316 10-11,
844 275 1010 324 Quoniam
1028 283 1152 317 >autem
1174 277 1336 326 perceptio
1366 289 1441 314 cum
1469 279 1533 315 ad-

146 333 290 369 sensione
306 331 479 378 conjuncta
498 339 560 372 est,
577 328 618 366 de
635 330 705 376 ejus
715 326 887 374 firmitate
907 338 1079 379 perpauca
1098 329 1192 366 dicit.
1209 343 1239 366 c.
1262 336 1322 367 13.
1379 331 1447 367 His
1464 331 1535 368 dis-

139 386 287 436 putatis,
306 383 355 421 ad
367 382 556 430 objectiones
573 381 849 419 Academicorum
865 382 1049 432 respondet,
1066 389 1111 426 et,
1131 383 1285 433 expositis
1302 396 1332 420 c.
1356 389 1416 421 13.
1435 386 1536 421 totius

144 438 282 476 rationis
303 450 414 474 eorum
427 436 682 485 fundamentis,
702 435 856 480 ostendit,
882 444 946 472 aut
975 449 1086 473 eorum
1111 437 1394 480 ratiocinationes,
1414 437 1535 488 quibus

145 491 233 529 nibil
246 489 470 541 comprehendi
490 497 658 541 pugnent,
676 489 818 526 incertas
843 502 924 533 esse,
943 497 1005 526 aut
1018 489 1156 538 falsum
1175 489 1224 534 id,
1242 490 1333 541 quod
1351 490 1533 541 disputent.

144 559 175 583 c.
198 549 258 581 14.
315 544 386 581 Sed
402 553 440 580 ut
451 554 554 595 pares
573 556 639 580 esse
656 541 866 579 Academicis
890 543 1067 593 possimus,
1086 556 1188 594 neque
1203 558 1226 580 a
1245 544 1395 581 veritate
1412 544 1534 581 descis-

143 611 270 642 camus,
302 608 383 648 opus
413 610 481 635 esse
505 597 629 647 primo,
656 605 695 633 ut
724 610 802 646 quae
827 605 890 646 pro
915 596 1154 646 perspicuitate
1184 596 1371 648 responderi
1390 600 1534 647 possint,

141 661 323 693 teneamus,
351 650 467 688 deinde
493 651 647 701 captiosis
674 663 783 686 eorum
816 650 1132 700 interrogationibus
1163 664 1331 688 occurrere
1355 653 1533 702 possimus.

139 717 173 741 c.
195 711 257 742 15:
303 705 425 755 Itaque
441 704 618 754 explicatis
635 717 664 740 c.
685 710 744 741 15.
764 702 874 740 tribus
892 703 1168 742 Academicorum
1187 706 1410 755 argumentis,
1435 706 1534 757 (quo-

140 772 214 795 rum
228 758 375 809 primum
395 765 427 794 et
445 758 602 795 ultimum
620 766 669 794 est
692 770 800 809 genus
819 756 910 794 illud
934 756 1180 808 interrogandi,
1201 757 1291 808 quod
1307 759 1449 796 Soriten
1469 774 1533 797 ve-

140 821 222 849 teres
240 811 442 859 vocabant.)
463 811 585 862 quibus
611 809 823 853 contendunt,
842 810 929 848 nihil
945 811 1030 848 inter
1047 812 1127 848 visa
1141 811 1250 861 falsa
1267 821 1299 849 et
1316 825 1402 849 vera
1427 813 1532 850 inter-

138 878 217 910 esse,
237 865 278 902 iis
295 878 325 902 c,
348 865 407 903 16.
433 871 492 912 17.
517 871 576 903 18,
592 863 776 915 respondet,
795 873 828 901 et
852 871 956 901 totum
983 864 1073 902 illud
1091 879 1202 915 genus
1230 866 1461 916 interrogandi
1478 880 1530 904 re-

127 919 206 967 jicit
218 927 250 956 et
263 919 422 956 vitiosum
433 925 549 969 putat.
611 918 676 955 His
695 913 839 967 singulis
854 917 971 955 deinde
988 918 1156 969 respondet
1175 919 1301 964 Cicero,
1314 929 1531 971 posteaquam

133 973 241 1023 primo
257 985 291 1009 se
310 973 454 1010 Lucullo
479 982 706 1009 excusaverat
723 971 764 1008 de
780 971 1004 1022 Philosopbiae
1022 972 1236 1010 Academicae
1260 972 1384 1018 studio,
1403 975 1532 1023 confles-

138 1039 258 1078 susque
274 1035 360 1069 erat,
379 1039 413 1062 se
431 1036 593 1076 magnum
612 1038 680 1062 csse
692 1025 938 1076 opinatorem,
957 1026 990 1064 h.
1009 1039 1037 1063 e.
1056 1037 1146 1077 saepe
1164 1027 1321 1063 assentiri
1337 1029 1439 1064 etiam
1466 1042 1531 1065 non

129 1079 308 1130 perceptis,
327 1092 449 1129 negare
474 1089 586 1116 autem
613 1080 772 1130 sapientis
791 1092 871 1123 esse,
889 1079 950 1116 vel
964 1093 1006 1117 ex
1024 1081 1096 1131 ipsa
1116 1080 1230 1117 Stoica
1252 1080 1445 1131 disciplina,
1464 1081 1529 1118 ad-

134 1133 252 1170 sentiri
269 1133 416 1179 incertis,
436 1134 605 1185 quoniam,
625 1134 683 1184 qui
701 1134 918 1175 assentiatur,
938 1147 1001 1170 non
1023 1134 1130 1184 possit
1149 1147 1212 1171 non
1230 1134 1398 1172 interdum
1413 1136 1528 1184 falsis

134 1187 302 1229 assentiri,
321 1195 424 1238 atque
449 1187 531 1224 adeo
557 1187 689 1238 opinari
705 1195 852 1231 tantum,
875 1186 964 1238 quod
979 1187 1023 1224 sit
1042 1202 1064 1224 a
1083 1188 1242 1238 sapientis
1255 1190 1439 1238 gravitate
1455 1189 1527 1226 dis-

123 1240 386 1286 junctissimum,
405 1253 434 1277 c.
453 1247 517 1278 20.
537 1247 585 1278 21
605 1257 618 1276 .·
647 1239 762 1277 deinde
787 1254 868 1277 vero
887 1241 928 1278 de
945 1240 1103 1278 Antiochi
1119 1242 1155 1279 in
1174 1241 1353 1279 deserenda
1373 1242 1526 1280 Philonis

133 1292 311 1344 disciplina
329 1294 470 1331 levitate
490 1304 605 1344 pauca
619 1292 755 1331 dixerat
772 1307 804 1332 c.·
818 1300 882 1331 22.
942 1295 1212 1332 Commemoratis
1228 1309 1307 1345 ergo
1323 1310 1526 1334 summorum

133 1346 299 1383 bominum
315 1346 588 1390 auctoritatibus,
603 1347 661 1397 qui
679 1345 768 1385 nibil
782 1348 863 1384 certi
880 1360 947 1384 esse
963 1347 1202 1392 contenderint,
1224 1362 1254 1386 σ.
1275 1355 1340 1387 23.
1364 1355 1426 1387 24.
1447 1364 1525 1387 sen-

133 1413 230 1437 suum
259 1400 439 1437 veritatem
467 1401 657 1450 impugnat.
713 1403 786 1438 Aut
818 1414 892 1437 cum
924 1401 1067 1451 Epicuro
1095 1401 1269 1439 dicendum
1298 1416 1380 1446 esse,
1407 1417 1522 1440 sensus

131 1466 316 1504 numquam
323 1453 455 1502 fallere
471 1453 645 1498 bominem,
666 1460 698 1490 et
714 1454 744 1490 si
761 1454 861 1491 semel
877 1455 1005 1491 mentiti
1025 1455 1106 1498 sint,
1126 1468 1309 1506 numquam
1329 1456 1368 1492 iis
1386 1457 1520 1494 creden·

128 1505 221 1549 dunt,
246 1506 336 1557 quod
358 1516 440 1544 esset
467 1506 667 1551 absurdum,
696 1520 770 1545 cum
794 1516 931 1558 propter
957 1507 1185 1545 hebetudinem
1212 1509 1379 1546 oculorum
1410 1512 1521 1548 multa

129 1573 193 1597 non
210 1560 401 1603 videamus,
423 1561 530 1597 multa
549 1559 662 1603 aliter,
683 1574 726 1597 ac
740 1562 822 1605 sint,
841 1570 873 1598 et
891 1561 995 1611 ipsius
1016 1561 1199 1598 Stoicorum
1219 1575 1335 1599 causae
1351 1564 1520 1613 periculo-

131 1622 230 1659 sum3
260 1622 323 1650 ant
339 1627 412 1650 cum
434 1614 590 1658 Lucullo,
609 1614 683 1651 alia
706 1628 862 1652 sensuum
889 1615 968 1652 visa
995 1628 1062 1651 esse
1087 1627 1187 1659 vera,
1205 1615 1279 1652 alia
1291 1616 1398 1665 falsa
1416 1633 1428 1653 .-
1456 1632 1521 1668 quo

127 1677 247 1712 sumto,
267 1667 397 1704 nullam
416 1680 573 1704 verorum
601 1681 623 1704 a
638 1667 750 1717 falsis
769 1668 1053 1705 discernendorum
1081 1678 1199 1706 notam>
1220 1670 1375 1721 relinqui.
1395 1684 1426 1708 c.
1448 1678 1519 1709 25-

129 1720 193 1758 26.
250 1721 352 1759 Male
370 1729 481 1758 autem
500 1720 608 1768 objici,
626 1721 779 1768 artificiis
797 1721 960 1758 adhibitis
978 1729 1009 1759 et
1029 1723 1228 1771 cogitatione
1243 1722 1330 1772 effici
1350 1735 1460 1775 posse,
1481 1735 1520 1762 ut

126 1773 368 1825 intelligamus,
387 1774 488 1812 aliter
512 1787 563 1811 res
590 1787 658 1811 esse
684 1789 725 1812 ac
751 1775 948 1820 videantur,
973 1776 1112 1820 somnia,
1140 1776 1198 1813 ubi
1223 1777 1518 1828 evigilaverimus‚

105 1828 221 1878 *falsa
245 1829 377 1879 putari,
412 1837 444 1865 et
473 1829 554 1865 visa
586 1828 829 1866 vinolentorum
860 1838 891 1866 et
912 1830 1138 1877 furiosorum,
1163 1829 1229 1867 tubi
1260 1844 1295 1867 se
1325 1832 1515 1882 receperint.

130 1882 225 1918 Nam
244 1882 285 1918 de
300 1881 364 1918 hoc
378 1894 441 1918 non
460 1881 639 1931 disputari.
657 1882 717 1919 sed
741 1883 866 1932 qualia
894 1884 972 1919 haec
1000 1883 1206 1927 videantur,
1225 1897 1312 1921 cum
1331 1885 1518 1929 videntur,

126 1934 167 1971 id
189 1935 310 1986 quaeri.
367 1934 447 1971 Non
472 1935 557 1971 enim
577 1948 645 1972 esse
663 1935 816 1977 dubium,
834 1937 927 1986 quin,
946 1950 1020 1973 cum
1048 1936 1222 1981 videntur,
1237 1937 1418 1989 probentur
1435 1955 1445 1981 3
1474 1953 1518 1976 ex

124 2000 188 2038 quo
205 1987 386 2037 efficiatur,
406 1989 492 2024 inter
508 1989 588 2025 visa
606 2002 692 2026 vera
718 1999 749 2026 et
763 1990 869 2038 falsa
888 1989 939 2027 ad
961 1990 1078 2027 animi
1098 2004 1287 2028 assensum
1309 1992 1396 2029 nibil
1410 1993 1515 2030 inter-

123 2052 200 2078 esse.
223 2055 252 2079 c.
270 2047 405 2079 25-28.
463 2042 581 2092 Neque
599 2043 757 2080 rationem
781 2044 892 2093 magis
909 2045 1089 2095 quicquam
1118 2058 1161 2081 ac
1189 2057 1305 2082 sensus
1335 2047 1514 2097 percipere.

126 2095 220 2132 Nam
247 2094 339 2146 quod
358 2095 555 2132 Dialecticee
580 2095 722 2133 multum
749 2096 852 2134 Stoici
879 2096 1046 2141 tribuant,
1067 2099 1176 2148 primo
1202 2099 1422 2137 Dialecticum
1450 2114 1515 2137 non

115 2158 211 2199 posse
241 2148 282 2185 de
309 2147 409 2185 rebus
437 2163 475 2186 v.
495 2162 523 2185 c.
565 2149 774 2187 Geometricis
795 2149 966 2197 judicare,
999 2152 1063 2187 nisi
1097 2153 1317 2189 Geometriam
1344 2152 1513 2200 didicerit,

122 2201 241 2239 deinde
255 2215 319 2238 non
341 2212 438 2252 posse
453 2203 580 2239 solvere
603 2203 745 2247 Soritas,
766 2213 952 2254 propterea,
971 2204 1062 2255 quod
1088 2215 1216 2242 natura
1246 2220 1357 2244 rerum
1383 2207 1514 2244 nullam

121 2255 214 2292 nobis
232 2254 358 2292 dederit
376 2256 590 2306 cognitionem
605 2255 749 2302 finium,
769 2266 808 2294 ut
824 2257 897 2294 ulla
916 2259 951 2293 in
968 2272 1005 2294 re
1020 2267 1166 2296 statuere
1183 2260 1362 2309 possimus,
1381 2268 1512 2310 quate-

121 2321 191 2346 nus
206 2325 215 2355 3
247 2309 346 2360 idque
364 2323 486 2359 magno
514 2318 711 2359 argumento
728 2323 809 2355 esse,
824 2311 962 2360 falsam
980 2324 1047 2348 esse
1062 2312 1157 2348 illam
1174 2312 1405 2358 definitionem,
1422 2314 1511 2363 effa-

121 2371 195 2399 tum
223 2375 290 2400 esse
318 2362 366 2406 id,
393 2362 483 2414 quod
508 2370 571 2400 aut
596 2377 716 2401 verum
741 2373 803 2401 aut
816 2364 957 2412 falsum
978 2365 1035 2402 sit.
1056 2378 1086 2402 c.
1106 2371 1243 2404 28-30.
1303 2366 1406 2416 Quod
1427 2367 1511 2405 sub·

123 2416 199 2453 lata
219 2417 434 2467 perceptione,
463 2417 626 2467 quamvis
657 2418 774 2455 relicta
794 2417 1048 2468 probabilitate,
1067 2419 1180 2455 vitam
1208 2432 1346 2463 omnem,
1364 2434 1511 2465 sensum,

120 2471 323 2513 memoriam,
343 2479 461 2512 artem,
485 2468 535 2508 ἅθ’
534 2484 562 2508 c.
583 2471 655 2507 tolli
676 2481 787 2522 putet,
807 2472 842 2508 in
860 2485 894 2509 eo
913 2472 1020 2509 valde
1036 2485 1162 2509 errare.
1218 2473 1314 2510 Nam
1331 2474 1366 2510 in
1387 2474 1511 2524 pleris-

120 2535 182 2572 que
205 2523 406 2568 actionibus,
425 2524 486 2560 <vel
513 2524 632 2561 Stoicis
659 2524 946 2568 consentientibus,
966 2535 1130 2577 tanquam
1150 2527 1185 2562 in
1203 2527 1414 2576 navigando,
1427 2538 1508 2578 pro-

104 2575 299 2614 babilitate
328 2576 472 2615 homines
503 2576 593 2622 duci,
622 2590 759 2629 eamque
791 2577 842 2615 ad
868 2579 1011 2616 actiones
1043 2578 1194 2628 sufficere
1206 2596 1216 2625 3
1246 2584 1360 2618 eadem
1389 2582 1510 2619 sentire

118 2629 369 2674 Academicum,
388 2644 467 2681 quae
487 2631 647 2676 Stoicum,
666 2632 753 2669 nihil
777 2632 916 2676 mutari,
930 2632 1062 2680 judicio
1079 2640 1215 2670 tantum
1242 2643 1422 2686 utrumque
1438 2634 1506 2672 dis-

102 2694 265 2734 crepare,
285 2683 374 2734 quod
389 2685 424 2720 in
442 2684 528 2735 ipsos
546 2697 661 2722 sensus
678 2685 810 2722 nullam
831 2686 905 2722 vim
925 2685 1048 2724 babeat
1064 2703 1076 2723 .·
1107 2687 1262 2724 memoria
1288 2690 1390 2725 etiam
1417 2701 1505 2725 erro-

117 2749 179 2779 res,
198 2750 262 2773 non
279 2746 412 2774 tantum
433 2737 675 2788 comprehensa,
694 2739 809 2784 teneri,
826 2739 862 2776 in
880 2739 1014 2776 artibus
1031 2748 1144 2777 autem
1166 2741 1331 2792 plerisque
1348 2755 1405 2779 nos
1425 2752 1506 2792 pro·

118 2788 292 2828 habilitate
317 2790 407 2836 duci,
435 2791 522 2828 nibil
552 2791 744 2830 Dialectica
771 2802 850 2843 opus
880 2805 948 2830 esse
978 2806 1008 2830 c.
1034 2799 1171 2832 30-34.
1239 2795 1358 2845 Neque
1383 2806 1504 2846 repug-

119 2843 239 2880 nantia
258 2843 373 2888 dicere,
393 2858 435 2882 εκ
455 2845 610 2883 Antiochi
638 2855 753 2889 mente,
774 2847 835 2896 qui
861 2846 1029 2892 concedat,
1048 2847 1128 2885 visa
1154 2860 1222 2885 esse
1251 2848 1313 2885 vel
1335 2861 1422 2885 <vera
1448 2848 1509 2885 vel

741 2912 762 2937 C
786 2905 808 2936 3
