1778 3095
270 137 350 179 590
710 128 788 166 DE
823 128 1262 167 DIVINATIONE

267 239 447 296 jestatis,
471 236 793 294 praesignificare
814 236 1071 289 bominibus,
1088 253 1182 294 quae
1200 238 1285 279 sint
1304 238 1466 279 futura:
1489 246 1563 280 aut
1579 253 1632 280 ea
1648 254 1702 283 ne

185 308 262 339 ’102
274 296 352 352 ipsi
380 295 548 352 quidem
580 295 639 335 dii
668 294 899 349 significare
927 304 1119 350 possunt.
1178 295 1239 336 At
1259 309 1394 350 neque
1415 309 1496 335 non
1519 295 1704 351 diligunt

274 368 381 394 nos:
413 362 510 394 sunt
536 351 646 392 enim
678 351 862 402 benefici,
883 352 1112 407 generique
1137 351 1359 392 hominum
1389 351 1538 393 amici:
1568 367 1704 408 neque

272 410 471 466 ignorant
492 424 555 458 ea,
576 423 670 463 quae
695 408 748 448 ab
776 408 874 463 ipsis
904 409 1146 458 constituta,
1168 418 1211 449 et
1237 408 1457 464 designata
1480 417 1602 449 sunt:
1631 423 1706 449 ne-

272 481 355 522 que
375 474 518 506 nostra
539 465 642 506 nihil
664 464 850 515 interest,
871 466 975 505 scire
993 479 1054 514 ca,
1077 473 1116 498 99
1133 480 1226 520 quae
1245 464 1388 505 futura
1407 464 1516 515 sint3
1546 465 1703 506 erimus

273 523 384 564 enim
406 522 629 572 cautiores,
650 522 684 562 si
704 521 884 562 sciemus
905 538 913 561 :
947 536 1082 576 neque
1114 521 1195 561 hoc
1224 521 1408 562 alienum
1430 520 1592 562 ducunt
1612 536 1704 562 ma-

266 580 422 636 jestate
448 594 547 629 sua3
577 578 682 619 nihil
709 586 774 618 est
802 578 912 618 enim
943 577 1216 618 beneficentia
1245 579 1538 633 praestantius:
1569 591 1706 633 neque

273 650 357 676 non
377 645 556 691 possunt
575 636 717 676 futura
736 648 1012 689 praenoscere.
1033 649 1116 674 non
1135 634 1263 688 igitur
1279 634 1336 675 dii
1356 644 1467 686 sunt,
1483 649 1559 675 nec
1577 634 1708 690 signi·

274 692 400 734 fleant
429 692 550 733 nobis
581 692 746 731 futura:
777 699 875 731 sunt
903 698 1047 731 autem
1080 689 1165 730 dii:
1207 689 1444 744 significant
1474 705 1591 747 ergo.
1650 692 1708 732 Et

273 763 372 799 non,
394 749 427 789 si
459 747 698 803 significant
718 747 872 797 futura,
894 746 1029 788 nullas
1054 746 1155 787 dant
1175 747 1295 787 nobis
1318 747 1400 788 vias
1422 748 1473 788 ad
1495 747 1708 803 significa-

273 805 438 846 tionum
460 804 677 845 scientiam
698 819 707 843 τ
734 804 889 844 frustra
908 804 1019 844 enim
1042 803 1325 858 significarent
1343 820 1352 843 ε
1384 818 1533 859 neque,
1553 804 1587 845 si
1607 805 1710 845 dant

190 871 260 905 103
275 862 373 912 vias,
395 876 479 902 non
499 870 564 902 est
582 859 782 901 divinatio
802 876 811 898 :
840 871 904 901 est
924 860 1053 915 igitur
1071 860 1283 901 divinatio.
1343 859 1382 900 O
1401 870 1548 902 acutos
1567 860 1708 902 homi-

274 918 373 959 nes!
406 932 533 972 quam
564 916 708 973 paucis
742 916 874 958 verbis
906 917 1123 972 negotium
1154 917 1398 957 confectum
1428 918 1606 972 putant?
1647 918 1710 958 Ea

274 983 448 1015 sumunt
492 974 547 1015 ad
595 973 950 1023 concludendum,
993 988 1175 1029 quorum
1215 973 1265 1014 iis
1305 973 1409 1014 nihil
1447 972 1708 1014 conceditur.

276 1031 508 1072 Conclusio
543 1040 685 1072 autem
714 1031 886 1071 rationis
915 1044 965 1071 ea
996 1029 1214 1086 probanda
1242 1038 1319 1080 est,
1337 1029 1379 1071 in
1409 1044 1494 1086 qua
1511 1044 1561 1071 ex
1582 1029 1708 1071 rebus

192 1088 263 1138 50
274 1102 359 1129 non
379 1088 520 1129 dubiis
539 1087 598 1138 id,
619 1087 735 1143 quod
756 1086 989 1137 dubitatur,
1008 1087 1198 1128 efficitur.
1254 1086 1442 1128 Videsne
1461 1087 1709 1143 Epicurum,

273 1159 401 1200 quern
433 1144 631 1185 hebetem
661 1153 704 1185 et
733 1143 883 1185 rudem
912 1143 1050 1184 dicere
1083 1143 1220 1184 solent
1249 1143 1396 1194 Stoici,
1426 1143 1707 1199 quemadmo-

273 1202 393 1252 dum,
414 1201 530 1256 quod
559 1201 600 1241 in
631 1209 779 1241 natura
806 1214 944 1241 rerum
965 1214 1090 1240 omne
1110 1214 1200 1240 esse
1222 1199 1416 1250 dicimus,
1436 1200 1480 1241 id
1499 1200 1710 1241 infinitum

274 1271 365 1298 esse
384 1256 667 1298 concluserit?
708 1256 838 1314 Quod
860 1257 1023 1297 finitum
1044 1265 1121 1307 est,
1142 1256 1291 1312 inquit,
1312 1256 1439 1297 habet
1457 1266 1710 1298 extremum.

274 1313 385 1356 Quis
413 1314 496 1354 hoc
525 1328 609 1354 non
640 1312 829 1354 dederit?
868 1313 984 1369 quod
1014 1314 1142 1354 habet
1171 1322 1422 1365 extremum,
1452 1313 1495 1355 id
1525 1313 1712 1355 cernitur

275 1385 327 1411 ex
344 1370 427 1412 alio
443 1370 715 1412 extrinsecus.
745 1369 826 1411 hoc
850 1385 1020 1426 quoque
1040 1379 1105 1411 est
1125 1369 1459 1411 concedendum.
1498 1370 1574 1421 At,
1596 1369 1713 1426 quod

147 1445 178 1476 p.
195 1442 265 1466 130.
277 1441 403 1468 omne
424 1435 501 1478 est,
522 1426 565 1468 id
587 1441 671 1467 non
692 1428 877 1468 cernitur
904 1441 954 1467 ex
984 1427 1069 1468 alio
1096 1427 1366 1468 extrinsecus.
1426 1428 1496 1468 Ne
1515 1426 1598 1468 hoc
1618 1426 1714 1483 qui-

236 1488 266 1510 a.
278 1483 375 1525 dem
396 1484 541 1539 negari
570 1492 727 1539 potest.
785 1483 906 1525 Nihil
928 1483 1060 1539 igitur
1079 1498 1179 1525 cum
1200 1483 1354 1524 habeat
1373 1492 1623 1533 extremum,
1643 1483 1710 1524 in-

192 1527 266 1560 104
279 1541 443 1582 finitum
465 1540 520 1582 sit
539 1555 707 1581 necesse
728 1549 805 1581 est.
836 1540 1036 1590 Videsne,
1054 1549 1102 1581 ut
1122 1540 1176 1581 ad
1196 1555 1284 1581 rem
1308 1540 1479 1581 dubiam
1501 1539 1712 1581 concessis

275 1598 400 1639 rebus
420 1598 683 1654 pervenerit?
728 1598 826 1638 Hoc
846 1612 919 1638 vos
940 1596 1149 1638 dialectici
1169 1612 1254 1637 non
1274 1597 1412 1638 facitis
1433 1613 1443 1636 2
1475 1610 1551 1637 nec
1573 1596 1711 1637 solum

274 1667 325 1694 ea
353 1669 438 1695 non
468 1653 633 1695 sumitis
662 1653 715 1694 ad
746 1653 1100 1703 concludendum,
1121 1669 1216 1709 quae
1246 1654 1299 1693 ab
1329 1653 1526 1694 omnibus
1555 1666 1713 1694 conce-

270 1710 449 1752 dantur:
468 1709 542 1751 sed
562 1724 612 1750 ea
631 1710 811 1761 sumitis,
833 1711 986 1766 quibus
1007 1709 1230 1761 concessis,
1246 1708 1380 1750 nihilo
1400 1709 1538 1764 magis
1557 1709 1713 1750 efficia-

274 1775 358 1818 tur,
378 1767 493 1821 quod
518 1766 669 1807 velitis.
731 1767 917 1808 Primum
948 1765 1060 1806 enim
1092 1766 1174 1806 hoc
1206 1765 1386 1807 sumitis.
1436 1765 1482 1806 Si
1513 1772 1608 1806 sunt
1639 1765 1712 1817 dii,

276 1822 438 1879 benefici
460 1823 501 1864 z'n
523 1822 699 1864 homines
719 1830 828 1864 sunt.
886 1823 994 1879 Quis
1012 1822 1094 1863 hoc
1114 1822 1231 1863 vobis
1253 1822 1402 1863 dabit?
1434 1821 1713 1878 Epicurusne,

275 1879 348 1935 qui
369 1889 512 1935 negat,
539 1888 598 1912 100
616 1880 847 1936 quidquam
872 1879 972 1920 deos
995 1893 1072 1920 nec
1093 1878 1216 1919 alieni
1245 1893 1406 1930 curare,
1427 1893 1505 1920 nec
1533 1878 1626 1920 sui?
1660 1894 1713 1920 an

276 1944 420 1977 noster
449 1936 625 1987 Ennius,
655 1937 729 1992 qui
758 1951 917 1992 magno
949 1935 1102 1991 plausu
1130 1935 1334 1992 loquitur,
1353 1936 1607 1978 assentiente
1635 1949 1714 1992 po—

276 1992 379 2048 pulo
397 2009 408 2034 :

383 2061 459 2110 Ego
478 2059 575 2097 dedm
589 2073 700 2110 genus
718 2072 782 2097 esse
800 2071 927 2110 semper
944 2060 1032 2105 dixi,
1051 2070 1082 2097 ct
1100 2060 1211 2097 dicam
1229 2060 1376 2098 coelitum
1394 2076 1404 2104 ;

385 2113 457 2152 Sed
473 2127 521 2150 eos
542 2125 606 2150 non
624 2126 743 2151 curare
761 2113 885 2164 opinor,
904 2113 989 2164 quid
1005 2123 1091 2164 agat
1110 2114 1294 2152 humanum
1307 2128 1428 2165 genus.

275 2188 333 2229 Et
351 2186 539 2244 quidem,
560 2201 635 2228 cur
656 2186 715 2228 sic
737 2186 948 2242 opinetur,
968 2187 1174 2228 rationem
1195 2187 1379 2244 subjicit.
1418 2186 1507 2228 Sed
1527 2186 1631 2228 nihil
1646 2192 1713 2228 est

276 2254 463 2295 necesse,
485 2243 639 2295 dicere,
660 2258 756 2299 quae
787 2251 1034 2299 sequuntur.
1067 2252 1232 2286 tantum
1263 2254 1329 2285 sat
1357 2253 1422 2286 est
1449 2243 1644 2300 intelligi,
1669 2242 1714 2284 id

277 2315 444 2342 sumere
473 2301 574 2342 istos
605 2315 682 2356 pro
713 2307 843 2352 certo,
862 2300 978 2356 quod
1008 2300 1186 2342 dubium
1216 2310 1615 2356 controversumque
1644 2299 1713 2341 sit.

196 2359 261 2408 51
278 2357 478 2414 Sequitur
504 2371 647 2413 porro,
679 2355 801 2398 Nihil
829 2357 918 2398 deos
949 2357 1150 2414 ignorare,
1176 2358 1283 2414 quod
1310 2357 1445 2398 omnia
1470 2356 1553 2397 sint
1582 2354 1632 2397 ab
1662 2355 1714 2396 iis

192 2432 264 2465 105
279 2414 513 2455 constituta.
574 2415 659 2455 Hic
689 2428 785 2455 vero
816 2422 973 2470 quanta
1000 2429 1148 2470 pugna
1176 2424 1240 2456 est
1267 2413 1610 2456 doctissimorum
1632 2411 1714 2453 ho-

278 2471 456 2522 minum,
480 2471 726 2526 negantium
748 2484 839 2512 esse
863 2470 955 2512 haec
976 2486 1000 2511 a
1021 2470 1100 2512 diis
1120 2469 1430 2512 immortalibus
1451 2468 1711 2510 constituta?

278 2523 341 2567 At
359 2534 498 2567 nostra
519 2526 686 2568 interest
705 2526 821 2578 scire,
848 2535 860 2558 1
878 2542 972 2584 quae
994 2536 1168 2569 ventura
1193 2526 1290 2567 sint.
1349 2527 1539 2581 Magnus
1566 2524 1712 2569 Dicae-

323 2647 363 2673 99
385 2649 450 2681 quae
460 2639 572 2680 sutura
588 2638 658 2678 sint]
676 2640 783 2679 Vulgo
798 2641 882 2671 male
898 2646 974 2671 sunt.
1017 2647 1049 2670 et
1064 2640 1112 2670 ed.
1132 2646 1223 2675 1471.
1246 2642 1329 2671 dedit
1352 2651 1439 2681 eaque
1457 2652 1480 2671 e.
1496 2652 1520 2671 s.
1544 2641 1590 2671 sic
1610 2647 1641 2672 et
1661 2641 1714 2672 ed.

279 2682 375 2722 paulo
390 2689 463 2712 ante
476 2683 521 2712 sic
537 2689 595 2719 est,
613 2689 648 2713 ut
664 2683 756 2712 edidi.
1018 2684 1099 2714 Ven.
1128 2691 1221 2715 1494.
1253 2685 1316 2714 Ms.
1347 2684 1410 2714 Gu.
1433 2695 1479 2721 ea,
1499 2694 1566 2726 quae
1587 2690 1715 2713 ventura

324 2733 384 2757 loo
406 2724 608 2768 aliquidquam
630 2723 851 2765 deos—curare]
877 2725 928 2755 Sic
945 2726 975 2756 J.
1018 2725 1098 2755 sint:
1125 2728 1208 2765 quod
1236 2737 1347 2758 verum
1375 2733 1463 2766 puto.
1489 2735 1614 2756 ventura
1638 2732 1715 2757 sunt

280 2769 460 2800 Gronovius
485 2769 591 2800 edidit.
624 2768 742 2799 restitui
772 2776 861 2799 vetus
889 2768 974 2810 quid·
1018 2779 1066 2804 ea,
1090 2779 1163 2808 quae
1192 2771 1396 2810 antefatum
1422 2770 1511 2799 dixit.
1544 2781 1576 2798 ea
1603 2776 1712 2800 autem

279 2822 378 2853 quam.
1017 2812 1123 2849 omisi,
1141 2822 1218 2843 cum
1236 2815 1306 2844 edd.
1322 2813 1557 2846 recentioribus.
1579 2823 1610 2843 v.
1626 2819 1658 2843 et
1671 2813 1713 2844 ad

325 2861 338 2884 1
364 2864 430 2896 quae
446 2860 586 2884 eventura
606 2853 682 2896 sint]
698 2854 845 2885 Davisius
861 2864 877 2884 e
894 2854 974 2886 Mss.
1018 2855 1105 2887 Verr.
1122 2856 1161 2893 V,
1177 2861 1206 2887 ὕ.
