1778 3095
570 134 752 173 LIBER
793 119 1088 170 QUARTUS
1475 138 1543 170 181

119 241 348 299 rejicienda
375 257 479 295 esse,
515 242 605 284 non'
638 241 871 297 fugienda?
906 255 981 281 nec
1014 237 1329 280 misericordem
1357 238 1548 294 judicem

120 314 210 341 esse
230 301 460 357 oportere?
493 299 535 340 in
555 302 758 341 concione
788 307 930 339 autem
966 297 999 337 si
1030 296 1289 352 loqueretur,
1311 295 1345 335 si
1364 295 1549 337 Annibal

118 356 170 397 ad
210 366 350 413 portas
390 356 580 406 venisset,
619 369 876 410 murumque
908 353 1053 409 jaculo
1089 352 1336 408 trajecisset,
1377 365 1550 406 negaret

119 428 209 454 esse
238 414 280 454 in
315 412 434 454 malis
466 413 574 468 capi,
608 412 759 462 venire,
797 410 986 460 interfici,
1027 409 1203 465 patriam
1244 408 1464 449 amittere?
1497 423 1548 448 an

121 479 301 520 senatus,
319 484 414 510 cum
436 469 701 524 triumphum
725 468 928 509 Africano
958 466 1227 517 decerneret3
1262 479 1402 507 QUOD
1428 478 1592 509 EJUSb.

120 535 412 576 ⁵0V1RTUTE,
449 539 548 566 AUT
587 538 909 575 FELICITATE,
934 532 1076 579 posset
1110 522 1263 572 dicere,
1299 523 1332 562 si
1365 531 1550 578 ⁵1neque

117 583 245 623 virtus
266 581 308 622 in
328 582 432 633 ullo,
453 582 532 622 nisi
553 582 594 623 in
620 582 821 637 sapiente,
848 595 925 621 nec
954 580 1132 621 felicitas
1160 593 1253 620 vere
1273 578 1356 619 dici
1376 581 1547 634 potest?

118 653 211 694 quae
233 647 297 679 est
312 637 443 693 igitur
463 639 542 679 ista
560 638 845 695 philosophia,
878 652 973 693 quae
1003 636 1220 679 communi
1239 650 1374 685 more,
1396 636 1436 676 in
1455 637 1548 676 foro

116 694 318 749 loquitur,
351 695 393 735 in
428 695 588 747 libello,
626 697 732 736 suo?
768 694 1000 750 praesertim
1031 708 1144 743 cum,
1179 692 1296 749 quod
1324 692 1385 732 illi
1415 692 1548 733 verbis

116 751 202 791 suis
224 751 473 807 significent,
507 761 543 784 ⁵2
556 753 598 793 in
628 767 679 793 eo
710 751 813 792 nihil
843 760 1033 801 novetur,
1064 750 1116 791 de
1146 750 1246 805 ipsis
1276 749 1402 790 rebus
1428 749 1549 803 [nihil

115 808 319 863 mutetur]
355 808 515 849 eaedem
546 824 611 850 res
644 816 840 850 maneant
874 807 957 848 alio
993 806 1138 848 modo.
1197 805 1313 863 Quid
1343 806 1455 847 enim
1483 806 1546 846 in-
1560 818 1609 850 23

115 872 259 916 terest‚
291 865 468 916 divitias,
499 880 615 921 opes,
647 864 933 914 valitudinem,
964 864 1075 904 bona
1105 864 1233 914 dicas,
1267 871 1303 895 ⁵3
1315 877 1420 904 anne
1440 878 1547 918 prae—

114 920 267 976 posita,
289 936 386 962 curn
409 922 495 972 ille,
510 923 583 977 qui
606 923 685 963 ista
714 922 827 962 bona
856 920 1135 971 dicit‚·›nil1ilo
1165 920 1259 975 plus
1291 919 1354 960 his
1376 921 1550 971 tribuat,

117 992 245 1033 quam
268 988 329 1028 tu,
356 978 429 1034 qui
460 979 607 1020 eadem
638 979 711 1019 illa
739 977 963 1034 praeposita
993 977 1215 1017 nominas?
1251 978 1398 1032 Itaque
1419 977 1548 1018 homo

112 1033 154 1074 in
193 1035 337 1089 primis
375 1036 599 1091 ingenuus,
635 1045 679 1077 et
715 1035 866 1091 gravis,
906 1043 945 1066 54
961 1033 1115 1089 dignus
1155 1033 1226 1074 illa
1267 1034 1550 1075 familiaritate

116 1090 337 1146 ScipioniS,
374 1100 416 1133 et
448 1093 583 1144 Laelii,
621 1092 842 1141 Panaetius,
879 1105 976 1132 cum
1016 1090 1069 1131 ad
1108 1092 1163 1147 Q.
1189 1090 1459 1131 Tuberonem
1497 1091 1550 1132 de

115 1146 264 1189 dolore
286 1149 484 1204 patiendo
507 1150 732 1200 scriberet3
765 1147 880 1204 quod
909 1162 998 1188 esse
1029 1157 1156 1203 caput
1175 1147 1372 1197 debebat,
1394 1148 1428 1188 si
1447 1162 1548 1203 pro-

115 1203 206 1244 bari
236 1215 392 1260 posset,
416 1215 453 1238 ⁵⁵
465 1221 671 1262 nusquam
712 1205 869 1262 posuit,
903 1219 986 1245 non
1019 1219 1109 1245 esse
1139 1204 1299 1246 malum
1330 1204 1547 1245 dolorem:

118 1260 191 1300 sed
212 1261 313 1316 quid
342 1271 466 1313 esset,
496 1272 538 1303 et
569 1263 707 1318 quale,
743 1269 1034 1318 quantumque
1071 1262 1112 1302 in
1149 1275 1200 1304 eo
1232 1262 1382 1302 inesset
1412 1261 1550 1312 alieni,

118 1316 271 1358 deinde
301 1333 395 1373 quae
425 1319 532 1360 ratio
562 1327 671 1360 esset
700 1317 959 1374 perferendi:
992 1318 1112 1373 cujus
1141 1318 1327 1373 quidem,
1350 1318 1547 1373 quoniam

118 1374 286 1415 Stoicus
308 1376 402 1425 fuit,
425 1376 644 1425 sententia,
673 1375 954 1416 condemnata
983 1374 1086 1414 mihi
1117 1374 1280 1415 videtur
1308 1389 1399 1416 esse
1419 1375 1548 1416 ⁵6im-

117 1431 294 1471 manitas
315 1431 395 1471 ista
414 1432 650 1472 verborum.

173 1487 272 1537 Sed,
304 1497 352 1527 ut
384 1488 555 1542 propius
587 1488 639 1528 ad
675 1502 737 1537 ea,
772 1487 897 1536 Cato,
929 1487 1141 1537 accedam,
1179 1502 1273 1542 quae
1304 1503 1328 1528 a
1364 1497 1405 1529 te
1438 1487 1550 1529 dicta
1568 1481 1634 1529 lO

114 1552 227 1593 sunt,
269 1544 450 1599 pressius
484 1558 675 1598 agamus,
707 1558 854 1599 eaque,
895 1559 989 1599 quae
1025 1543 1153 1584 modo
1181 1544 1336 1595 dixisti,
1371 1559 1467 1585 cum
1500 1545 1549 1585 iis

113 1599 396 1650 conferamus,
429 1615 523 1656 quae
555 1601 635 1641 tuis
664 1610 890 1655 antepono.
949 1602 1057 1656 Quae
1079 1608 1176 1640 sunt
1204 1601 1335 1656 igitur
1354 1616 1548 1642 commu-
1563 1608 1615 1640 24

114 1656 184 1697 nia
203 1656 320 1697 vobis
342 1671 438 1697 cum
462 1657 658 1713 antiquis,
677 1657 740 1697 his
760 1657 818 1697 sic
848 1667 1031 1707 utamur,
1049 1657 1167 1713 quasi
1189 1658 1398 1699 concessis
1416 1675 1424 1699 :
1457 1674 1549 1713 quae

116 1713 158 1754 in
180 1715 503 1754 controversiam
525 1714 710 1764 veniunt,
733 1713 785 1754 de
805 1714 868 1764 iis,
899 1714 932 1755 si
960 1714 1112 1769 placet,
1134 1713 1401 1755 disseramus.
1461 1716 1551 1756 Mi-

116 1770 162 1810 hi
183 1785 293 1821 vero,
315 1770 466 1826 inquit,
486 1771 624 1825 placet
646 1771 715 1826 agi
737 1770 945 1823 subtilius,
965 1780 1022 1822 et,
1053 1780 1100 1811 ut
1130 1771 1218 1826 ipse
1249 1771 1404 1821 dixisti,
1435 1787 1552 1827 pres-

116 1826 217 1867 sius.
237 1842 329 1881 quae
350 1827 460 1867 enim
485 1827 622 1868 adhuc
652 1827 879 1882 protulisti,
911 1827 1129 1882 popularia
1147 1838 1268 1868 sunt:
1301 1843 1384 1884 ego
1409 1839 1551 1870 autem

120 1898 143 1923 a
163 1892 205 1923 te
222 1883 481 1938 elegantiora
502 1883 706 1924 desidero.
765 1884 806 1923 A
827 1898 950 1925 mene
980 1895 1041 1935 tu,
1072 1883 1273 1940 inquam?
1307 1885 1381 1926 sed
1411 1894 1552 1926 tamen

116 1939 264 1990 enitar,
302 1948 358 1989 et,
400 1948 434 1975 ⁵7
448 1939 481 1980 si
519 1941 656 1981 minus
695 1940 801 1980 mihi
834 1941 970 1982 multa
1001 1951 1236 1992 occurrent,
1269 1957 1353 1982 non
1387 1942 1549 1998 fugiam

117 1995 197 2035 ista
217 1996 450 2051 popularia.
510 1996 591 2037 Sed
613 1996 793 2052 primum
816 1998 1001 2052 positum
1030 1997 1097 2048 sit,
1127 2000 1410 2054 nosmetipsos
1430 2014 1549 2040 com·
1562 2003 1610 2034 25

115 2052 336 2093 mendatos
358 2068 448 2094 esse
469 2053 602 2103 nobis,
628 2053 889 2109 primamque
920 2069 969 2095 ex
1001 2064 1147 2097 natura
1168 2055 1275 2096 hanc
1298 2055 1452 2097 habere
1474 2071 1547 2112 ap·
1559 2061 1590 2125 ξ·
1610 2058 1681 2082 ¹³⁴2·

161 2240 200 2262 50
223 2231 336 2261 virtute
358 2240 410 2262 aut
421 2233 586 2274 felicitate]
613 2235 670 2265 Pro
687 2242 750 2273 aut,
770 2236 811 2265 le-

117 2276 258 2314 gendum
276 2282 321 2305 est
336 2287 381 2306 ac.

162 2325 197 2348 51
223 2329 311 2359 neque
324 2319 420 2348 virtus
435 2320 464 2347 in
478 2319 571 2360 nullo]
591 2321 679 2350 Edidi
696 2321 726 2348 in
742 2319 812 2356 ullo,

117 2361 192 2400 quia
208 2360 284 2390 nullo
301 2363 466 2392 manifeste
482 2363 632 2393 vitiosum
654 2370 684 2393 et
705 2371 813 2393 eontra

117 2413 248 2433 sensum
265 2412 320 2435 est.

161 2454 198 2476 52
224 2447 253 2475 in
278 2459 305 2475 eo
331 2446 408 2475 nihil
428 2454 562 2484 novetur,
580 2448 614 2477 de
641 2448 709 2487 ipsis
734 2449 813 2478 rebus

117 2489 194 2517 nihil
216 2496 341 2518 mutetur
356 2488 430 2529 δῖα]
456 2491 575 2521 Eadem
602 2501 649 2522 res
671 2499 714 2521 ter
737 2492 814 2523 dici-

118 2539 178 2561 tur.
196 2533 299 2571 itaque
321 2533 377 2562 viri
401 2534 532 2571 quidam
555 2535 638 2564 docti
660 2536 712 2564 hic
733 2535 815 2574 gios-

118 2582 239 2604 semata
278 2576 431 2615 irrepsisse
463 2584 584 2616 putant.
632 2578 698 2616 Ego
728 2577 819 2607 facile

119 2627 255 2656 agnosco
270 2618 408 2657 glossam
425 2620 457 2649 in
474 2627 600 2649 mutetur
616 2631 731 2660 nempe
747 2631 814 2651 ver-

120 2660 152 2689 bi
179 2668 311 2691 novetur.
341 2662 446 2700 itaque
470 2663 601 2693 delerim
626 2664 703 2692 nihil
722 2670 813 2693 mute-

119 2708 178 2732 tur.

163 2746 418 2787 53-annepraep.]
443 2747 584 2778 Delerim
604 2759 651 2786 ne,
667 2750 754 2789 quod
769 2750 814 2781 sic

122 2787 192 2816 addi
209 2789 241 2817 in
256 2789 350 2819 altera
365 2796 450 2828 parte
466 2800 532 2820 non
544 2791 633 2821 solet.

166 2837 204 2859 54
228 2831 329 2870 dignus
352 2832 629 2872 illasamiliaritate
646 2832 742 2873 Scip.]
761 2834 814 2863 illa

120 2878 165 2902 est
192 2880 266 2903 nota
292 2881 323 2903 et
352 2875 494 2906 multum
524 2876 620 2906 literis
647 2877 814 2908 celebrata.

856 2236 909 2265 sed
923 2235 1035 2265 malim
1052 2235 1112 2266 ille.

901 2286 938 2308 55
962 2289 1102 2320 nusquam
1118 2276 1232 2318 posuit]
1259 2279 1310 2308 Sic
1325 2288 1342 2308 e
1356 2278 1418 2309 ΜΞ.
1436 2279 1553 2311 Εἰίεηςὶ

857 2321 938 2351 bene
955 2321 1101 2351 Davisius
1118 2322 1211 2351 edidit
1227 2332 1282 2361 pro
1298 2333 1465 2362 numquam.

902 2370 940 2394 56
964 2365 1130 2393 immanitas
1147 2365 1201 2393 ista
1222 2364 1387 2402 verborum]
1409 2365 1459 2395 SC.
1475 2375 1552 2403 cum

856 2407 967 2436 dicunt
982 2407 1125 2437 dolorem
1141 2417 1205 2437 non
1223 2418 1288 2438 esse
1311 2408 1449 2444 malum,
1466 2410 1553 2447 quod

856 2450 896 2479 ab
926 2451 1072 2480 humano
1098 2460 1191 2480 sensu
1217 2452 1372 2480 abhorret.
1397 2461 1474 2481 nam
1499 2452 1554 2482 im-

858 2494 983 2522 manitas
995 2495 1166 2533 opponitur
1180 2494 1367 2523 humanitati.

903 2543 938 2570 57
965 2537 989 2565 δι’
1005 2537 1098 2565 minus
1114 2536 1184 2565 mihi
1201 2538 1292 2566 multa
1311 2537 1468 2575 occurrent]
1490 2537 1554 2567 Da-

863 2579 959 2609 visius
976 2581 1104 2618 conjicit
1127 2580 1219 2608 minus
1237 2580 1327 2616 culta,
1346 2581 1364 2609 i.
1383 2590 1409 2609 e.
1428 2580 1555 2619 elegan-

858 2623 912 2652 tia.
957 2622 1017 2652 Sed
1052 2633 1118 2653 non
1149 2630 1194 2652 est
1233 2633 1380 2653 necesse:
1420 2623 1553 2662 intelligi

857 2673 958 2704 potest
984 2675 1001 2695 e
1024 2666 1175 2705 superiori
1203 2665 1390 2705 elegantiora,
1422 2668 1446 2695 si
1477 2668 1553 2704 quid

857 2710 1080 2748 corrigendum
1111 2710 1162 2744 sit,
1193 2710 1306 2739 malim
1330 2708 1421 2738 multa
1447 2709 1553 2739 deleri.

858 2751 894 2780 Si
924 2753 1016 2781 minus
1039 2758 1184 2781 occurrent
1207 2761 1250 2782 sc.
1275 2753 1328 2781 illa
1351 2752 1554 2790 elegantiora,

858 2804 930 2833 quae
954 2802 988 2824 tu
1012 2796 1175 2826 desideras.
1222 2796 1259 2825 ln
1284 2796 1436 2834 principio
1457 2804 1510 2833 pro
1528 2802 1555 2827 rt

858 2836 989 2876 legerim
1008 2838 1063 2867 sed.

855 2932 930 2973 Ν3
