1778 3095
222 147 309 192 492.
610 143 688 182 nn
714 142 984 182 NATURA
1011 143 1284 183 DEORUM

219 251 433 294 mundum
463 251 626 294 ratione
656 251 719 294 uti
747 260 959 309 putemus,
981 262 1019 286 2³
1035 268 1087 295 ne
1113 268 1189 297 cur
1208 254 1462 297 animantem
1484 253 1655 311 quidem

219 322 324 350 esse.
383 310 485 350 Non
518 319 583 350 est
614 309 743 365 igitur
770 311 954 353 mundus
985 311 1111 353 deus:
1143 319 1185 353 et
1214 321 1356 353 tamen
1387 311 1490 352 nihil
1516 321 1581 354 est
1602 327 1655 354 eo

218 365 386 407 melius.
425 366 531 407 nihil
564 375 628 406 est
659 367 770 408 enim
804 382 856 409 eo
890 368 1089 423 pulcriuS,
1124 368 1229 410 nihil
1264 368 1385 410 nobis
1418 368 1653 420 salutarius,

218 422 322 463 nihil
344 423 530 464 ornatius
550 422 767 478 adspectu,
784 433 989 479 motuque
1010 426 1285 467 constantius.
1326 424 1457 482 Ouod
1477 425 1511 465 si
1529 439 1655 466 mun-

217 478 297 520 dus
315 480 544 543 universus,
567 495 651 520 non
672 489 735 521 est
755 480 874 530 deus,
896 494 945 520 ne
966 480 1098 523 stellae
1129 482 1316 537 quidem,
1337 496 1439 537 quas
1458 490 1506 522 tu
1526 481 1652 522 innu-

214 536 476 577 merabiles
465 552 509 577 m
539 536 715 578 deorum
750 550 926 578 numero
958 539 1203 592 imeponebas
1234 554 1411 595 quarum
1435 547 1476 579 te
1503 551 1652 579 cursus

215 592 457 657 aequabiles,
495 594 723 648 aeternique
760 593 1053 634 delectabant:
1097 609 1174 636 nec
1208 596 1450 637 mehercule
1483 594 1650 650 injuria.

150 653 202 687 24
216 657 314 690 sunt
351 650 463 690 enim
503 649 754 700 admirabili,
788 648 1107 705 incredibilique
1141 653 1386 693 constantia.
1446 651 1530 692 Sed
1564 665 1650 692 non

132 709 201 756 10
214 719 370 756 omnia,
404 705 549 755 Balbe,
577 721 671 760 quae
707 720 853 746 cursus
885 714 1038 755 certos,
1067 714 1109 746 et
1138 718 1377 749 constantes
1408 708 1579 758 habent,
1600 721 1651 748 ea

212 761 294 803 deo
325 763 466 817 potius
498 761 721 802 tribuenda
750 770 863 811 sunt,
891 775 1018 817 quam
1049 771 1224 804 naturae.
1282 764 1399 821 Ouid
1419 773 1457 797 24
1476 764 1648 805 Chalci-

210 818 307 860 dico
329 818 515 874 Euripo'
507 833 548 858 in
565 827 688 858 motu
706 793 936 859 identidem
957 819 1258 875 reciprocando
1277 830 1400 875 putas
1423 822 1508 862 fieri
1523 834 1648 877 posse

166 884 199 914 b.
211 875 497 916 constantius:
532 874 636 932 quid
664 875 774 916 freto
804 875 1036 917 Siciliensi?
1070 877 1172 932 quid
1193 877 1355 919 Oceani
1373 877 1534 919 fervore
1563 877 1646 919 illis

209 932 251 972 in
272 931 391 982 locis,

313 1024 484 1074 Europam
506 1021 714 1073 Libyamque
732 1032 845 1073 rapax
861 1022 920 1060 ubi
938 1022 1066 1060 dividit
1084 1023 1177 1061 unda
1193 1027 1216 1060 ,θ

205 1105 346 1162 Quid
338 1107 352 1135 ³
390 1115 517 1148 aestus
538 1105 752 1157 maritimi,
775 1106 836 1147 vel
866 1105 1183 1162 Hispanienses,
1204 1107 1267 1148 vel
1295 1107 1540 1159 Britannici,
1569 1122 1643 1150 eo-

204 1177 383 1218 rumque
404 1163 528 1204 certis
557 1162 822 1218 temporibus
841 1163 904 1204 vel
924 1177 1129 1213 accessus,
1151 1163 1213 1204 vel
1234 1178 1435 1215 recessus,
1452 1166 1539 1206 sine
1560 1165 1642 1208 deo

204 1228 243 1252 2⁵
260 1219 348 1260 fieri
368 1235 506 1261 nonne
528 1221 730 1283 possunt?
762 1219 888 1271 Vide,
909 1235 1069 1274 quaeso,
1088 1220 1122 1261 si
1143 1221 1280 1261 omnis
1300 1230 1456 1271 motus,
1479 1223 1643 1264 omnia-

203 1290 301 1331 que,
323 1292 417 1332 quae
439 1277 564 1318 certis
585 1275 845 1331 temporibus
867 1276 1055 1317 ordinem
1078 1292 1202 1318 suum
1223 1288 1481 1329 conservant,
1503 1278 1642 1320 divina

202 1339 242 1364 26
256 1333 451 1383 dicimus,
472 1348 524 1374 ne
554 1333 751 1375 tertianas
777 1332 946 1389 quidem
977 1333 1127 1385 febres,
1149 1343 1192 1375 et
1223 1344 1461 1390 quartanas,
1482 1334 1559 1375 dix
1550 1350 1640 1377 mas

200 1404 294 1431 esse
323 1390 550 1431 dicendum
580 1388 648 1441 sit,
669 1404 847 1446 quarum
878 1390 1112 1431 reversione
1142 1401 1185 1431 et
1212 1400 1335 1432 motu
1366 1391 1468 1447 quid
1499 1400 1640 1447 potest

200 1460 290 1487 esse
312 1447 602 1488 constantius?
636 1446 718 1488 Sed
740 1447 930 1488 omnium
951 1447 1100 1488 talium
1120 1462 1258 1488 rerum
1288 1449 1395 1489 ratio
1424 1448 1639 1490 reddenda

134 1520 182 1552 25
199 1511 276 1544 cst.
335 1503 468 1546 Quod
486 1518 556 1544 vos
578 1518 676 1544 cum
704 1504 844 1550 facere
873 1518 958 1544 non
987 1504 1182 1559 potestiS,
1202 1514 1421 1562 tamquam
1441 1505 1483 1546 in
1505 1520 1636 1557 aram,

198 1567 236 1596 27
249 1561 481 1617 confugitis
503 1560 556 1601 ad
576 1560 719 1602 deum.

252 1619 308 1658 Et
332 1617 598 1673 Chrysippus
629 1616 707 1658 tibi
735 1624 859 1658 acute
880 1617 1019 1658 dicere
1037 1617 1271 1666 videbatur,
1291 1616 1422 1658 homo
1443 1617 1531 1658 sine
1552 1617 1633 1658 du-

192 1673 265 1714 bio
286 1683 491 1724 versutus,
514 1682 557 1714 et
584 1673 788 1715 callidus:
825 1676 1028 1727 (versutos
1050 1688 1123 1715 eos
1145 1674 1326 1729 appello,
1348 1689 1527 1729 quorum
1560 1688 1631 1715 ce-

192 1730 334 1771 leriter
370 1744 490 1771 mens
523 1738 732 1771 v:ersatur
776 1730 950 1771 callidos
985 1739 1143 1781 autem,
1179 1745 1375 1794 quorum,
1412 1738 1631 1794 tamquam

191 1801 342 1828 manus
364 1801 508 1851 opere,
530 1786 588 1827 sic
609 1786 773 1828 animus
791 1802 870 1828 usu
891 1787 1118 1828 concalluit
1129 1789 1153 1840 z)
1190 1788 1230 1827 Is
1251 1787 1394 1841 igitur,
1416 1787 1450 1827 si
1470 1787 1632 1843 aliquid

191 1851 268 1894 est,
290 1843 442 1899 inquit,
464 1842 580 1899 quod
602 1843 732 1884 homo
762 1843 925 1884 efficere
946 1858 1029 1884 non
1050 1844 1198 1898 possit,
1220 1844 1293 1907 qui
1313 1843 1356 1883 id
1377 1843 1632 1894 efficit,1ne-

188 1900 270 1941 lior
302 1909 366 1940 est
397 1900 583 1940 homine.
642 1901 791 1941 Homo
821 1911 963 1941 autem
997 1900 1104 1950 haec,
1126 1915 1219 1955 quae
1253 1915 1295 1939 m
1326 1899 1490 1941 mundo
1516 1908 1629 1952 sunt,

188 1956 353 1997 efficere
386 1971 471 1997 non
506 1964 662 2012 potest.
702 1956 774 2012 qui
809 1957 949 2012 potuit
987 1956 1131 2011 igitur,
1166 1956 1201 1997 is
1240 1965 1411 2011 praestat
1448 1956 1627 1998 homini.

186 2013 368 2053 Homini
402 2021 545 2054 autem
578 2023 777 2068 praestare
812 2013 905 2069 quis
938 2013 1088 2069 possit,
1119 2013 1198 2054 nisi
1231 2013 1367 2054 deus?
1400 2023 1464 2054 est
1495 2013 1629 2068 igitur

187 2068 306 2110 deus.
367 2071 475 2111 Haec
496 2070 639 2110 omnia
667 2070 709 2111 in
738 2070 905 2120 eodem,
929 2084 1014 2126 quo
1045 2069 1117 2110 illa
1149 2069 1349 2121 Zenonis,
1368 2084 1508 2110 errore
1534 2085 1627 2111 ver-

121 2129 175 2167 26
187 2135 343 2167 santur.
403 2125 521 2168 Quid
541 2126 654 2167 enim
676 2126 730 2168 sit
750 2127 917 2177 melius,
938 2126 1039 2183 quid
1069 2126 1364 2182 praestabiliUS,
1384 2126 1488 2183 quid
1518 2127 1626 2169 inter

224 2280 263 2304 23
281 2284 314 2302 ne
331 2284 381 2303 cur
403 2273 579 2303 animantem
602 2271 732 2314 quidem]
751 2272 879 2313 Vulgati
923 2273 960 2303 de
977 2273 1053 2303 freto
1069 2272 1224 2303 Siciliensi
1240 2282 1270 2304 v.
1287 2273 1371 2303 idem
1387 2273 1517 2303 Vossius
1533 2272 1553 2303 l.
1571 2283 1600 2303 c.

178 2328 229 2346 mc
242 2329 252 2355 3
275 2318 328 2347 sed
354 2316 467 2346 ultima
482 2316 571 2346 litera
586 2326 602 2346 e
617 2323 769 2356 sequente
783 2317 880 2347 verbo
967 2316 1088 2355 ‘zsfleri
1103 2327 1191 2346 nonne
1199 2322 1317 2355 possunt
1330 2315 1360 2354 Ρ]
1389 2316 1467 2346 Puto
1481 2315 1621 2346 scriben-

178 2361 323 2396 adhaesit,
340 2370 405 2390 non
427 2360 509 2390 bene
532 2359 668 2390 latinum
685 2366 731 2390 est
745 2370 795 2388 nec
816 2359 880 2402 qui·
923 2359 1001 2389 dum
1018 2368 1084 2389 esse
1100 2369 1162 2389 non.

179 2403 252 2432 dem.
269 2404 345 2433 vidit
361 2411 391 2432 et
406 2403 593 2433 Lambinus.
964 2407 1004 2431 26
1020 2401 1153 2438 dicimus,
1170 2412 1204 2430 ne
1226 2400 1366 2430 tertianas
1386 2399 1555 2441 quidemf]
1575 2400 1620 2430 di-

223 2453 263 2476 24
284 2445 449 2475 Chalcidico
466 2441 807 2485 Euripo—constantius]
828 2444 876 2474 Sc.
921 2445 1009 2474 cimus
1033 2446 1152 2474 habent
1173 2444 1250 2473 Mss.
1267 2444 1350 2483 apud
1374 2444 1555 2480 Davrsium,
1573 2450 1620 2474 et-

179 2490 330 2519 traditum
353 2496 410 2525 est,
428 2489 540 2528 septies
562 2487 696 2526 singulis
712 2488 822 2517 diebus
846 2493 876 2516 et
920 2488 984 2517 iam
1003 2487 1110 2517 Guelf.
1134 2488 1210 2516 item
1230 2487 1299 2516 edd.
1315 2493 1390 2517 vett.
1412 2487 1528 2526 plures,
1551 2497 1617 2516 non

177 2531 325 2562 noctibus
348 2532 532 2570 reciprocari
555 2532 723 2569 Euripum.
770 2530 874 2559 Livius
920 2537 955 2560 ut
980 2530 1099 2568 vulgati
1124 2538 1211 2559 nunc
1236 2528 1375 2558 ducimus.
1422 2530 1484 2559 Ms.
1510 2530 1543 2559 in
1570 2540 1616 2560 m.

176 2575 240 2605 hoc
262 2574 400 2613 negavit,
425 2581 466 2610 et,
490 2581 609 2603 temere
632 2573 732 2602 ventis
752 2573 875 2611 jactari,
919 2574 968 2602 ed.
994 2574 1027 2603 L.
1043 2572 1176 2602 dicemus.
1201 2579 1271 2602 tum
1296 2582 1350 2611 pro
1374 2571 1488 2613 quidem
1510 2572 1617 2612 legen-

176 2618 254 2647 dixit
280 2618 314 2646 L.
340 2624 393 2652 28,
417 2625 445 2647 c.
469 2622 498 2646 6.
527 2617 587 2646 sed·
603 2626 633 2646 v.
660 2615 810 2646 Vossium
836 2615 874 2644 ad
919 2617 997 2645 dum
1014 2624 1080 2645 esse
1096 2626 1204 2656 quoque
1219 2614 1269 2644 vel
1292 2615 1360 2644 ium
1382 2625 1494 2646 sensus
1509 2616 1614 2652 docet,

175 2661 298 2690 Melam
324 2660 349 2695 1,
370 2665 419 2694 74.
444 2668 474 2698 p.
491 2669 536 2689 m.
561 2666 634 2691 510.
657 2659 706 2688 ed.
731 2659 873 2687 Gronov.
916 2665 947 2687 et
961 2659 1017 2688 viri
1035 2659 1117 2688 docti
1134 2659 1259 2688 dudum
1277 2659 1437 2695 viderunt,
1454 2659 1614 2698 ediditque

173 2705 228 2742 qui
257 2704 360 2739 docet,
383 2712 460 2732 eum
485 2702 531 2731 bis
554 2701 687 2740 singulis
709 2701 819 2730 diebus
842 2706 873 2729 et
915 2713 1025 2743 quoque
1041 2701 1228 2731 Lambinus.

174 2746 320 2777 noctibus
343 2746 539 2785 reciprocari,
557 2751 593 2774 ut
608 2744 669 2774 alia
691 2745 801 2779 maria,
818 2744 870 2773 sed
959 2751 996 2779 27
1025 2743 1193 2784 corfiaegitisj
1221 2744 1271 2774 Sic
1296 2754 1351 2784 pro
1377 2743 1544 2783 coffugistis
1568 2743 1614 2773 le-

172 2797 204 2820 et
219 2792 335 2821 Austro
350 2795 380 2819 et
396 2789 539 2818 maxime
555 2788 638 2817 Euro
654 2794 690 2817 ut
705 2787 766 2817 alia
780 2788 869 2821 freta,
914 2788 1055 2827 gendum
1071 2797 1149 2823 esse,
1166 2797 1212 2817 res
1236 2788 1302 2827 ipsa
1324 2788 1425 2818 docet.
1440 2793 1470 2817 et
1485 2787 1530 2816 sic
1546 2787 1612 2817 edi-

173 2834 217 2862 ita
231 2833 352 2872 agitari,
369 2839 405 2862 ut
419 2832 478 2861 diei
494 2832 596 2871 spatio
615 2831 787 2869 aliquando
802 2840 871 2869 sep·
914 2831 959 2862 dit
973 2841 990 2861 e
1006 2830 1069 2861 Ms.
1086 2831 1244 2861 Davisius.

173 2877 229 2907 ties
251 2885 383 2907 cursum
411 2882 526 2913 mutet,
550 2883 720 2915 nunquam
742 2874 871 2913 saepius.
