1778 3095
235 154 313 186 552
655 145 732 184 DE
778 145 1216 185 DIVINATIONE

237 266 282 298 et
311 256 507 314 Phrygiis
536 255 729 296 cantibus
759 254 1011 296 incitantur:
1040 257 1197 297 multos
1228 267 1414 305 nemora,
1439 254 1661 312 silvaeque}

238 313 395 354 multos
431 327 588 362 amneS,
625 319 699 352 aut
732 311 862 352 maria
898 321 1193 353 commovent:
1225 326 1404 367 quorum
1440 312 1665 353 furibunda

239 384 357 467 rplens
388 370 499 411 videt
528 377 625 409 ante
654 367 803 419 multo,
834 383 927 423 quae
957 369 1099 409 futura
1132 377 1241 409 sunt.
1300 369 1400 424 Quo
1430 367 1482 409 de
1511 381 1664 424 genere

239 442 253 468 ι
287 441 311 467 a
331 434 442 475 sunt,

347 504 451 544 Eheu,
470 502 605 547 ‘videte3
626 502 804 550 judicavit
822 502 1151 551 irzcbstumjadiciam

346 559 438 594 Inter
454 556 532 593 deas
553 567 617 592 tres
635 556 759 607 aliquis
772 572 783 592 .·
817 569 879 606 quo
887 555 1016 602 judicio
1045 564 1083 587 50
1100 557 1351 594 Lacedaemania

349 610 494 653 IvIulier,
501 610 681 658 furiarum
701 623 783 652 una,
804 608 973 644 adveniet.

241 685 406 728 Eodem
437 684 547 725 enim
582 682 713 723 modo
749 680 883 722 multa
912 695 936 721 a
972 680 1290 724 vaticinantibus
1325 696 1434 738 saepe
1468 680 1670 738 praedicta

242 750 354 793 sunt,
375 754 511 796 neque
533 739 671 780 solum
691 737 839 788 verbis,
861 737 934 778 sed
956 737 1083 778 etiarn

354 820 514 862 Wrsibu',
531 831 611 868 quos
629 817 704 853 olim
723 818 848 861 Fauni,
869 824 1030 868 vatesque
1047 817 1222 855 canebant.

157 898 228 930 115
244 895 445 938 Similiter
464 891 668 941 Marcius,
701 898 744 931 et
766 890 977 932 Publicius
1002 901 1115 933 vates
1137 891 1334 933 cecinisse
1355 890 1563 933 dicuntur.
1613 905 1671 934 uo

243 967 266 994 e
287 964 456 1007 genere,
476 947 684 1003 Apollinis
705 957 852 1002 operta
878 947 1040 1003 prolata
1061 957 1171 989 sunt.
1233 946 1372 989 Credo
1394 947 1520 989 etiam
1542 963 1592 989 an
1626 962 1670 989 e-

244 1009 343 1050 litus
373 1004 579 1062 quosdam
609 1003 738 1044 fuisse
767 1013 985 1055 terrarum,
1017 1006 1168 1060 quibus
1198 1004 1350 1045 inflatae
1380 1014 1542 1046 mentes
1578 1019 1673 1045 ora-

164 1063 230 1113 51
247 1065 342 1106 cula
376 1061 614 1104 funderent.
672 1060 816 1116 Atque
846 1060 936 1101 haec
966 1060 1136 1116 quidem
1167 1070 1306 1102 vatum
1337 1061 1443 1102 ratio
1473 1069 1563 1102 est:
1598 1074 1674 1100 nec

245 1119 459 1163 dissimilis
488 1132 586 1158 sane
615 1117 888 1157 somniorum.
921 1132 1016 1157 nam
1048 1132 1142 1173 quae
1172 1117 1440 1172 vigilantibus
1478 1116 1676 1158 accidunt

245 1178 423 1227 vatibus,
456 1175 602 1215 eadem
640 1173 760 1214 nobis
795 1172 1114 1214 dormientibus.
1145 1174 1258 1229 viget
1291 1173 1403 1214 enim
1437 1174 1598 1214 animus
1632 1172 1675 1213 in

245 1233 419 1282 somnis,
451 1240 486 1264 ⁵1
506 1232 693 1285 liberque
720 1229 907 1270 sensibus
928 1230 981 1270 ab
1011 1231 1129 1271 omni
1163 1229 1436 1285 impeditione
1463 1243 1674 1279 curarum,

238 1292 409 1348 jacente
438 1297 480 1328 et
510 1295 679 1328 mortuo
710 1300 828 1341 paene
859 1300 1049 1341 corpore.
1107 1286 1193 1343 Qui
1224 1287 1322 1342 quia
1350 1286 1450 1326 vixit
1479 1286 1531 1326 ab
1561 1284 1677 1326 omni

245 1346 492 1394 aeternitate,
532 1352 799 1398 versatusque
848 1352 912 1383 est
956 1357 1054 1383 cum
1094 1342 1467 1383 innumerabilibus
1511 1341 1675 1391 animis,

246 1403 402 1453 omnia,
424 1416 517 1457 quae
542 1400 584 1440 in
615 1408 763 1440 natura
792 1413 932 1440 rerum
954 1408 1065 1450 sunt,
1086 1399 1210 1450 videt,
1232 1400 1266 1440 si
1286 1398 1417 1440 modo
1437 1397 1677 1454 temperatis

246 1460 352 1501 escis
381 1457 644 1511 modicisque
673 1455 916 1511 potionibus
947 1455 1004 1496 ita
1033 1464 1097 1497 est
1126 1456 1316 1505 affectus,
1336 1463 1384 1497 ut
1414 1454 1552 1509 sopito
1582 1468 1677 1494 cor-

161 1518 236 1555 116
247 1531 349 1573 pore
379 1516 467 1570 ipse
499 1513 658 1569 vigilet.
682 1513 772 1553 haec
794 1512 1040 1553 somniantis
1059 1521 1122 1553 est
1143 1512 1358 1553 divinatio.
1417 1512 1502 1552 Hic
1523 1523 1680 1566 magna

247 1572 441 1631 quaedam
465 1569 663 1619 exoritur,
685 1583 822 1624 neque
843 1584 892 1610 ea
920 1569 1133 1620 naturalis,
1156 1569 1227 1609 sed
1249 1568 1472 1610 artificiosa
1491 1566 1677 1608 somnio-

244 1645 340 1672 rum
374 1625 651 1682 Antiphontis
683 1625 995 1681 interpretatio:
1025 1625 1259 1680 eodemque
1288 1624 1418 1665 modo
1449 1632 1493 1664 et
1525 1636 1677 1663 oracu-

244 1687 384 1728 lorum
404 1692 445 1725 et
465 1682 819 1723 vaticinationum.
844 1691 881 1714 ⁵2
896 1691 994 1722 sunt
1009 1682 1119 1722 enim
1138 1681 1441 1736 explanatores,
1460 1687 1508 1720 ut
1523 1679 1678 1719 Gram-

245 1742 390 1784 matici
411 1745 647 1796 poetarum.
709 1739 824 1778 Nam
846 1748 892 1779 ut
924 1753 1086 1788 aurum,
1107 1747 1148 1779 et
1170 1747 1406 1792 argentum,
1430 1751 1500 1783 aes,
1521 1735 1679 1775 ferrum

249 1800 401 1840 frustra
433 1804 579 1837 natura
608 1794 745 1835 divina
764 1795 994 1850 genuisset,
1016 1794 1093 1834 nisi
1113 1793 1259 1834 eadem
1281 1792 1508 1842 docuisset,
1529 1805 1680 1846 quem-

249 1854 481 1897 admodum
512 1851 564 1892 ad
593 1865 741 1891 eorum
772 1866 892 1892 venas
924 1850 1231 1905 perveniretur:
1266 1864 1342 1889 nec
1371 1848 1513 1903 fruges
1543 1857 1679 1898 terrae,

249 1913 451 1953 baccasve
491 1908 688 1950 arborum
730 1922 827 1948 cum
870 1907 1050 1948 utilitate
1084 1906 1171 1946 ulla
1209 1905 1352 1961 generi
1388 1904 1574 1945 humano
1606 1903 1680 1944 de-

207 1976 241 2007 b.
253 1969 396 2017 disset,
427 1965 505 2006 nisi
535 1979 678 2005 earum
709 1964 847 2005 cultus
884 1971 920 1995 ⁵3
938 1972 980 2004 et
1009 1962 1272 2003 conditiones
1302 1961 1561 2002 tradidisset:
1593 1973 1682 2000 ma-

252 2025 404 2067 teriave
436 2021 536 2078 quid
558 2020 739 2076 juvaret,
768 2020 846 2060 nisi
871 2019 1146 2060 confectionis
1175 2019 1266 2074 ejus
1286 2017 1486 2059 fabricam
1507 2016 1682 2057 habere-

255 2078 378 2122 mus?
413 2079 471 2119 sic
491 2092 588 2118 cum
611 2077 727 2117 omni
753 2076 948 2126 utilitate,
969 2091 1095 2132 quam
1121 2074 1178 2115 dii
1205 2074 1444 2115 hominibus
1464 2073 1684 2122 dederunt,

252 2153 317 2179 ars
353 2134 491 2192 aliqua
523 2132 751 2190 conjuncta
781 2144 857 2184 est,
897 2148 971 2188 per
1005 2146 1131 2187 quam
1168 2132 1239 2172 illa
1273 2131 1431 2172 utilitas
1471 2138 1509 2162 ⁵4
1525 2128 1683 2185 percipi

251 2194 398 2250 possit.
458 2192 566 2231 Item
595 2189 725 2244 igitur
746 2189 933 2238 somniis,
954 2187 1331 2238 vaticinationibus,
1352 2186 1546 2235 oraculis,
1567 2183 1682 2240 quod

252 2258 371 2292 erant
391 2247 526 2289 multa
546 2246 740 2297 obscura,
763 2246 898 2287 multa
916 2245 1132 2301 ambigua,
1155 2243 1465 2300 explanationes
1485 2241 1683 2283 adhibitae

255 2317 353 2349 sunt
375 2307 663 2359 interpretum.
1057 2332 1064 2339 .

171 2368 242 2408 117
312 2365 412 2420 Quo
442 2359 570 2401 modo
599 2367 741 2400 autem
772 2367 845 2399 aut
874 2367 999 2409 vateS,
1035 2366 1107 2399 aut
1142 2356 1396 2397 somniantes
1426 2368 1475 2394 ea
1504 2352 1683 2402 videant,

256 2435 350 2476 quae
376 2431 584 2481 nusquam
605 2415 731 2456 etiam
754 2425 854 2456 tunc
883 2415 978 2465 sint,
1000 2428 1155 2478 magna
1177 2412 1353 2468 quaestio
1374 2419 1450 2451 est.
1511 2408 1594 2449 Sed
1612 2422 1684 2448 ex-

255 2476 419 2532 plorata
448 2488 481 2513 Sl
512 2472 594 2514 sint
623 2486 684 2522 ea,
716 2486 809 2527 quae
840 2481 936 2512 ante
966 2486 1096 2527 quaer1
1122 2470 1328 2510 debeant:
1361 2467 1442 2508 sint
1461 2466 1568 2516 haec,
1591 2479 1684 2521 quae

302 2583 340 2606 50
366 2574 470 2604 Laced.
495 2571 614 2612 mulier]
636 2572 771 2609 Helena,
789 2582 885 2611 quam
904 2572 950 2601 fu·
990 2571 1082 2608 jungi
1100 2578 1174 2599 cum
1192 2569 1451 2608 praecedentibus,
1467 2567 1585 2597 omisso
1601 2565 1684 2597 enim.

259 2620 337 2650 riam
365 2617 499 2656 appellat
528 2617 568 2645 ob
600 2615 770 2653 perniciem
802 2625 854 2654 per
880 2624 951 2643 eam
995 2614 1047 2642 sed
1065 2612 1142 2641 illud
1159 2612 1284 2642 melius.

259 2662 362 2699 Trojae
379 2660 511 2689 illatam.
1039 2662 1076 2685 523
1102 2661 1129 2683 et
1148 2653 1328 2692 conditiones]
1350 2654 1438 2683 Modi
1454 2662 1562 2682 earum
1579 2651 1685 2682 condi-

307 2712 341 2734 51
369 2702 439 2732 liber
461 2701 583 2730 sensibus
606 2700 642 2728 ab
663 2700 738 2728 omni
760 2699 780 2729 ι’.
800 2699 840 2737 a]
868 2699 952 2728 Bene
995 2698 1162 2733 endarum,
1180 2705 1215 2727 ut
1235 2698 1304 2727 cibo
1328 2703 1431 2727 essent
1445 2696 1575 2735 aptiores
1590 2694 1686 2732 etju-

260 2747 408 2779 Davisius
425 2746 549 2781 corrigit
563 2751 589 2772 et
605 2744 695 2772 omni
712 2743 731 2771 i.
749 2752 777 2771 c.
996 2741 1171 2770 cundiores.

306 2797 343 2820 52
367 2795 430 2817 sunt
447 2787 520 2816 enim
530 2784 738 2825 explanatores]
755 2784 886 2814 Videtur
897 2783 952 2812 ali·
1041 2791 1078 2814 54
1097 2783 1211 2824 percipi
1242 2780 1349 2823 possit]
1388 2782 1478 2813 Forte
1513 2780 1685 2820 legendum

261 2833 337 2871 quid
361 2832 478 2865 deesse,
506 2837 537 2858 ut
564 2828 751 2858 somniorum:
774 2827 827 2857 sed
854 2833 954 2865 potest
991 2833 1093 2867 posset.

262 2875 394 2916 intelligi
418 2884 523 2910 eorum,
549 2871 598 2902 vel
623 2877 724 2911 potest
749 2877 852 2901 totum
879 2879 954 2909 con·
1088 2868 1090 2871 ’
