1778 3095
597 84 775 122 LIBER
803 81 1141 121 SECUNDUS.
1207 104 1210 105 ν
1513 84 1593 126 295

214 189 418 229 Pedetcntim
440 190 598 242 (inquit)
619 191 675 233 ite,
695 200 727 228 et
742 189 856 228 sedato
873 190 962 234 nisu,
979 202 1020 227 ne
1032 201 1191 226 succussu
1210 187 1356 238 arripiat
1374 188 1480 234 major
1493 186 1594 224 dolor.

162 263 363 306 Pacuvius
397 265 487 305 haec
522 264 686 313 melius,
722 279 849 320 quam
889 263 1135 319 Sophocles.
1172 261 1286 318 apud
1324 261 1445 302 illum
1479 261 1657 314 enim49

194 336 366 378 erquam
405 321 597 362 flebiliter
637 321 815 377 Ulysses
851 320 1109 385 lamentatur
1146 319 1190 360 in
1227 318 1420 359 vulnere:
1451 325 1594 359 tamen

162 334 261 419 {uic
280 378 422 419 leviter
437 377 639 432 gementi,
670 378 731 419 illi
764 377 858 432 ipsi,
892 377 965 433 qui
1003 377 1144 418 ferunt
1172 375 1378 427 saucium,
1404 387 1594 430 personae

159 434 407 490 gravitatem
427 434 652 487 intuentes,
672 449 754 476 non
776 434 1024 475 dubitarunt
1043 433 1207 474 dicere:

268 525 320 562 Tu
337 539 474 576 quoque,
496 526 640 575 U?ysses‚
658 539 861 577 quamquam
876 526 1037 575 graviter
1054 526 1215 562 cernimus
1232 524 1347 568 ictum,
1603 526 1635 557 P·
1652 523 1723 550 186,

263 578 377 615 Nimis
389 590 488 629 pane
503 581 612 616 animo
630 594 662 616 es
682 581 783 624 molli,
802 587 838 610 83
853 581 910 631 qui
928 586 1099 616 consuetus
1118 579 1153 616 in
1172 579 1276 615 armis
1293 591 1412 614 aevum
1429 589 1540 627 agere.

160 651 365 707 Intelligit
387 659 515 708 poeta
535 654 732 709 prudens,
754 653 913 695 ferendi
934 652 1091 694 doloris
1117 652 1482 702 consuetudinem,
1505 664 1596 692 esse

157 722 241 749 non
263 711 615 751 contemnendam
637 712 900 767 magistram.
959 710 1103 767 Atque
1123 710 1193 751 ille
1214 724 1298 752 non
1318 708 1594 751 immoderate
1607 717 1662 750 50

158 779 316 820 magno
336 766 378 806 in
400 766 563 819 dolore,

264 858 424 900 Batiam,
444 866 559 903 tenete,
577 860 760 910 opprimite,

266 912 368 948 Ulcus
388 912 525 949 nudate.
541 913 601 950 heu
621 914 774 950 miserum
794 927 843 949 mc
858 916 871 948 ,Ι
900 912 1081 950 meracior.

158 983 312 1040 Incipit
332 985 416 1026 labi
435 1002 444 1026 z
476 985 625 1026 deinde
647 986 760 1027 illico
782 985 950 1037 desinit,

269 1076 418 1125 Operite,
434 1076 618 1118 abscedite,
629 1077 778 1124 yzmjam
798 1077 930 1114 mittite

266 1130 359 1166 Nam
377 1138 574 1173 attrectatu,
594 1141 625 1167 ιτ
643 1144 769 1181 quassu
788 1145 923 1168 saevum
940 1129 1045 1181 ampl
1035 1128 1158 1177 ficatzs
1178 1128 1330 1166 dolorem

156 1202 355 1252 Videsne,
376 1212 425 1244 ut
444 1203 705 1244 obmutuerit
734 1219 816 1244 non
845 1203 1013 1245 sedatus
1043 1203 1248 1259 eorpoiis,
1271 1202 1343 1244 sed
1362 1202 1598 1258 castigatus

158 1259 285 1301 animi
316 1259 464 1300 dolor.
456 1271 466 1288 θ
500 1260 640 1324 itaque
670 1260 712 1300 in
747 1261 943 1302 extremis
979 1260 1144 1316 Niptris
1180 1260 1286 1301 alios
1315 1273 1488 1316 quoque
1518 1260 1598 1301 ob-

151 1317 314 1372 jurgat,
336 1316 462 1372 idque
483 1317 681 1367 moriens,

267 1407 619 1457 Conqzmieranm
634 1406 831 1450 adversam,
851 1421 914 1443 non
930 1406 1109 1443 lamentari
1127 1406 1229 1444 decet.

263 1460 310 1496 ld
325 1461 396 1496 viri
413 1470 458 1497 est
479 1459 622 1508 qfficz'mn
639 1477 650 1496 :
668 1461 778 1507 fletus
798 1460 951 1497 muliebri
970 1461 1100 1510 ingenio
1117 1460 1268 1498 additus.

159 1535 301 1591 Hujus
331 1535 458 1575 animi
494 1549 588 1588 pars
620 1534 692 1575 illa
722 1534 893 1575 mollior
922 1534 1074 1575 rationi
1107 1535 1165 1576 sic
1194 1535 1347 1590 paruit,
1376 1544 1425 1575 ut
1454 1549 1596 1577 severo

155 1592 400 1656 imperatori
435 1591 554 1631 miles
584 1591 761 1646 pudens.
822 1599 861 1623 84
874 1592 923 1631 In
956 1606 1043 1647 quo
1077 1606 1174 1632 vero
1209 1591 1289 1632 erit
1316 1591 1501 1656 perfecta
1529 1597 1676 1646 „sa—22

155 1648 312 1704 pientia
336 1650 479 1703 (quem
511 1647 650 1689 adhuc
681 1663 756 1689 nos
786 1649 957 1704 quidem
993 1648 1221 1689 s⁵vidimus
1254 1649 1490 1689 neminem:
1523 1650 1656 1705 sed51

156 1704 510 1760 philosophorum
545 1705 777 1755 sententiis,
789 1706 946 1770 qualis
979 1705 1147 1746 futurus
1177 1705 1245 1755 sit,
1279 1705 1313 1746 si
1352 1705 1484 1746 modo
1521 1706 1598 1747 ali-

156 1761 326 1817 quando
344 1762 485 1814 fuerit,
515 1762 752 1816 exponitur)
788 1761 822 1803 is
857 1763 1001 1818 igitur,
1034 1762 1068 1803 si
1102 1777 1152 1803 ea
1181 1762 1303 1813 ratio,
1333 1777 1427 1817 quae
1457 1763 1534 1803 erit
1554 1763 1597 1804 in

157 1833 210 1859 eo
232 1818 429 1873 perfecta,
452 1829 577 1874 atque
597 1819 808 1870 absoluta,
839 1819 897 1860 sic
927 1819 988 1860 illi
1017 1819 1125 1875 parti
1154 1819 1379 1874 imperabit
1397 1818 1598 1871 inferiori,

156 1884 205 1916 ut
231 1875 372 1930 justus
410 1890 559 1930 parens
594 1875 738 1930 probis
772 1876 893 1927 filiis;
925 1886 1046 1940 nutu,
1080 1875 1197 1931 quod
1227 1875 1353 1926 volet,
1388 1876 1598 1927 conficiet,

157 1932 276 1972 nullo
296 1931 456 1981 labore,
477 1931 592 1972 nulla
610 1931 834 1973 molestia:
865 1933 999 1988 eriget
1029 1933 1117 1997 ipse
1145 1947 1203 1982 se,
1227 1939 1265 1964 86
1277 1933 1509 1983 suscitabit,
1531 1933 1596 1974 in-

156 1997 306 2038 struet,
328 1988 522 2037 armabit,
542 1996 605 2037 ut,
624 1997 844 2053 tamquam
874 1989 1000 2040 hosti,
1029 1990 1088 2031 sic
1119 1989 1297 2031 obsistat
1326 1989 1478 2031 dolori
1500 2005 1596 2046 quae

156 2054 255 2086 sunt
286 2045 366 2085 ista
399 2046 543 2085 arma?
575 2046 807 2097 contentio,
840 2046 1116 2097 confirmatio,
1148 2060 1371 2102 sermoque
1406 2046 1596 2098 intimus,

153 2116 255 2143 cum
290 2102 380 2157 ipse
421 2117 580 2152 secum,
623 2101 735 2142 Cave
773 2112 897 2158 turpe
928 2103 1175 2159 quidquam,
1213 2103 1479 2158 languidum,
1511 2118 1596 2144 non

154 2158 282 2200 virile.
343 2159 628 2200 Obversentur
645 2159 806 2214 species
827 2159 1015 2200 honestae
1037 2160 1207 2200 animo:
1240 2161 1360 2200 Zeno
1383 2174 1594 2215 propona-
1606 2178 1657 2211 52

154 2223 225 2257 tur
245 2216 428 2266 Eleates,
448 2216 520 2271 qui
540 2229 762 2271 perpessus
794 2225 857 2257 est
884 2217 1026 2257 onmia
1055 2216 1211 2271 potius,
1242 2231 1370 2271 quam
1400 2217 1594 2258 conscios

154 2271 343 2313 delendae
386 2272 618 2328 tyrannidis
662 2272 879 2314 indicaret.
929 2273 982 2314 de
1026 2272 1281 2314 Anaxarcho
1326 2273 1595 2315 Democritio

154 2329 381 2384 cogitetur,
413 2330 485 2385 qui
514 2344 613 2370 cum
645 2329 777 2385 Cypri
808 2330 849 2370 in
880 2345 1029 2370 manus
1059 2329 1358 2371 Nicocreontis
1388 2331 1499 2385 regis
1528 2331 1592 2371 in·
1606 2343 1637 2375 b.

155 2385 339 2438 cidisset,
371 2386 535 2428 nullum
568 2400 705 2442 genus
739 2387 934 2443 supplicii
970 2387 1219 2443 depr-ecatus
1249 2395 1328 2437 est,
1359 2401 1496 2443 neque
1527 2401 1593 2429 re·

201 2557 239 2581 83
264 2551 315 2593 qui
335 2549 494 2592 consuetus]
519 2552 570 2594 qui
593 2553 721 2590 melius,
747 2562 786 2582 ex
809 2553 855 2584 la·
899 2553 1006 2583 Guelf.
1024 2553 1134 2592 reperi.

158 2593 279 2623 tinitate
295 2594 439 2633 quidem,
452 2596 549 2626 absit.
943 2601 981 2626 86
1005 2594 1170 2634 suscitabit]
1197 2595 1249 2625 Sic
1275 2596 1345 2626 edd.
1368 2605 1414 2635 pr.
1438 2595 1596 2626 Victorius

203 2644 242 2666 84
267 2637 301 2665 In
317 2649 371 2678 quo
387 2637 473 2678 vero]
493 2639 558 2676 Sic,
576 2648 641 2668 non
664 2639 730 2668 viro
745 2638 854 2678 legen·
898 2639 1179 2675 fecitsuscitabitur‚
1191 2649 1389 2678 quamquam
1399 2640 1445 2668 sic
1457 2646 1487 2668 et
1498 2641 1597 2669 Junta

158 2678 251 2714 dum,
272 2679 341 2717 jam
365 2680 417 2710 alii
442 2682 557 2712 videre.
582 2691 641 2712 nec
668 2683 855 2721 quisquam,
899 2683 994 2712 edidit
1019 2690 1049 2712 et
1072 2689 1117 2712 est
1139 2682 1168 2711 in
1196 2683 1259 2712 Ms.
1284 2683 1391 2712 Guelf.
1415 2692 1480 2711 non
1504 2683 1596 2710 bene.

161 2721 287 2759 opinor,
304 2723 473 2754 dubitabit.
897 2735 974 2755 nam
1000 2725 1032 2755 in
1057 2727 1119 2755 hoc
1144 2726 1252 2762 verbo,
1276 2732 1313 2755 ut
1336 2727 1367 2755 in
1390 2725 1597 2763 sequentibus

205 2770 243 2793 85
266 2764 410 2804 videmus]
438 2767 502 2796 Hic
525 2777 652 2807 quoque
679 2768 786 2806 putavi
810 2767 855 2796 le·
898 2768 1030 2806 intelligi
1060 2768 1153 2797 debet
1182 2779 1232 2798 se.-
1270 2768 1346 2799 alias
1375 2766 1598 2798 dissimilitudo

160 2807 303 2845 gendum
331 2807 472 2845 vidimus,
501 2817 532 2840 et
556 2810 600 2840 sic
630 2811 702 2840 dein
730 2812 762 2841 in
791 2811 856 2841 Ms.
898 2811 1047 2841 orationis
1063 2812 1172 2841 oritur.

888 2865 973 2903 „4
