1778 3095
601 141 781 179 LIBER
806 140 1086 180 TERTIUS.
1461 152 1536 185 513

111 243 223 297 dere,
243 246 316 304 qui
333 246 452 289 illum
473 246 517 287 in
535 244 712 286 eandem
735 259 878 285 navem
902 246 1156 301 recepissent
1174 262 1184 286 ε
1213 247 1396 288 ostendit
1416 247 1474 290 eis
1495 249 1538 290 in

109 302 260 344 eodem
292 318 418 345 cursu
449 301 602 343 multas
633 301 734 342 alias
763 301 1029 342 laborantes:
1062 302 1333 358 quaesivitque
1354 318 1454 344 num
1474 316 1535 347 et-

109 359 195 400 iam
216 359 258 400 in
279 360 329 401 iis
356 360 525 400 navibus
552 358 788 413 Diagoram
819 357 912 397 vehi
943 357 1174 399 crederent.
1234 359 1302 399 Sic
1332 359 1442 399 enim
1474 376 1537 401 res

109 429 154 456 se
175 415 318 466 habet,
341 424 388 457 ut
406 415 458 456 ad
484 428 741 469 prosperam,
763 413 1026 455 adversamve
1056 415 1281 465 fortunam,
1303 414 1436 470 qualis
1467 417 1536 468 sis,

108 481 183 512 aut
214 471 571 528 quemadmodum
601 470 760 521 vixeris,
780 468 884 510 nihil
911 469 1086 510 intersit.
1143 471 1246 511 Non
1277 471 1535 512 animadver-
1547 479 1599 518 90

107 535 218 578 tunt,
240 529 387 583 inquit,
409 527 551 568 onmia
568 527 626 567 dii
644 543 653 568 :
685 541 736 567 ne
756 541 877 582 reges
904 526 1088 582 quidem.
1148 527 1264 582 Quid
1285 536 1348 567 est
1369 528 1502 568 simile
1520 530 1533 569 ?

108 584 247 640 Reges
267 584 378 625 enim
399 584 433 624 si
454 583 630 624 scientes
652 583 993 638 praetermittunt,
1015 597 1170 638 magna
1190 583 1314 638 culpa
1342 593 1417 624 est.
1476 585 1538 625 At

106 640 190 681 deo
226 654 276 681 ne
308 640 521 680 excusatio
552 639 722 694 quidem
759 649 822 680 est
855 639 1097 680 inscientiae.
1155 639 1296 695 Quem
1325 655 1397 680 vos
1430 641 1618 695 prae-38

107 696 219 737 clare
236 695 472 747 defenditis,
491 710 590 736 cum
611 696 762 746 dicitis,
783 711 876 737 eam
896 696 978 736 vim
1005 696 1182 736 deorum
1204 710 1308 747 esse,
1328 704 1390 746 ut,
1411 698 1536 738 etiam

107 752 141 792 si
163 753 254 808 quis
282 761 419 793 morte
449 767 594 807 poenas
626 753 790 793 sceleris
820 752 1026 807 effugerit,
1053 761 1298 808 expetantur
1318 767 1378 793 eae
1400 768 1536 808 poenae

105 823 130 849 a
145 808 301 858 liberis,
324 823 348 849 a
368 809 605 865 nepotibus,
625 824 649 849 a
670 810 860 864 posteris.
920 809 957 850 O
980 809 1128 849 miram
1160 809 1402 865 aequitatem
1434 809 1537 850 deo-

104 864 222 905 rum!
257 866 452 906 Ferretne
482 865 568 906 ulla
599 866 741 906 civitas
772 865 948 906 latorem
973 866 1212 907 istiusmodi
1230 866 1350 921 legis,
1370 876 1417 907 ut
1435 881 1538 908 con-

103 919 375 963 demnaretur
395 922 518 974 filius,
539 931 612 962 aut
631 935 774 976 nepos,
797 921 830 961 si
846 931 978 976 pater,
997 931 1070 963 aut
1088 937 1186 963 avus
1204 922 1476 979 deliquisset?

208 1020 250 1044 20
267 1013 415 1062 Quinam
438 1010 699 1048 Tantalidarum
719 1012 928 1048 internecioni
947 1011 1062 1048 modus

211 1067 363 1103 Paretur
376 1068 397 1100 ?
426 1074 490 1101 aut
507 1077 663 1115 quaenam
684 1079 843 1116 umquam
861 1064 900 1101 oh
921 1075 1051 1102 mortem
1073 1065 1209 1114 Rzsyrtili

208 1119 326 1155 Poenis
343 1117 471 1155 luendis
490 1117 630 1155 dabitur
647 1119 755 1156 satias
773 1118 924 1169 supplicii
938 1121 960 1154 ?

103 1202 261 1245 Utrum
291 1207 429 1259 poetae
461 1202 627 1243 Stoicos
658 1201 931 1257 depravarint,
955 1217 1006 1243 an
1035 1203 1166 1244 Stoici
1186 1203 1322 1258 poetis
1343 1203 1592 1253 dederint91

100 1260 410 1310 auctoritatem,
444 1274 527 1299 non
558 1258 678 1299 facile
709 1259 897 1300 dixerim.
928 1267 1123 1314 portenta
1152 1260 1278 1310 enim,
1303 1270 1347 1301 et
1376 1260 1578 1316 fiagitiab·

99 1317 155 1357 ab
176 1317 362 1372 utrisque
392 1316 602 1356 dicuntur.
634 1329 770 1371 neque
800 1316 927 1366 enim,
959 1330 1084 1371 quem
1115 1316 1398 1370 Hipponactis
1428 1320 1534 1358 iam-

100 1373 180 1414 bus
200 1373 377 1423 laeserat,
397 1381 469 1413 aut
499 1372 571 1428 qui
600 1381 689 1412 erat
709 1372 956 1413 Archilochi
983 1387 1103 1412 versu
1133 1373 1385 1424 vulneratus,
1407 1389 1431 1414 a
1451 1374 1533 1415 deo

95 1429 336 1473 immissum
369 1429 576 1479 dolorem,
607 1443 692 1468 non
724 1439 978 1484 conceptum
1009 1443 1033 1468 a
1063 1443 1106 1469 se
1136 1429 1240 1483 ipso,
1262 1430 1531 1472 continebat:

99 1500 194 1537 nec,
227 1501 326 1527 cum
356 1485 547 1541 AEgisthi
580 1485 810 1535 libidinem,
847 1494 920 1526 aut
952 1499 1048 1526 cum
1086 1485 1242 1525 Paridis
1275 1486 1477 1537 videmus,
1507 1502 1533 1528 a

95 1541 181 1583 deo
200 1556 369 1583 causam
392 1542 656 1597 requirimus,
677 1556 774 1582 cum
806 1541 940 1596 culpae
973 1556 1093 1596 paene
1115 1556 1259 1582 vocem
1281 1543 1500 1584 audiamus
1518 1561 1528 1584 :

99 1612 176 1639 nec
196 1612 279 1653 ego
298 1598 529 1639 multorum
554 1612 761 1652 aegrorum
786 1598 961 1638 salutem
983 1613 1067 1638 non
1091 1598 1144 1638 ab
1165 1598 1427 1654 Hippocrate
1450 1614 1528 1655 po-

96 1654 196 1705 tius,
216 1670 341 1709 quam
363 1656 416 1695 ab
436 1654 682 1708 AEsculapio
703 1654 842 1694 datam
868 1655 1016 1710 judico
1037 1671 1045 1694 :
1078 1669 1153 1695 nec
1182 1655 1529 1696 Lacedaemonio-

95 1726 191 1752 rum
210 1711 473 1766 disciplinam
504 1710 641 1751 dicam
662 1725 863 1765 umquam
885 1712 937 1750 ab
958 1711 1160 1765 Apolline
1181 1711 1323 1766 potius
1351 1713 1527 1767 Spartae,

94 1782 226 1823 quam
254 1782 278 1807 a
308 1769 508 1823 Lycurgo
539 1767 694 1807 datam.
755 1767 981 1816 Critolaus,
1002 1767 1186 1822 inquam,
1206 1769 1354 1809 evertit
1375 1768 1527 1809 Corin-

95 1824 220 1866 thum
238 1839 249 1874 ς
282 1824 584 1878 Karthaginem
616 1823 871 1864 Hasdrubal.
932 1823 992 1864 Hi
1023 1823 1108 1864 duo
1140 1823 1234 1865 illos
1265 1825 1412 1866 oculos
1441 1840 1527 1866 orae

94 1880 318 1922 maritimae
339 1880 586 1930 effoderunt,
608 1888 643 1910 ‘21
659 1895 739 1920 non
762 1880 888 1920 iratus
910 1880 1048 1930 alicui,
1066 1895 1192 1935 quem
1214 1882 1385 1922 omnino
1405 1882 1527 1923 irasci

93 1951 220 1992 posse
250 1936 428 1991 negatis,
460 1936 575 1977 deus.
633 1936 696 1977 At
724 1936 941 1976 subvenire
966 1946 1078 1978 certe
1104 1938 1258 1992 potuit,
1284 1948 1326 1979 et
1354 1953 1523 1979 conser-
1536 1943 1587 1982 92

92 2007 190 2034 vare
216 1993 342 2034 urbes
369 2000 505 2033 tantas
535 2001 660 2048 atque
689 1993 808 2033 tales.
865 1994 955 2034 Vos
975 1994 1085 2033 enim
1106 1994 1185 2048 ipsi
1207 1995 1345 2036 dicere
1365 1995 1523 2046 soletis,
1534 1995 1606 2051 39

93 2049 200 2090 nihil
220 2064 311 2090 esse
340 2049 455 2105 quod
484 2049 587 2089 deus
617 2049 778 2090 efficere
808 2064 891 2089 non
921 2049 1068 2105 possit,
1089 2059 1131 2090 et
1152 2051 1321 2106 quidem
1346 2052 1434 2092 sine
1459 2053 1523 2093 la·
1583 2052 1587 2054 ’

92 2105 197 2148 bore
234 2106 337 2147 ullo.
373 2114 421 2146 ut
455 2105 566 2146 enim
600 2105 821 2146 hominum
861 2107 1051 2147 membra
1089 2107 1204 2148 nulla
1238 2108 1524 2160 contentione,

93 2172 235 2204 mente
270 2162 362 2217 ipsa
395 2177 443 2203 ac
480 2161 694 2203 voluntate
728 2171 1001 2203 moveantur:
1046 2163 1104 2203 sic
1141 2164 1312 2205 numine
1346 2165 1523 2206 deorum

93 2216 237 2260 omnia
266 2219 381 2274 fingi,
402 2219 574 2268 moveri,
596 2219 832 2274 mutarique
853 2233 990 2274 posse.
1049 2220 1204 2276 Neque
1223 2221 1268 2261 id
1293 2221 1428 2262 dicitis
1452 2236 1523 2262 su-

90 2275 331 2330 perstitiose
362 2284 489 2331 atque
518 2275 693 2326 aniliter,
716 2275 788 2316 sed
819 2275 995 2331 physica
1026 2277 1321 2333 constantique
1348 2277 1522 2319 ratione.

90 2332 306 2372 materiam
339 2332 451 2372 enim
482 2346 634 2382 rerum,
666 2346 717 2372 ex
746 2347 842 2387 qua,
864 2332 967 2372 etin
989 2347 1072 2387 qua
1102 2333 1246 2374 omnia
1270 2334 1366 2384 sint,
1386 2342 1522 2375 totam

88 2401 179 2428 esse
198 2388 438 2438 flexibilem,
459 2398 500 2429 et
519 2388 881 2439 commutabilem,
901 2397 948 2429 ut
969 2388 1071 2429 nihil
1091 2389 1158 2439 sit,
1178 2389 1292 2444 quod
1312 2405 1396 2431 non
1418 2399 1457 2422 22
1469 2405 1521 2431 ex

91 2457 141 2484 ea
161 2445 350 2500 quamvis
377 2445 518 2486 subito
548 2444 649 2500 fingi
676 2446 945 2501 convertique
970 2445 1117 2501 possit.
1148 2446 1239 2502 ejus
1265 2456 1407 2488 autem
1429 2447 1524 2488 uni-

134 2568 175 2592 20
200 2561 325 2591 Quinam
342 2563 560 2594 Tantalidarum
578 2565 649 2604 δῖα]
674 2565 784 2595 Chari-
870 2573 908 2596 22
941 2577 976 2594 ex
1005 2566 1164 2606 etz—fingi
1200 2567 1385 2608 convertique
1412 2566 1519 2606 possit]

89 2605 155 2635 nius
181 2604 283 2634 Instit.
311 2605 455 2636 Gramm.
483 2608 516 2637 L.
539 2616 565 2638 1.
592 2617 624 2647 p.
651 2614 699 2643 70.
725 2609 783 2638 hos
826 2608 901 2638 Non
917 2609 996 2638 bene
1008 2610 1093 2646 satis,
1110 2615 1147 2639 ut
1161 2610 1283 2649 opinor,
1300 2611 1429 2639 converti
1444 2620 1520 2640 con-

88 2656 197 2679 versus
212 2647 314 2684 refert,
331 2649 501 2688 tribuitque
516 2651 613 2680 Attio.
824 2652 912 2681 venit
927 2652 967 2689 τῷ
983 2663 1019 2680 ex
1038 2664 1070 2681 ea
1086 2659 1116 2681 et
1126 2653 1221 2692 fingi.
1267 2654 1298 2683 Si
1322 2659 1368 2683 est
1389 2663 1407 2683 a
1430 2653 1519 2682 Cice-

135 2697 171 2720 21
191 2700 244 2718 non
258 2689 350 2719 iratus
364 2690 575 2731 alicui—deus]
593 2692 698 2732 Vulgo
719 2694 783 2723 edi·
826 2703 914 2730 rone,
931 2701 976 2724 est
1000 2705 1054 2734 pro
1076 2697 1268 2726 commutari
1290 2696 1365 2734 regi,
1390 2702 1425 2725 ut
1449 2702 1519 2734 post

89 2739 161 2763 tum
177 2739 222 2762 est
237 2731 330 2763 deum.
352 2734 525 2764 referebant
539 2736 577 2765 ad
593 2747 674 2777 quem
694 2747 781 2775 nega·
820 2736 1003 2775 junguntur
1006 2737 1117 2777 fictrix
1128 2745 1156 2767 et
1167 2738 1354 2775 moderatrix,
1367 2747 1426 2767 nec
1442 2748 1519 2776 pen-

89 2775 138 2805 tis.
161 2776 214 2805 sed
230 2777 429 2806 referendum
451 2784 496 2806 est
518 2787 635 2809 nomen
659 2779 720 2808 hoc
743 2780 782 2809 ad
824 2779 876 2808 det
889 2780 928 2809 ab
944 2790 980 2809 ex
994 2791 1038 2812 ea.
1052 2782 1229 2821 suspicatus
1248 2781 1326 2811 olim
1343 2790 1417 2811 sum
1433 2779 1517 2819 corfi-

89 2818 194 2848 iratus.
217 2819 349 2857 ideoque
371 2819 463 2850 debet
484 2829 550 2852 esse
570 2821 648 2859 deus,
665 2829 701 2852 ut
712 2822 781 2860 jam
825 2820 916 2862 cique.

92 2860 266 2891 Lambinus
281 2862 386 2892 edidit.

144 2915 350 2946 vor..1v.
373 2918 412 2945 P.
436 2916 468 2945 1.
828 2902 892 2947 21
