1778 3095
607 110 788 148 LIBER
815 109 1058 147 PRIMUS.
1488 113 1560 145 251

128 229 263 277 vatque
282 227 542 264 concretum.
573 217 688 273 quod
717 232 769 258 ex
798 231 850 258 eo
881 215 977 256 sciri
995 221 1152 270 potest,
1173 214 1273 269 quia
1291 228 1469 269 corpora
1488 230 1565 257 no·
1585 212 1651 267 19

135 287 222 319 stra
241 287 406 319 terreno
426 274 726 331 principiorum
746 286 900 328 genere
919 272 1126 321 confecta,
1148 270 1294 311 ardore
1314 271 1442 312 animi
1463 286 1565 312 con-

135 336 363 376 calescunt.
421 331 616 381 Accedit,
654 338 703 371 ut
736 344 788 370 eo
826 329 988 370 facilius
1024 328 1187 368 animus
1224 326 1371 368 evadat
1401 339 1451 367 ex
1484 327 1567 369 hoc
1579 338 1628 371 43

135 396 247 442 aere,
284 404 408 446 quem
449 401 559 442 saepe
589 388 680 443 jam
716 385 897 442 appelIO,
931 398 1113 440 eumque
1150 391 1412 439 perrumpat,
1451 384 1568 438 quod

137 447 242 488 nihil
260 456 323 487 est
341 445 482 485 animo
511 443 696 485 velocius
716 458 726 492 3
759 442 874 483 nulla
893 452 957 482 est
975 441 1181 491 celeritas,
1202 455 1296 495 quae
1316 438 1451 495 possit
1470 454 1569 480 cum

138 502 266 544 animi
303 500 512 542 celeritate
548 500 816 541 contendere.
853 499 926 553 qui
962 497 995 538 si
1033 505 1252 552 permanet
1286 497 1570 550 incorruptus,

138 560 282 614 suique
313 557 486 598 similis:
518 570 686 597 necesse
708 564 771 597 est
790 556 849 596 ita
868 555 1038 604 feratur,
1059 563 1108 595 ut
1127 563 1332 608 penetret,
1354 562 1396 593 et
1415 551 1574 594 dividat

138 629 262 656 omne
283 613 433 654 caelum
456 613 554 662 hoc,
572 613 614 654 in
641 627 725 668 quo
746 613 892 661 nubeS,
912 611 1082 661 imbres,
1101 610 1298 665 ventique
1326 618 1571 664 coguntur:

138 670 254 726 quod
283 679 326 710 et
356 669 593 719 humidum,
616 679 659 709 et
680 669 957 724 caliginosum
981 676 1059 718 est,
1081 677 1254 722 propter
1284 665 1572 707 exhalationes

138 737 272 768 terrae.
304 740 432 781 quam
466 726 683 781 regionem
717 740 813 766 cum
845 724 1052 780 superavit
1083 723 1261 773 animus,
1294 732 1573 778 naturamque

138 784 203 824 sui
223 783 402 824 similem
421 782 618 838 contigit,
639 792 682 823 et
701 781 872 837 agnovit
890 797 901 831 3
935 789 972 817 78
981 780 1142 836 junctis
1163 795 1213 821 ex
1232 780 1360 820 animi
1380 779 1511 830 tenui,
1531 786 1574 819 et
1584 787 1615 818 b.

137 853 188 880 ex
206 840 355 882 ardore
375 839 475 880 solis
497 848 748 894 temperato,
769 837 938 893 ignibus
969 837 1135 887 insistit,
1157 847 1199 877 et
1220 837 1345 877 finem
1374 836 1499 877 altius
1529 849 1573 876 se

140 896 338 937 efferendi
367 896 481 937 facit.
513 911 610 936 cum
641 896 752 935 enini
781 895 846 935 sui
875 893 1055 934 similem
1074 902 1117 934 et
1136 893 1365 943 levitatem,
1385 902 1428 933 et
1457 891 1573 933 calo-

139 967 228 994 rem
249 952 442 1008 adeptus,
462 961 678 1008 tamquam
710 951 878 1007 paribus
908 950 1168 991 examinatus
1187 949 1459 1005 ponderibus,
1479 948 1574 989 nul-

138 1009 224 1050 lam
246 1010 288 1050 in
309 1018 473 1064 partem
504 1018 709 1058 movetur,
731 1021 863 1063 eaque
883 1008 920 1047 ei
942 1007 1113 1047 demum
1135 1007 1335 1047 naturalis
1355 1016 1418 1046 est
1440 1004 1576 1056 sedes,

139 1080 237 1107 cum
260 1066 313 1107 ad
334 1066 398 1106 sui
417 1065 596 1106 similem
627 1064 871 1120 penetravit,
892 1063 934 1105 in
964 1077 1049 1118 quo
1079 1063 1195 1103 nulla
1214 1076 1257 1103 re
1277 1076 1405 1118 egens
1427 1062 1578 1114 aletur,

141 1131 184 1163 et
215 1122 518 1164 sustentabitur
548 1122 695 1163 iisdem
727 1122 868 1171 rebus,
899 1120 1051 1175 quibus
1077 1129 1188 1160 astra
1218 1127 1502 1160 sustentantur
1535 1129 1579 1160 et

140 1179 323 1220 aluntur.
385 1179 582 1234 Cumque
602 1178 789 1234 corporis
820 1177 981 1218 facibus
1007 1176 1257 1217 inflammari
1285 1176 1494 1216 soleamus
1526 1174 1641 1216 ad44

143 1250 290 1276 omnes
312 1236 398 1276 fere
418 1235 685 1290 cupiditateS,
705 1249 842 1289 eoque
872 1234 1009 1288 magis
1035 1233 1214 1283 incendi,
1236 1232 1354 1288 quod
1373 1232 1422 1273 iis
1445 1247 1578 1273 aemu-

142 1292 294 1343 lemur,
313 1292 386 1348 qui
407 1306 457 1332 ea
475 1292 671 1342 habeant,
694 1306 787 1346 quae
816 1305 891 1330 nos
921 1290 1075 1330 habere
1105 1289 1354 1344 cupiamus:
1385 1289 1579 1344 profecto

143 1349 256 1389 beati
278 1350 447 1400 erimus,
466 1363 578 1398 cum,
599 1347 845 1403 corporibus
874 1347 1043 1396 relictis,
1064 1355 1107 1386 et
1135 1345 1430 1401 cupiditatum,
1452 1354 1495 1386 et
1525 1361 1581 1386 ae-

145 1405 428 1446 mulationum
460 1405 616 1445 erimus
647 1414 862 1459 expertes:
895 1403 1094 1458 quodque
1123 1417 1234 1443 nunc
1266 1401 1459 1452 facimus,
1480 1416 1580 1443 cum

143 1461 271 1502 laxati
292 1462 402 1502 curis
425 1475 585 1511 sumus,
616 1470 664 1501 ut
693 1470 880 1515 spectare
911 1459 1070 1514 aliquid
1099 1459 1289 1509 velimus,
1310 1467 1353 1499 et
1371 1458 1516 1509 visere,
1536 1458 1580 1500 id

145 1517 282 1558 multo
309 1527 401 1558 tum
422 1517 626 1558 faciemus
655 1517 842 1565 liberius,
863 1525 1062 1570 totosque
1084 1530 1160 1556 nos
1180 1516 1221 1555 in
1243 1514 1579 1570 contemplandis

143 1574 269 1614 rebus
300 1573 684 1629 perspiciendisque
711 1587 932 1628 ponemus,
958 1581 1195 1627 propterea,
1215 1570 1331 1626 quod
1359 1580 1403 1612 et
1433 1580 1582 1613 natura

143 1630 252 1671 inest
271 1631 484 1671 mentibus
505 1630 657 1670 nostris
686 1629 931 1670 insatiabilis
963 1628 1157 1684 quaedam
1183 1626 1390 1682 cupiditas
1416 1628 1500 1668 veri
1520 1628 1581 1669 vi-

144 1686 273 1728 dendi
290 1704 299 1729 :
330 1696 372 1728 et
393 1702 479 1728 orae
500 1686 600 1742 ipsae
621 1686 815 1726 locorum
836 1685 1022 1735 illorum,
1044 1699 1128 1741 quo
1150 1683 1475 1739 pervenerimus,
1495 1699 1582 1740 quo

145 1743 376 1785 faciliorem
398 1743 518 1785 nobis
538 1743 826 1798 cognitionem
857 1757 998 1783 rerum
1029 1741 1276 1792 caelestium,
1296 1755 1347 1781 eo
1374 1742 1583 1797 majorem

145 1800 431 1855 cognoscendi
460 1799 735 1855 cupiditatem
759 1799 933 1840 dabunt.
994 1800 1101 1839 Haec
1122 1798 1232 1839 enim
1255 1797 1496 1853 pulcritudo
1518 1806 1581 1839 et-
1596 1810 1646 1845 45

147 1856 232 1897 iam
250 1856 292 1897 in
312 1857 431 1898 terris
452 1864 466 1892 7
474 1865 491 1890 9
505 1856 683 1912 patriam
704 1856 818 1897 illam
841 1866 884 1897 et
905 1855 1057 1896 avitam
1083 1858 1148 1907 (ut
1167 1855 1225 1897 ait
1243 1854 1579 1910 Theophrastus)

147 1913 477 1968 philosophiam,
515 1913 771 1968 cognitionis
817 1912 1047 1968 cupiditate
1094 1913 1324 1962 incensam,
1374 1911 1582 1953 excitavit.

147 1970 359 2024 praecipue
377 1984 474 2010 vero
494 1969 685 2010 fruentur
704 1983 766 2020 ea,
787 1969 859 2024 qui
879 1978 970 2010 tum
991 1969 1134 2020 etiam,
1152 1983 1251 2010 cum
1272 1968 1346 2009 has
1367 1977 1497 2009 terras
1518 1968 1583 2009 in-

150 2026 352 2077 colentes,
372 2025 618 2067 circumfusi
636 2034 754 2066 erant
773 2025 968 2081 caligine,
989 2036 1132 2069 tamen
1161 2025 1249 2072 acie
1279 2025 1430 2066 mentis
1452 2025 1582 2080 dispi-

148 2097 241 2124 cere
262 2083 502 2138 cupiebant.
533 2082 689 2123 etenim
710 2082 744 2123 si
764 2097 875 2123 nunc
896 2082 1056 2139 aliquid
1075 2082 1240 2139 assequi
1259 2096 1303 2123 se
1324 2090 1489 2137 putant,
1510 2082 1583 2137 qui
1599 2083 1669 2131 20

150 2140 308 2180 ostium
331 2139 452 2180 Ponti
470 2139 676 2189 viderunt,
697 2148 739 2180 et
769 2153 838 2180 eas
869 2139 1099 2194 angustiaS,
1120 2154 1194 2195 per
1223 2153 1327 2195 quas
1353 2139 1585 2194 penetravit

150 2210 214 2248 ea,
236 2211 331 2252 quae
351 2206 416 2237 est
437 2196 653 2236 nominata

261 2276 366 2324 Arga,
386 2274 474 2323 quia
495 2273 628 2323 Argivi
650 2274 687 2309 in
707 2286 763 2316 ea,
783 2273 912 2310 delecti
934 2273 1016 2317 viri,

261 2328 370 2369 Vecti,
384 2326 543 2377 petebant
557 2327 676 2377 pellem
694 2327 891 2363 inauratam
913 2327 1046 2370 arieti55

152 2409 224 2442 aut
243 2401 286 2452 ii,
305 2400 377 2457 qui
399 2400 557 2442 Oceani
577 2408 616 2432 80
630 2400 737 2441 freta
756 2399 828 2441 illa
847 2400 1052 2449 viderunt,
1602 2417 1633 2448 p.
1649 2415 1718 2440 15⁸.

261 2482 447 2531 Europam,
467 2479 674 2530 Libyamque
690 2490 803 2530 rapax
820 2478 878 2516 ubi
898 2479 1026 2517 dividit
1044 2477 1135 2516 unda
1147 2494 1160 2514 .-

195 2598 234 2627 78
251 2590 383 2631 junctus]
410 2590 557 2620 Davisius
581 2591 676 2620 edidit
687 2589 801 2629 junctis
817 2597 853 2620 ut
895 2599 955 2620 nus
984 2590 1083 2619 secuti
1112 2594 1198 2618 sunt.
1244 2587 1354 2618 Cicero
1381 2588 1478 2619 etiam
1514 2589 1588 2619 alibi

153 2635 193 2664 ad
217 2634 329 2674 ignibus
355 2634 514 2663 referatur.
540 2633 652 2673 placet.
697 2633 748 2662 Sic
772 2633 851 2663 Mss.
889 2633 1021 2671 patrium
1037 2639 1065 2661 et
1078 2632 1194 2661 avitum
1210 2631 1388 2670 conjungit.
1410 2631 1514 2672 itaque
1536 2643 1589 2662 ve-

154 2686 204 2716 ap.
219 2677 453 2712 Alemannum,
469 2677 523 2715 qui
538 2684 568 2706 et
583 2678 647 2715 ipse
663 2676 708 2705 sic
723 2677 830 2706 edidit.
896 2683 994 2706 terem
1011 2676 1179 2705 lectionem
1195 2675 1348 2704 revocavi.

200 2725 239 2754 79
257 2721 390 2758 patriam
413 2719 496 2748 illam
521 2727 549 2748 et
568 2718 700 2758 avitam}
719 2719 852 2757 patriam
940 2726 979 2749 80
989 2720 1071 2758 freta
1089 2718 1144 2747 illa
1167 2716 1322 2757 viderunt]
1347 2716 1489 2746 viderunt
1513 2719 1589 2748 forte

156 2762 275 2791 habent
304 2763 383 2792 Mss.
410 2772 535 2799 omneS,
565 2763 661 2792 etiam
689 2761 796 2792 Guelf.
821 2769 852 2791 et
893 2762 1080 2797 delendum,
1097 2771 1113 2790 e
1129 2761 1342 2801 superioribus
1357 2761 1503 2801 petitum.
1527 2761 1588 2791 Ms.

156 2804 227 2833 edd·
250 2811 324 2834 vett.
351 2805 385 2835 P.
409 2805 576 2835 Manutius
599 2815 616 2834 e
639 2806 746 2835 Nonio
767 2806 853 2835 dedit
895 2805 1002 2836 Guelf.
1018 2804 1166 2835 viderant.

153 2846 310 2885 patritam,
334 2857 432 2886 quem
457 2848 566 2887 steph.
593 2848 698 2878 Colin.
725 2848 853 2878 Lambi-
