1778 3095
236 91 316 129 366
579 92 832 131 TUSCUL.
864 93 1309 133 QUAESTIONUM

233 198 427 254 probato,
447 214 708 257 consequens
737 216 842 253 esse,
865 202 1029 244 beatam
1060 203 1183 245 vitam
1210 203 1360 244 virtute
1380 215 1469 243 esse
1488 209 1664 244 conten-

234 263 351 296 tam:
383 264 440 307 et,
470 272 556 313 quo
589 257 716 299 rnodo
747 258 829 300 hoc
858 259 910 300 sit
941 274 1199 315 consequens
1230 260 1303 310 illi,
1326 259 1384 299 sic
1411 258 1514 306 illud
1533 258 1660 302 huic:

234 320 298 363 ut,
328 313 363 354 si
391 313 514 355 beata
545 313 626 355 vita
656 313 806 356 virtute
834 325 1032 357 contenta
1061 318 1143 367 sit,
1176 316 1252 356 nisi
1287 315 1510 356 honestum
1543 315 1660 370 quod

176 369 223 412 ¹9
236 368 303 420 sit,
325 368 427 411 nihil
448 370 561 411 aliud
582 371 636 412 sit
655 371 828 412 bonum.
889 372 971 412 Sed
993 381 1132 413 tamen
1155 387 1237 413 non
1260 379 1391 427 agunt
1412 371 1485 412 sic.
1544 372 1659 412 Nam

233 433 278 466 et
305 425 357 466 de
387 427 580 477 honesto,
601 436 643 468 et
672 427 724 468 de
757 442 924 468 summo
957 428 1069 469 bono
1102 428 1321 484 separatim
1346 427 1440 468 libri
1460 436 1584 468 sunt:
1615 436 1661 468 et

231 495 328 522 cum
351 497 401 523 ex
420 497 472 524 eo
492 483 711 533 efficiatur,
731 485 830 524 satis
852 498 1046 538 magnam
1070 484 1111 525 in
1132 486 1283 526 virtute
1305 485 1357 526 ad
1381 485 1500 524 beate
1521 483 1658 524 viven-

230 537 334 579 dum
364 553 455 580 esse
486 540 583 590 vim,
612 539 745 580 nihilo
775 539 914 580 minus
946 540 1027 580 hoc
1055 550 1188 595 agunt
1215 541 1451 596 separatim.
1483 539 1661 595 propriis

230 594 342 635 enim
370 604 413 636 et
444 596 528 636 suis
559 596 820 650 argumentis
852 604 894 636 et
926 596 1284 638 admonitionibus
1306 597 1522 638 tractanda
1543 606 1666 651 quae-'

230 665 314 706 que
345 666 410 692 res
445 660 522 703 est,
552 659 668 692 tanta
701 651 946 706 praesertim.
977 666 1075 692 cave
1106 653 1214 693 enim
1250 662 1385 708 putes,
1420 662 1457 685 23
1476 652 1606 693 ullam
1635 666 1662 693 a

228 707 498 763 philosophia
517 721 662 748 vocem
685 707 880 748 emissam
902 708 1135 758 clariorem,
1157 708 1339 750 ullumve
1359 724 1450 751 esse
1468 709 1660 764 philoso-

228 763 340 819 phiae
360 764 611 819 promissum
643 764 829 816 uberius,
849 773 923 805 aut
943 764 1094 820 majus.
1153 766 1265 805 Nam
1289 765 1390 820 quid
1409 765 1657 821 profitetur?

229 834 255 861 ο
289 819 346 860 dii
379 820 507 861 boni!
539 820 820 875 perfecturam
857 835 917 871 se,
950 822 1022 876 qui
1055 821 1220 876 legibus
1249 821 1334 861 suis
1363 821 1581 876 paruisset,
1612 828 1660 862 ut

227 884 340 918 esset
367 885 514 917 contra
543 877 758 918 fortunam
788 891 954 932 semper
983 887 1195 919 armatus:
1227 886 1274 918 ut
1304 878 1446 918 omnia
1466 876 1660 933 praesidia

226 932 401 974 haberet
418 932 462 974 in
482 948 526 974 se
547 933 653 975 bene
672 935 880 990 beateque
910 934 1069 975 vivendi
1084 950 1094 984 ;
1126 944 1177 975 ut
1203 942 1312 975 esset
1345 948 1510 989 semper
1540 933 1659 974 deni-

164 995 311 1045 20que
343 990 507 1031 beatus.
567 990 651 1031 Sed
682 990 838 1040 videro,
872 990 973 1046 quid
1005 991 1169 1031 efficiat.
1226 991 1450 1046 Tantisper
1481 990 1565 1031 hoc
1596 989 1662 1045 ip-

225 1061 321 1087 sum
342 1046 488 1102 magni
515 1047 693 1097 testimo,
713 1046 828 1103 quod
857 1046 1095 1103 pollicetur.
1154 1048 1266 1087 Nam
1298 1048 1458 1088 Xerxes
1486 1046 1659 1103 quidem

223 1103 399 1144 refertus
429 1104 624 1144 omnibus
657 1103 840 1158 praemiis
873 1102 1079 1158 donisque
1111 1103 1306 1154 fortunae,
1335 1119 1419 1144 non
1449 1102 1657 1159 equitatu,

224 1173 309 1201 non
331 1159 592 1214 pedestribus
612 1159 760 1214 copiis,
782 1174 868 1200 non
888 1160 1053 1200 navium
1076 1159 1362 1210 multitudine,
1383 1174 1467 1201 non
1491 1159 1657 1201 infinito

221 1216 409 1271 pondere
439 1216 530 1257 auri
558 1223 798 1266 contentus,
820 1224 858 1248 24
875 1215 1096 1271 praemium
1126 1216 1348 1271 proposuit
1376 1216 1429 1267 ei,
1450 1215 1522 1272 qui
1542 1215 1656 1257 inve-

223 1272 354 1314 nisset
384 1286 534 1313 novam
565 1272 839 1328 voluptatem.
898 1280 937 1304 2⁵
952 1272 1053 1314 Qua
1081 1272 1172 1327 ipsa
1199 1286 1282 1313 non
1311 1272 1458 1314 fuisset
1482 1279 1657 1313 conten-

179 1317 321 1371 1>‘tusz
352 1343 489 1386 neque
516 1328 629 1370 enim
662 1343 865 1385 umquam
899 1329 1023 1369 finem
1042 1328 1224 1370 inveniet
1251 1328 1399 1370 libido.
1456 1329 1550 1370 Nos
1570 1327 1658 1369 vel-

222 1385 308 1427 lem
330 1392 369 1417 26
382 1385 559 1442 praemio
587 1385 738 1427 elicere
767 1399 1001 1441 possemus,
1022 1385 1095 1441 qui
1113 1386 1234 1428 nobis
1254 1385 1413 1442 aliquid
1432 1384 1657 1436 attulisset,

224 1457 310 1498 quo
330 1442 412 1484 hoc
434 1442 593 1484 firmius
610 1441 890 1483 crederemus.

277 1499 334 1540 A.
355 1499 522 1542 Vellem
543 1498 589 1540 id
608 1498 806 1554 quidem:
838 1497 911 1540 sed
941 1497 1079 1539 habeo
1107 1497 1358 1553 paullulum,
1378 1497 1495 1554 quod
1515 1496 1656 1553 requi-

159 1560 206 1592 21
221 1569 325 1597 ram.
345 1569 428 1612 ego
448 1556 561 1597 enim
591 1554 808 1606 assentior,
830 1569 978 1596 eorum
1006 1570 1101 1610 quae
1120 1555 1315 1611 posuisti,
1335 1555 1512 1596 alterum
1534 1554 1657 1596 alteri

219 1626 482 1669 consequens
512 1627 618 1663 esse,
637 1620 700 1663 ut,
721 1610 1098 1668 quemadmodum,
1120 1611 1153 1652 si
1187 1611 1302 1667 quod
1333 1611 1559 1652 honestum
1585 1610 1655 1660 sit,

217 1668 263 1710 id
283 1669 422 1710 solum
443 1669 497 1710 sit
518 1669 694 1719 bonum,
713 1677 926 1724 sequatur,
949 1668 1075 1709 vitam
1105 1668 1272 1709 beatam
1303 1667 1455 1709 virtute
1476 1666 1653 1708 confici:

219 1724 294 1776 sic,
315 1725 350 1767 si
378 1726 462 1766 vita
492 1725 618 1767 beata
646 1725 689 1766 in
718 1725 870 1766 virtute
900 1725 968 1775 sit,
991 1724 1095 1765 nihil
1117 1738 1222 1774 esse,
1243 1724 1322 1765 nisi
1342 1723 1555 1773 virtutem,
1574 1723 1656 1765 bo-

218 1796 335 1823 num.
394 1782 478 1823 Sed
506 1782 663 1823 Brutus
694 1790 806 1832 tuus,
827 1789 864 1817 27
881 1790 1053 1822 auctore
1080 1780 1228 1821 Aristo
1249 1789 1292 1821 et
1310 1779 1547 1830 Antiocho,
1568 1793 1655 1820 non

218 1838 345 1880 sentit
365 1838 476 1880 hoc:
508 1846 629 1894 putat
661 1838 788 1888 enim,
809 1837 936 1878 etiam
965 1837 999 1878 si
1032 1837 1087 1878 sit
1117 1837 1277 1877 bonum
1306 1836 1481 1892 aliquod
1501 1843 1655 1892 praeter

216 1895 426 1937 virtutem.
485 1896 551 1936 M.
573 1894 691 1937 Quid
720 1894 880 1950 igitur?
913 1902 1061 1935 contra
1090 1893 1326 1935 Brutumne
1346 1907 1415 1933 me
1435 1892 1651 1934 dicturum

216 1954 370 2007 putas?
418 1951 474 1992 A.
512 1952 580 1992 Tu
617 1964 728 2002 vero,
763 1961 811 1992 ut
848 1949 1041 1991 videtur:
1087 1964 1184 1991 nam
1220 1950 1427 2005 praefinire
1463 1964 1548 1990 non
1584 1956 1649 1989 est

152 2012 204 2046 22
215 2022 372 2049 meum.
433 2009 499 2050 M.
520 2007 638 2050 Quid
668 2007 819 2062 cuique
841 2007 972 2062 igitur
995 2016 1325 2048 consentaneum
1347 2006 1414 2056 sit,
1435 2005 1517 2047 alio
1537 2005 1649 2047 loco.

213 2066 329 2107 Nam
361 2065 442 2106 ista
466 2063 571 2106 mihi
603 2073 647 2106 et
677 2078 775 2105 cum
796 2062 1015 2104 Antiocho
1043 2077 1168 2118 saepe,
1198 2071 1236 2094 23
1252 2073 1295 2103 et
1324 2076 1421 2103 cum
1452 2062 1652 2103 Aristone

212 2136 359 2178 nuper,
379 2137 478 2164 cum
500 2120 681 2163 Athenis
701 2119 929 2176 imperator
959 2119 1071 2175 apud
1091 2133 1187 2160 eum
1217 2118 1466 2169 deversarer,
1488 2117 1649 2160 dissen-

257 2282 295 2306 23
313 2274 403 2304 ullam
426 2286 444 2303 a
461 2272 582 2314 philos]
602 2284 619 2303 a
642 2272 722 2302 edidi
746 2272 858 2311 proin,
878 2278 913 2302 ut
956 2270 1045 2309 [ἕπει]
1069 2270 1214 2300 Latinitas
1231 2269 1367 2309 postulat
1389 2269 1509 2309 afflrret
1529 2268 1582 2298 sed
1606 2278 1653 2298 re-

215 2319 310 2349 nabet
335 2319 396 2348 Ms.
415 2318 485 2348 Vat.
507 2318 665 2356 ediditque
688 2322 718 2345 et
740 2315 910 2345 Davisiusz
954 2314 1084 2353 spicitur
1099 2313 1282 2353 praemium,
1298 2313 1384 2351 quod
1406 2313 1541 2342 demum
1561 2312 1653 2341 datur

214 2362 308 2401 idque
336 2361 451 2391 melius
477 2360 626 2390 convenit
649 2358 744 2388 verbo
768 2358 910 2395 emissam,
955 2359 997 2393 ei,
1013 2357 1068 2395 qui
1085 2355 1201 2386 attulit.

214 2405 290 2434 item
307 2404 391 2434 alteri
404 2402 591 2442 philosophice
601 2400 783 2441 promissum.
999 2406 1035 2435 27
1055 2406 1169 2428 auctore
1184 2395 1296 2435 Aristo]
1315 2396 1414 2426 Aristo
1437 2395 1539 2435 placet
1554 2396 1651 2425 Davi·

256 2454 295 2476 24
319 2446 474 2486 pra-mium
504 2445 650 2484 proposuit
680 2443 719 2482 ei]
751 2443 777 2472 ei
807 2443 910 2473 addidi
951 2443 997 2472 sio
1013 2451 1043 2472 et
1060 2442 1207 2471 Buherio.
1231 2450 1290 2471 nec
1307 2440 1386 2470 mihi
1402 2439 1554 2478 displicet.
1572 2447 1650 2469 nam

211 2499 290 2520 cum
305 2489 435 2519 Davisio
450 2489 543 2518 eMs.
560 2487 688 2517 Eliensi.
952 2492 983 2515 et
1006 2485 1105 2515 Acad.
1128 2485 1183 2520 lv,
1201 2490 1231 2514 4.
1274 2484 1396 2513 Aristus
1418 2489 1449 2511 et
1471 2482 1574 2512 Aristo
1596 2490 1651 2512 oc-

256 2540 295 2563 25
324 2532 391 2561 Qua
418 2532 439 2561 i.
465 2542 518 2560 non
536 2530 649 2570 ficisset
671 2526 827 2566 contentus]
857 2528 908 2557 Sic

211 2585 290 2608 cum
316 2575 446 2605 Davisio
475 2574 555 2603 edidi
587 2571 738 2612 profuit.
771 2573 814 2601 ita
844 2572 907 2610 ipse

210 2619 291 2649 olim
317 2618 516 2656 conjeceram
550 2625 591 2645 ex
619 2626 650 2645 re
680 2620 712 2643 et
742 2614 906 2644 latinitate.

211 2671 288 2692 nam
311 2662 336 2691 si
349 2660 419 2700 fuit
440 2668 552 2690 verum
577 2664 668 2693 esset,
696 2657 828 2695 intelligi
855 2658 908 2686 de—

211 2706 309 2740 beret,
347 2712 464 2733 novam
507 2701 703 2740 voluptatem
743 2700 907 2729 inventam

211 2748 321 2783 fuisse,
338 2754 368 2776 et
390 2755 427 2776 ea
449 2752 557 2776 tamen
574 2745 702 2774 inventa
717 2749 907 2773 contentum

211 2800 277 2821 non
294 2791 390 2820 fuisse
404 2789 556 2820 Xerxem.

254 2839 294 2864 26
315 2840 362 2873 pr.
378 2831 478 2861 elicere
494 2837 650 2871 possemus,
669 2828 721 2871 qui
735 2838 764 2859 n.
781 2839 809 2857 a.
825 2832 907 2857 attu-

951 2535 1104 2557 currunt:
1128 2528 1182 2557 sed
1207 2527 1259 2556 hic
1283 2525 1505 2564 intelligendus
1528 2531 1573 2554 est
1589 2525 1648 2554 fra-

951 2577 997 2600 ter
1026 2570 1195 2601 Antiochi:
1219 2571 1274 2609 qui
1304 2569 1364 2598 fuit
1393 2567 1523 2597 Aristus.
1552 2577 1584 2597 v.
1609 2567 1649 2597 de

953 2614 977 2643 F
977 2613 1022 2643 in.
1039 2613 1079 2650 V,
1095 2619 1125 2643 3.
1277 2641 1287 2653 ,

994 2663 1033 2687 28
1051 2663 1078 2685 et
1094 2665 1156 2685 cum
1171 2651 1317 2691 Aristode]
1337 2652 1423 2683 Quia
1443 2652 1496 2682 hic
1512 2661 1577 2682 non
1594 2661 1651 2681 ne-

952 2699 1125 2729 cessarium
1152 2704 1199 2728 est
1226 2696 1359 2736 intelligi
1382 2696 1509 2726 fratrem
1534 2695 1648 2725 Antio-

950 2742 1017 2778 chi,
1034 2751 1099 2772 non
1123 2750 1219 2771 ausus
1243 2749 1317 2771 sum
1342 2739 1394 2769 hic
1408 2747 1537 2778 quoque
1552 2737 1649 2769 corri-

950 2794 1022 2825 gere
1037 2784 1149 2815 Aristo.
