1778 3095
488 114 677 153 LIBER
715 113 1110 152 SINGULARIS.
1442 114 1516 153 605

145 241 197 263 ets
217 223 417 264 διοικεῖσθαι
436 223 520 263 τόνδε
534 224 586 262 τὸν
601 227 738 272 κόσμον,
754 224 908 272 crium-vet
924 223 982 261 καὶ
1002 221 1172 271 συμπαῦἧ
1199 223 1298 260 αὗτόν
1317 223 1407 273 αὑτῷ
1426 222 1516 260 ’σ’ντω·

147 281 253 328 τρίτον
268 278 312 324 ἓέ,
329 280 376 317 τὰ
391 279 467 330 πρὸς
481 278 607 319 τούτοις
623 278 794 326 μαρτύρια
808 282 936 323 μᾶλλον
958 278 1054 313 ἔοικεν
1075 275 1169 317 εἶναι,
1185 275 1329 323 μαντικὴ
1343 278 1399 323 μὲν
1422 277 1519 314 ἅπα-

148 349 200 368 σιν
214 331 393 383 ἀνθξῶποις
413 331 572 378 εὐδόκιμος
587 333 625 372 ὣς
640 327 772 371 ἀληθῶς
791 328 853 378 θεῷ
871 330 1074 379 tin-degeam·
1093 331 1110 368 ἦ
1131 328 1162 365 δὲ
1179 333 1241 365 τῶν
1257 333 1366 374 σοφῶν
1382 331 1457 379 ‘ugos
1472 330 1520 367 τὰ

147 383 375 432 συμςοεῖνοντα
392 387 593 434 effingis-nam,
615 386 652 425 ὣς
669 382 788 419 πάντα
808 381 902 418 κατὰ
917 386 1036 430 μοῖραν
1056 384 1233 429 γιγνόμενα
1253 379 1395 431 δεύτερα·
1412 385 1519 432 τρίτοι

147 436 184 474 δὲ
198 438 236 474 τὸ
257 437 527 488 πολυθξῦλλητον
546 439 644 478 ‘rga-0,
665 436 715 471 ὅτι
729 441 797 472 πᾶν
817 434 954 481 ἀξίωμα,
973 433 991 472 ’ἦ
1008 433 1131 476 ἀληθές
1151 438 1229 477 ἔφη,
1250 433 1267 473 ἢ
1287 433 1417 478 ψευδές.
1474 436 1520 470 Et

145 491 289 539 primum
308 490 434 541 quidem
455 496 700 538 argumentum,
720 487 810 538 quod
824 501 846 524 a
863 487 974 524 causis
995 499 1059 523 rem
1079 499 1242 537 quamque
1259 485 1521 523 antecedentibus

147 542 293 586 ducitur,
320 542 526 580 distinctione
556 555 733 579 causarum
768 539 968 590 Chrysippea
995 539 1164 581 dissolvit,
1192 553 1261 588 qua
1288 553 1407 576 causas
1434 541 1522 577 alias

138 596 306 646 perfectas
324 605 356 632 et
366 596 580 646 principales,
599 595 686 631 alias
706 590 908 641 adjuvantes
928 602 958 629 et
980 593 1152 643 proximas
1157 593 1255 640 facit
1271 609 1280 637 3
1311 593 1398 642 quod
1413 594 1521 630 omnia

146 649 278 699 quidem
303 649 494 699 antepositis
521 649 630 685 causis
637 648 749 693 fiant,
768 661 886 684 verum
907 660 968 682 non
989 645 1246 696 principalibus,
1267 659 1344 695 quae
1363 646 1441 682 solae
1457 646 1521 683 ab·

147 702 287 738 solutam
306 702 526 738 necessitatem
547 702 708 750 afferunt.
727 714 754 738 c.
780 706 838 746 17.
855 714 906 750 sq.
949 699 1103 736 Alterum
1123 708 1367 748 argumentum,
1387 699 1431 735 ab
1451 701 1524 750 ipsa

147 755 338 804 contagione
364 769 485 798 rerum,
514 754 570 791 boc
597 755 697 797 tollit,
724 753 812 805 quod
834 753 929 790 illam
956 751 1175 801 συμπάθειαν
1203 751 1260 788 boc
1293 761 1424 788 tantum
1453 752 1524 800 ff·

147 820 216 844 cere
238 808 391 852 ostendit,
417 818 455 844 ut
479 809 541 844 alii
568 807 617 844 ad
638 808 709 844 alia
733 808 799 843 sint
822 807 1041 856 propensiores
1062 815 1195 855 propter
1212 819 1333 842 causas
1353 806 1525 842 naturales

147 870 178 897 et
207 861 440 902 antecedentes,
467 875 530 898 non
557 870 682 905 autem,
709 867 746 896 ut
774 860 872 896 etiam
901 859 1116 896 voluntatum
1141 867 1327 895 nostrarum
1347 868 1446 908 atque
1463 869 1525 909 ap-

142 915 336 964 petitionum
365 915 447 951 tales
474 915 541 950 sint
569 927 694 952 causae.
782 915 845 949 Tam
873 921 903 948 et
927 913 1151 962 propensiones
1174 923 1272 962 paene
1292 912 1362 948 tolli
1376 922 1479 962 posse.
1497 926 1526 951 c.

148 973 187 1004 4.
208 974 244 1005 5.
300 968 555 1005 Divinationcm
574 974 698 1009 autem,
720 979 742 1002 a
761 979 828 1016 qua
853 966 984 1001 tertium
1004 975 1237 1014 argumentum
1256 964 1400 1009 ducitur,
1421 975 1527 1002 osten-

148 1019 199 1057 dit
216 1034 239 1057 a
257 1021 357 1057 nullis
371 1020 529 1071 perceptis
548 1021 632 1056 artis
653 1018 830 1070 proficisci,
857 1018 1000 1068 adeoque
1018 1027 1120 1055 totam
1139 1031 1205 1055 esse
1222 1018 1352 1054 inanem
1370 1029 1400 1054 et
1407 1019 1528 1066 falla-

148 1086 227 1110 cem.
247 1087 276 1111 c.
296 1074 333 1111 6.
354 1081 390 1120 7.
451 1075 580 1123 Quarto
598 1073 747 1124 denique,
775 1071 862 1123 quod
886 1071 930 1108 ab
948 1072 1004 1108 illo
1031 1072 1290 1108 Dialecticorum
1312 1072 1448 1120 placito,
1469 1086 1528 1109 ar-

149 1127 287 1163 cessitur
301 1143 313 1162 .·
342 1139 465 1163 omnem
492 1127 749 1168 enunciationem
769 1139 835 1162 esse
851 1125 911 1162 vel
926 1138 1043 1162 veram
1063 1125 1276 1173 velfalsam,
1296 1123 1420 1174 duplici
1439 1125 1529 1161 modo

149 1180 334 1230 responderi
357 1192 450 1231 posse
472 1190 600 1229 putat:
631 1181 691 1216 vel
715 1180 743 1215 si
769 1193 842 1216 cum
873 1179 1013 1228 Epicuro
1036 1179 1199 1228 placitum
1218 1177 1306 1214 illud
1324 1178 1528 1214 Dialectico-

149 1247 225 1269 rum
248 1234 431 1281 rejiciatur,
459 1234 547 1283 quod
571 1247 605 1269 se
630 1233 730 1269 malle
753 1234 818 1276 ait,
848 1246 960 1283 quam,
977 1233 1062 1280 fato
1090 1232 1198 1268 omnia
1213 1230 1309 1277 fieri,
1335 1231 1530 1273 concedam

151 1286 212 1323 vel
232 1300 306 1322 cum
337 1286 512 1324 Carneade
537 1286 709 1335 defendas,
732 1299 798 1322 esse
809 1297 904 1335 posse
922 1285 1084 1335 quendam
1104 1285 1208 1321 animi
1227 1294 1349 1321 motum
1367 1285 1528 1321 ‹volunta-

150 1339 252 1384 rium,
280 1340 330 1376 ad
354 1354 448 1389 quem
473 1353 535 1376 non
566 1340 758 1389 requiratur
789 1353 893 1375 causa
920 1348 1070 1382 externa,
1090 1338 1179 1387 quod
1204 1339 1247 1374 sit
1275 1338 1309 1373 in
1334 1347 1447 1374 nostra
1470 1349 1530 1388 po-

150 1399 282 1436 testate,
309 1393 464 1443 nobisque
485 1403 621 1443 pareat,
651 1407 708 1429 nec
734 1393 803 1428 sine
830 1406 960 1437 causa,
991 1392 1058 1438 ejus
1085 1392 1168 1428 enim
1196 1392 1244 1428 rei
1267 1404 1404 1427 causam
1424 1392 1530 1440 ipsam

152 1456 312 1482 naturam
341 1459 416 1483 esse.
438 1460 466 1482 c.
493 1453 550 1484 10.
571 1460 621 1496 sq.
679 1446 798 1493 Ery-'icit
824 1446 857 1481 in
884 1445 948 1481 bac
972 1445 1193 1495 disputatione
1223 1445 1324 1481 etiam
1343 1445 1437 1480 illam
1456 1457 1531 1480 con·

152 1499 305 1535 cludendi
330 1501 501 1542 rationem,
524 1504 602 1549 qu'ae
630 1499 763 1548 ignava
789 1499 881 1534 ratio
902 1498 1036 1543 dicitur,
1057 1498 1146 1549 quod
1160 1511 1199 1534 ea
1217 1498 1318 1533 omnis
1336 1510 1353 1533 e
1370 1498 1447 1534 ‘vita
1468 1498 1531 1534 tol-

152 1552 236 1588 litur
253 1553 363 1597 actio,
393 1562 424 1589 et
448 1553 578 1603 quidem
605 1566 679 1589 cum
706 1566 739 1589 eo
759 1552 862 1593 modo,
882 1566 945 1601 quo
969 1551 1171 1601 Chrysippus
1191 1551 1330 1594 solebat,
1351 1551 1409 1600 qui
1427 1560 1533 1588 osten-

152 1604 265 1648 debat,
298 1606 328 1642 si
341 1607 463 1654 fatale
493 1616 589 1649 esset,
623 1619 665 1642 ex
691 1605 799 1642 morbo
826 1605 967 1655 aliquem
1001 1605 1235 1646 convalescere,
1264 1604 1430 1652 confatale
1455 1616 1534 1646 esse,

153 1657 314 1695 medicum
341 1659 386 1695 ab
414 1659 480 1709 ipso
508 1658 682 1703 adbiberi,
714 1667 784 1696 tum
813 1673 859 1702 eo,
888 1672 950 1708 quo
982 1658 1187 1701 Carneades,
1207 1657 1266 1707 qui
1292 1670 1334 1693 ex
1351 1670 1390 1693 ea
1409 1658 1537 1694 ratione

153 1713 304 1762 consequi
327 1712 476 1756 docebat,
503 1721 540 1748 ut
565 1711 651 1748 nibil
676 1712 720 1748 sit
749 1712 783 1748 in
805 1719 967 1761 potestate
995 1721 1120 1755 nostra,
1142 1710 1373 1761 quodfalsum
1393 1723 1460 1746 esse
1477 1723 1535 1747 ex-

153 1764 342 1802 istimabat.
371 1779 400 1802 c.
425 1771 483 1802 12.
506 1779 557 1815 sq.
613 1765 765 1814 Attingit
793 1765 926 1801 tandem
954 1779 981 1801 c.
1002 1772 1039 1810 9.
1068 1765 1168 1801 etiam
1187 1777 1258 1800 eam
1289 1763 1363 1814 mg>
1393 1762 1536 1800 δυνατῶν

154 1819 423 1860 controversiam,
451 1832 529 1868 quae
555 1819 639 1854 inter
670 1817 854 1854 Diodorum
882 1827 913 1854 et
945 1817 1163 1867 Chrysippum
1191 1826 1297 1853 erat:
1327 1830 1463 1867 quorum
1484 1816 1538 1852 ille

154 1871 380 1915 contendebat,
405 1871 490 1908 nihil
514 1884 581 1908 esse
602 1871 767 1921 possibile,
787 1871 852 1906 nisi
869 1870 908 1906 id
924 1871 1012 1921 quod
1021 1870 1147 1917 fieret,
1178 1870 1267 1906 alter
1285 1877 1410 1913 autem,
1432 1870 1538 1905 multa

144 1924 228 1971 fieri
251 1935 353 1974 posse,
376 1924 538 1975 putabat,
565 1938 644 1974 quae
671 1938 733 1960 non
760 1923 969 1960 acciderent:
999 1925 1033 1959 in
1061 1938 1129 1973 qua
1158 1921 1380 1959 contro-versia
1400 1931 1539 1965 constat,

161 1978 345 2015 Ciceronem
366 1978 461 2016 κατὰ
481 1977 637 2029 Διὸὃωξον
647 1977 831 2023 judicasse.
852 1991 889 2014 v.
913 1978 978 2027 Ep.
1003 1976 1052 2014 ad
1069 1977 1159 2013 Div.
1183 1977 1250 2013 IX.
1270 1982 1308 2013 4.

619 2051 745 2092 Deest
759 2049 1023 2105 principium.

105 2126 287 2206 QUIA
307 2153 489 2210 pertinet
519 2152 572 2193 ad
597 2166 752 2202 mores,
780 2160 791 2182 1
808 2150 923 2207 quod
952 2149 1036 2201 ἦθος
1065 2150 1126 2191 illi
1145 2159 1309 2200 vocant,
1341 2164 1417 2190 nos
1447 2164 1538 2192 eam
1561 2165 1576 2210 1

104 2220 267 2269 partem
290 2209 585 2266 philosophiae,
606 2209 659 2249 de
680 2208 869 2249 moribus
895 2207 1104 2262 appellare
1126 2206 1310 2247 solemus
1332 2223 1341 2247 ε
1374 2206 1446 2247 sed
1468 2205 1541 2247 de·
1558 2239 1575 2269 1

106 2277 173 2312 cet
203 2276 432 2323 augentem
464 2266 651 2321 linguam
679 2265 891 2314 Latinam,
916 2263 1131 2304 nominare
1160 2262 1377 2303 moralem.
1408 2262 1540 2317 expli-

107 2324 324 2379 candaque
352 2323 410 2364 vis
435 2332 513 2373 est,
541 2321 733 2377 ratioque
763 2320 1115 2369 enuntiationum,
1137 2334 1231 2375 quae
1263 2318 1403 2359 Graeci
1431 2318 1544 2368 ἀξιώ-

106 2398 213 2435 ματα
241 2387 420 2422 vocant:
460 2393 553 2434 quae
585 2378 638 2419 de
668 2392 711 2418 re
741 2378 883 2418 futura
912 2390 1010 2417 cum
1041 2375 1200 2432 aliquid
1224 2375 1385 2426 dicunt,
1406 2375 1542 2431 deque

106 2452 174 2488 eo,
196 2437 313 2492 quod
331 2435 466 2491 possit
485 2433 586 2485 fieri,
607 2442 681 2474 aut
711 2448 793 2474 non
822 2433 969 2488 possit,
990 2447 1114 2488 quam
1138 2432 1220 2473 vim
1249 2431 1445 2482 habeant,
1464 2431 1543 2472 ob-

109 2507 232 2535 scura
260 2492 436 2548 quaestio
464 2500 556 2532 est:
588 2505 715 2547 quam
746 2490 822 2545 περὶ
854 2491 1008 2531 δυνατῶν
1037 2488 1282 2544 philosophi
1302 2487 1542 2544 appellant:

155 2659 169 2682 1
195 2649 270 2692 quod
290 2647 360 2680 ἦθος
384 2647 430 2677 illi
458 2648 577 2688 vocant]
602 2648 732 2679 Variant
752 2648 805 2678 hic
849 2657 910 2678 nus
934 2657 1037 2678 mores
1059 2648 1291 2687 exprimantur,
1309 2655 1407 2685 quam
1430 2645 1544 2684 plurali

110 2694 192 2725 libri.
208 2693 260 2723 alii
274 2693 393 2722 habent
409 2702 475 2732 quos
490 2690 561 2728 {ism
577 2692 628 2722 alii
643 2702 710 2732 quos
725 2688 806 2724 ἦθος,
848 2689 920 2722 ἤθη.
967 2691 1027 2720 Sed
1043 2691 1073 2720 id
1097 2690 1189 2720 nihili
1211 2697 1268 2719 est.
1314 2689 1394 2718 Vera
1409 2687 1547 2717 latinitas

111 2737 239 2776 vulgata
248 2737 309 2766 hoe
318 2734 428 2765 seculo
438 2733 530 2763 lectio
546 2735 617 2772 fuit,
635 2733 712 2776 quod
724 2730 805 2764 ἦθος.
850 2733 988 2771 postulat
1013 2733 1089 2775 quod
1108 2731 1189 2766 ἦθος,
1213 2733 1307 2770 idque
1334 2740 1390 2760 nos
1412 2731 1546 2760 servavi·

113 2781 260 2817 Davisius
290 2778 374 2808 dedit
404 2787 471 2818 quos
502 2773 584 2814 ἦθος,
614 2776 808 2816 putabatque
852 2785 936 2805 mus.
980 2776 1013 2806 Si
1028 2775 1088 2808 ἤθη
1104 2784 1216 2806 verum
1231 2780 1324 2810 esset,
1341 2774 1467 2804 deberet
1480 2782 1547 2803 esse

114 2834 180 2864 quos
196 2822 364 2853 convenire
380 2819 474 2850 verbo
490 2815 573 2857 ἦθος,
588 2829 652 2858 quo
667 2828 732 2849 non
749 2818 809 2848 mi-
852 2827 918 2859 quae
935 2816 1005 2850 ἤθη.
