1778 3095
255 126 333 158 254
597 120 850 158 TUSCUL.
883 120 1324 159 QUAESTIONUM

255 226 310 268 ris
350 226 570 284 cujusdam
603 229 730 271 animi
761 237 1036 285 praeceptum,
1070 229 1144 279 sic,
1181 239 1229 270 ut
1261 229 1468 269 tributum
1507 227 1587 269 deo
1622 228 1690 269 sit.

255 292 292 318 91
315 283 416 338 [hoc
435 293 510 336 est,
533 299 576 326 se
596 286 734 341 ipsum
756 300 879 341 posse
899 286 1193 350 cognoscere}
1552 318 1557 320 <

191 351 240 384 53
313 341 399 382 Sed
419 341 466 392 si,
487 342 621 396 qualis
641 343 695 384 sit
714 343 893 391 animus,
914 343 1002 398 ipse
1021 342 1186 384 animus
1208 341 1391 382 nesciet:
1425 340 1507 392 dic,
1528 355 1689 396 quaeso,

255 411 307 438 ne
327 411 416 438 esse
435 398 606 453 quidem
627 413 670 439 se
691 399 819 440 sciet
811 400 824 429 ³
859 413 910 439 ne
941 414 1035 440 mov
1039 399 1097 439 eri
1128 397 1298 462 quidern
1331 411 1373 438 se
1393 399 1405 436 ?
1439 412 1490 438 ex
1511 411 1597 452 quo
1619 397 1691 437 illa

254 453 362 495 ratio
393 463 490 495 nata
518 463 582 495 est
611 455 808 505 Platonis,
831 469 925 510 quae
956 470 981 495 a
1010 456 1183 496 Socrate
1202 463 1266 495 est
1286 454 1327 494 in
1354 453 1529 494 Phaedro
1559 453 1692 508 expli-

254 520 362 560 cata,
397 526 422 551 a
457 525 524 551 me
560 520 701 552 autem
738 511 876 566 posita
907 521 972 551 est
1006 511 1047 551 in
1084 520 1201 551 sexto
1230 511 1338 551 libro
1373 510 1425 550 de
1460 510 1692 572 republica.

171 569 240 617 23
258 567 377 623 Quod
396 576 551 620 semper
570 575 764 617 mozffletw,
781 574 981 606 aeternum
1002 574 1075 607 est.
1106 567 1214 621 quod
1233 573 1369 607 autem
1389 573 1543 607 motum
1565 564 1691 620 affert

209 638 241 668 b.
255 622 393 674 alicui,
426 623 611 678 quodque
640 623 772 677 ipsum
805 621 992 677 agitatur
1021 622 1199 671 aliunde,
1227 623 1388 678 quando
1409 621 1537 686 finem
1571 621 1690 662 habet

252 687 400 729 11101113,
423 678 636 719 9211118111ἷὶ
651 679 785 733 finem
817 677 961 719 haheat
989 692 1143 718 necesse
1171 686 1242 719 ewst
1274 678 1403 719 solum
1434 679 1562 735 igitur
1583 677 1693 734 quod

252 750 294 776 se
320 736 451 790 ipsum
482 735 757 790 moz1et‚quia
786 749 1010 798 numquam
1041 733 1239 774 deferitur
1262 749 1287 775 a
1313 750 1366 785 se,
1389 750 1614 791 numquam
1641 748 1692 775 ne

251 792 402 833 moveri
423 790 584 854 quidem
607 791 784 842 (18311111,
816 790 1041 847 quinetiam
1072 790 1227 840 8818113,
1258 805 1353 854 quae
1380 798 1604 842 moventur,
1627 790 1692 832 hic

239 847 359 903 fons,
393 848 466 888 lzoc
492 847 742 903 principium
773 856 832 889 est
862 847 1060 888 movendi.
1086 847 1282 902 principii
1313 854 1448 887 autem
1481 847 1598 889 nulla
1631 853 1691 888 est

190 914 242 946 54
254 905 378 961 origo
438 904 548 945 Nam
571 920 590 945 8
596 904 808 968 ‘principio
830 905 1015 945 oriuntur
1045 903 1208 944 omnia:
1243 903 1375 958 ipsum
1406 911 1542 945 autem
1571 903 1692 945 nulla

253 977 304 1002 ex
322 977 367 1002 18
385 960 470 1002 alia
490 961 602 1002 nasci
620 968 767 1016 potest.
796 976 867 1002 nec
887 960 994 1002 enim
1012 967 1115 1001 esset
1131 960 1395 1014 principium,
1417 961 1524 1016 quod
1542 960 1691 1017 gigne-

251 1025 366 1059 retur
386 1017 564 1059 aliunde.
597 1018 704 1081 quod
722 1018 757 1059 si
777 1032 999 1080 numquam
1023 1017 1166 1067 oritur,
1186 1032 1235 1057 118
1256 1016 1397 1057 occidit
1419 1017 1581 1072 quidem
1601 1031 1692 1057 um-

252 1089 391 1130 quam.
422 1090 520 1115 nam
546 1074 799 1129 principium
821 1073 1066 1115 exstinctum
1087 1088 1158 1113 nec
1180 1073 1311 1127 ipsum
1333 1073 1382 1114 ab
1405 1073 1485 1114 alio
1506 1087 1690 1114 renasce-

253 1138 335 1182 tur,
369 1146 441 1172 nec
473 1147 498 1172 a
529 1146 570 1172 se
603 1131 720 1172 aliud
747 1130 914 1181 creabit,
935 1129 1135 1193 319111118111
1166 1144 1320 1170 11888338
1347 1137 1406 1170 est
1434 1145 1459 1170 a
1486 1129 1689 1194 principio

252 1187 349 1229 oriri
371 1188 519 1229 omnia.
552 1188 612 1228 ita
622 1187 700 1243 fit,
723 1195 766 1228 ut
789 1194 920 1227 motus
936 1185 1187 1249 principium
1207 1201 1258 1226 ex
1278 1200 1318 1226 80
1339 1186 1408 1236 sit,
1431 1186 1538 1242 quod
1558 1185 1692 1249 ipsum

249 1259 277 1284 a
297 1259 338 1285 se
357 1252 553 1286 movetur.
586 1244 630 1284 z'd
659 1251 793 1284 autem
814 1258 885 1284 nec
906 1257 1018 1284 1111381
1041 1249 1194 1296 potest,
1215 1256 1286 1282 nec
1304 1242 1434 1283 mori..-
1466 1241 1531 1282 vel
1559 1242 1689 1283 conci-

251 1301 324 1341 dat
354 1316 468 1341 omne
498 1300 660 1350 caelum,
681 1308 718 1334 93
740 1299 946 1355 omnisque
977 1306 1087 1340 terra
1117 1297 1310 1338 consistat
1342 1313 1496 1339 necesse
1525 1305 1598 1349 est,
1619 1313 1692 1340 nec

250 1357 334 1397 vim
364 1357 497 1397 ullam
527 1357 801 1407 nanciscatur,
822 1370 904 1411 qua
929 1355 1063 1410 primo
1096 1354 1273 1408 impulsa
1303 1361 1526 1396 moveatur.
1589 1355 1691 1396 Cum

245 1420 393 1468 pateat
427 1428 439 1453 1
474 1413 570 1463 itur,
602 1421 804 1454 aeternum
834 1412 877 1453 id
894 1428 1001 1475 8338,
1035 1411 1142 1467 quod
1170 1426 1211 1452 se
1242 1411 1374 1465 ipsum
1403 1411 1690 1474 11101,18αέ,9111“3

249 1477 323 1521 est,
346 1470 418 1533 qui
436 1428 542 1511 {ane
559 1477 753 1511 naturam
773 1469 921 1510 animis
942 1484 1025 1510 esse
1045 1468 1241 1509 tributam
1271 1474 1389 1524 neget
1409 1470 1432 1508 ?
1464 1467 1691 1509 inanimum

249 1533 437 1567 8318111111
468 1542 596 1578 omne,
618 1527 725 1582 911οά
748 1525 874 1581 pulsu
896 1525 1086 1588 agitatur
1115 1531 1295 1565 externo.
1355 1524 1434 1564 uod
1463 1531 1599 1565 autem
1630 1532 1691 1565 est

249 1582 489 1634 11111111αὶ,1ἀέ
515 1590 628 1624 motu
658 1583 786 1623 cietur
815 1582 1019 1632 1111811018,
1040 1588 1309 1621 813110.1111111
1359 1595 1419 1621 oec
1437 1587 1494 1621 est
1518 1580 1690 1635 propria

247 1647 400 1680 natura
423 1639 551 1681 animi
582 1647 706 1695 atque
725 1639 927 1693 1113911813
948 1638 982 1679 si
1002 1644 1061 1679 est
1081 1652 1163 1677 una
1183 1652 1234 1677 ex
1255 1636 1450 1687 omnihus,
1473 1646 1511 1671 94
1527 1651 1623 1693 quae
1649 1652 1691 1678 38

186 1702 234 1733 55
249 1697 338 1751 ipsa
355 1706 511 1751 semper
529 1703 717 1737 moveat.-
749 1710 877 1751 neque
897 1702 998 1736 nata
1018 1709 1082 1735 881
1085 1701 1124 1734 te
1143 1700 1216 1744 est,
1238 1700 1276 1734 et
1297 1700 1455 1735 aeterna
1480 1700 1554 1734 est.
1613 1694 1689 1735 Li-

246 1762 316 1794 cet
346 1760 600 1793 concurrant
631 1752 784 1807 plebeii
814 1766 960 1793 omnes
985 1749 1244 1806 philosophi,
1269 1750 1344 1803 (sic
1374 1750 1486 1791 enim
1506 1749 1548 1800 ii,
1600 1750 1643 1791 ui
1662 1765 1689 1792 a

245 1809 434 1860 Platone,
465 1818 508 1850 et
540 1810 727 1859 Socrate,
762 1817 805 1849 et
840 1809 893 1849 ab
925 1822 974 1849 ea
1006 1806 1167 1848 familia
1198 1806 1416 1855 dissident,
1448 1820 1530 1862 app
1591 1807 1689 1849 andi

243 1865 452 1918 videntur)
487 1880 572 1906 non
606 1865 736 1906 modo
769 1865 873 1906 nihil
904 1877 1108 1920 umquam
1139 1872 1227 1904 tam
1258 1863 1477 1918 eleganter
1503 1862 1688 1918 explica-

244 1922 365 1973 bunt,
387 1923 460 1964 sed
480 1937 533 1963 ne
553 1922 637 1963 hoc
657 1921 829 1977 quidem
860 1922 1014 1976 ipsum,
1037 1933 1164 1975 quam
1196 1919 1407 1960 subtiliter
1435 1919 1684 1960 conclusum

244 1978 312 2030 sit,
334 1979 588 2035 intelligent.
650 1979 786 2020 Sentit
816 1978 948 2034 igitur
977 1977 1143 2018 animus
1166 1990 1210 2016 se
1229 1975 1413 2017 moveri:
1446 1975 1561 2031 quod
1585 1990 1685 2017 cum

245 2036 387 2086 sentit,
407 2035 513 2077 illud
533 2049 616 2076 una
636 2036 778 2085 sentit,
799 2049 842 2075 se
863 2050 900 2075 v1
922 2049 1010 2085 sua,
1032 2047 1116 2074 non
1136 2032 1272 2073 aliena
1300 2032 1485 2073 moveri:
1518 2046 1594 2073 nec
1614 2047 1687 2073 ac-

115 2102 148 2132 P·
164 2096 233 2123 160·
246 2091 386 2133 cidere
407 2106 554 2157 posse,
564 2100 613 2133 ut
632 2092 720 2147 ipse
739 2106 941 2147 umquam
964 2105 988 2131 a
1008 2104 1053 2130 se
1072 2089 1301 2130 deseratur
1332 2103 1385 2129 ex
1404 2103 1489 2144 quo
1509 2088 1688 2130 efficitur

206 2144 483 2190 ·aeternitas·
516 2148 594 2190 nisi
624 2148 726 2213 quid
756 2148 885 2189 habes
917 2147 971 2188 ad
1003 2146 1110 2187 haec.
1168 2146 1225 2186 A.
1254 2147 1349 2200 Ego
1378 2159 1476 2186 vero
1508 2153 1546 2179 9⁵
1564 2145 1687 2186 facile

246 2219 342 2246 sum
372 2220 535 2261 passus,
554 2219 606 2246 ne
634 2206 675 2246 in
702 2213 888 2245 mentem
919 2203 1090 2259 quidem
1121 2202 1227 2243 mihi
1257 2201 1417 2258 aliquid
1448 2209 1597 2243 contra
1617 2216 1686 2243 ve-

245 2262 357 2303 nire:
389 2262 447 2303 ita
466 2262 537 2303 isti
558 2261 676 2303 faveo
698 2261 930 2302 sententiae.

162 2317 233 2365 24
302 2319 369 2360 Μ.
391 2318 508 2375 Quid
530 2318 602 2359 illa
622 2317 821 2359 tandem?
856 2332 957 2358 num
978 2315 1134 2356 leviora
1153 2316 1323 2356 censes?
1356 2329 1451 2370 quae
1472 2313 1688 2357 declarant

180 2386 232 2423 56

287 2462 322 2486 91
354 2454 403 2483 hoc
427 2453 684 2494 est—cognoscere]
713 2454 784 2484 Hoc
807 2461 853 2484 est
876 2455 944 2484 sine
987 2462 1062 2487 nem,
1080 2459 1187 2482 tamen
1206 2450 1320 2482 melius
1338 2456 1383 2481 est
1397 2450 1479 2480 addi.
1495 2450 1600 2489 itaque
1616 2451 1686 2480 feci.

241 2497 341 2527 dubio
364 2497 547 2533 insititium‚
563 2504 599 2527 ut
615 2504 645 2528 et
661 2497 829 2527 Manutius
845 2504 875 2526 et
890 2497 943 2526 alii
1032 2501 1069 2526 93
1087 2495 1231 2536 omnisque
1255 2500 1333 2523 terra
1355 2492 1506 2533 consistat]
1530 2499 1607 2522 terra
1631 2503 1686 2534 pro

238 2540 437 2577 judicarunt,
469 2547 615 2578 recteque
646 2550 663 2569 a
694 2540 822 2570 Davisio
853 2540 944 2569 uncis
987 2537 1115 2577 vulgato
1132 2544 1237 2566 natura
1258 2537 1431 2575 legendum
1453 2545 1531 2567 esse.
1576 2536 1687 2567 Mure—

242 2583 418 2612 inclusum.
463 2583 524 2612 Sed
548 2583 612 2613 Ms.
628 2583 735 2612 Guelf.
760 2583 854 2612 habet
876 2584 941 2612 sic:
988 2585 1050 2615 tus,
1076 2580 1251 2610 Lambinus
1276 2580 1433 2609 viderunt.
1458 2589 1534 2609 nam
1559 2580 1591 2609 in
1615 2579 1685 2610 loco

242 2637 271 2655 a.
288 2637 306 2654 a
322 2632 503 2664 praeceptum
520 2625 660 2654 tributum
676 2637 694 2654 a
713 2625 774 2654 Deo
790 2626 839 2654 hoc
853 2625 903 2661 sit,
917 2636 945 2654 se
987 2622 1124 2652 Platonis
1142 2629 1187 2653 est
1203 2635 1257 2659 ’γῆν
1273 2634 1364 2653 emoza.

243 2667 336 2708 ipsum
346 2674 427 2707 posse
441 2678 601 2707 agnoscere.
1029 2673 1068 2697 94
1086 2676 1151 2706 quae
1167 2676 1195 2694 se
1210 2665 1272 2703 ipsa
1288 2672 1395 2704 semper
1407 2662 1534 2703 moveat]
1554 2663 1682 2704 Vulgati

286 2718 324 2744 92
342 2710 467 2740 vivendi
483 2710 511 2740 Ιι.
526 2721 555 2739 n.
573 2709 611 2749 e.]
639 2710 716 2740 Edd.
731 2716 805 2740 vett.
821 2710 942 2740 addunt
985 2715 1094 2738 contra
1111 2708 1299 2738 latinitatem
1317 2718 1344 2736 se
1359 2707 1369 2736 i
1391 2718 1462 2737 sam.

230 2753 326 2793 finem
348 2760 385 2783 ut
406 2761 436 2784 et
460 2754 524 2784 Ms.
540 2752 647 2784 Guelf.
672 2753 748 2782 item
767 2754 855 2783 Junt.
873 2763 941 2792 quo
1029 2758 1067 2783 95
1082 2750 1181 2790 facile
1203 2761 1264 2779 sum
1286 2755 1339 2788 pas
1341 2748 1401 2788 sus]
1424 2750 1475 2779 An
1496 2749 1549 2779 sim
1567 2756 1670 2789 passus

241 2808 305 2837 que.
329 2797 383 2827 etsi
412 2806 428 2827 e
454 2797 605 2836 superiori
628 2795 760 2835 intelligi
782 2802 882 2835 potest
895 2795 944 2835 fi·
986 2803 1041 2834 pro
1057 2794 1179 2834 patiar?
1206 2792 1321 2824 melius
1339 2794 1419 2823 mihi
1435 2794 1568 2824 videtur.
