1778 3095
616 110 799 150 LIBER
826 109 1074 147 PRIMUS.
1484 112 1560 157 267

133 220 401 276 perspicuum
422 220 489 271 sit,
509 218 614 260 nihil
628 231 754 273 posse
774 216 814 257 in
838 231 889 258 eo
910 230 1014 267 esse,
1035 214 1107 271 qui
1135 214 1225 270 ipse
1247 229 1331 256 non
1352 216 1405 257 sit
1423 234 1432 257 :
1463 217 1564 274 quid

135 286 277 331 potest
308 292 397 319 esse
434 278 476 317 in
510 289 561 316 eo
596 273 808 324 odiosum,
844 274 917 329 qui
955 287 1030 313 nec
1070 281 1224 322 careat,
1263 286 1340 312 nee
1380 275 1561 316 sentiat?

136 340 175 364 ⁶4
191 347 443 389 quamquam
471 332 553 372 hoc
582 330 751 386 quidem
783 329 905 370 nimis
933 343 1073 384 saepe:
1106 328 1178 369 sed
1198 343 1264 379 eo,
1285 328 1400 383 quod
1420 329 1461 369 in
1484 330 1564 372 hoc

136 389 244 431 inest
263 389 397 431 omnis
416 388 544 429 animi
564 386 798 428 contractio
828 401 878 427 ex
907 397 1027 426 metu
1057 385 1219 426 mortis.
1242 385 1314 440 qui
1335 384 1446 425 enim
1468 387 1565 427 satis

137 446 297 496 viderit,
332 444 374 485 id
407 444 523 500 quod
559 453 623 484 est
654 444 748 484 luce
786 442 956 494 clarius,
988 442 1144 491 animo,
1182 451 1224 481 et
1255 455 1431 494 corpore
1465 457 1568 482 con-

138 511 293 552 sumto,
314 510 491 556 totoque
523 501 748 550 animante,
779 498 918 540 deleto
948 509 991 539 et
1020 499 1133 539 facto
1164 497 1334 538 interitu
1365 498 1569 548 universo,

139 558 242 598 illud
261 557 427 607 animal,
451 557 567 612 quod
588 557 728 607 fuerit,
749 557 907 597 factum
934 569 1024 595 esse
1054 554 1171 604 nihil,
1202 554 1235 595 is
1267 554 1389 608 plane
1410 555 1571 609 perspi-

139 615 236 664 ciet,
257 614 366 653 inter
387 614 798 669 Hippocentaurum,
819 613 891 668 qui
920 626 1151 667 numquam
1184 611 1324 662 fuerit,
1355 619 1397 650 et
1426 626 1571 666 regem

139 670 525 724 Agamemnonem,
555 670 657 710 nihil
688 670 909 710 interesse:
942 682 1018 708 nec
1049 667 1178 722 pluris
1209 681 1318 708 nunc
1347 668 1484 708 facere
1506 668 1573 708 M.

143 725 374 766 Camillum
393 726 476 768 hoe
497 726 616 767 civile
635 726 810 776 bellum,
839 740 964 780 quam
995 739 1092 779 ego,
1114 731 1151 756 6⁵
1167 723 1240 764 illo
1262 723 1365 773 vivo,
1388 724 1573 775 fecerim,

142 782 323 823 Romam
354 793 537 838 captam.
598 782 688 823 Cur
719 783 848 838 igitur
881 792 923 822 et
960 781 1165 822 Camillus
1201 780 1378 831 doleret,
1416 781 1447 821 si
1484 780 1575 822 haec

140 847 238 893 post
260 848 469 881 trecentos
491 849 534 880 et
554 839 861 895 quinquaginta
891 839 976 878 fere
1006 853 1137 878 annos
1167 847 1364 878 eventura
1394 846 1574 892 putaret,
1589 849 1619 879 p·
1640 846 1708 871 16⁸-

141 903 186 935 et
204 909 287 950 ego
309 895 486 945 deleam,
508 897 542 937 si
563 895 617 937 ad
636 895 779 936 decem
804 895 935 935 millia
964 909 1169 934 annorum
1196 902 1368 948 gentem
1391 894 1573 950 aliquam
1588 892 1618 912 ³·

143 951 246 992 urbe
268 960 411 993 nostra
429 952 661 1008 potituram
683 953 855 1008 putem?
889 951 988 1006 quia
1019 959 1136 991 tanta
1164 951 1314 991 caritas
1335 951 1479 1004 patriae
1499 959 1576 1002 est,

144 1016 192 1048 ut
210 1022 302 1048 eam
324 1024 407 1050 non
428 1024 552 1050 sensu
573 1019 732 1060 nostro,
753 1008 825 1049 sed
846 1007 979 1048 salute
1001 1007 1129 1062 ipsius
1150 1007 1386 1047 metiamur.
1430 1008 1577 1063 Itaque
1591 1000 1661 1047 38

146 1079 231 1104 non
264 1064 447 1107 deterret
478 1065 709 1121 sapientem
745 1080 873 1115 mors,
907 1079 999 1119 quae
1032 1073 1204 1119 propter
1240 1064 1421 1104 incertos
1456 1078 1578 1105 casus
1592 1075 1638 1115 91

147 1121 332 1176 quotidie
352 1121 558 1172 imminet,
589 1132 761 1178 propter
790 1121 1034 1162 brevitatem
1067 1120 1161 1161 vitae
1192 1134 1423 1175 numquam
1453 1120 1581 1175 longe

147 1186 287 1231 potest
307 1178 466 1229 abesse,
487 1194 571 1234 quo
592 1179 732 1219 minus
752 1179 792 1219 in
813 1192 940 1218 omne
965 1186 1130 1232 tempus
1153 1177 1392 1231 reipublicae
1412 1177 1582 1232 suisque

148 1234 356 1285 consulat,
376 1243 418 1275 et
438 1236 726 1290 posteritatem
743 1236 890 1290 ipsam,
918 1233 1037 1291 cujus
1065 1247 1234 1274 sensum
1256 1233 1475 1274 habiturus
1498 1248 1583 1274 non

150 1289 219 1340 sit,
250 1290 303 1330 ad
333 1305 377 1331 se
407 1300 530 1347 putet
564 1291 782 1345 pertinere.
841 1291 987 1333 Quare
1018 1290 1118 1331 licet
1151 1291 1277 1330 etiam
1312 1290 1584 1331 661nortalem

151 1360 241 1387 esse
263 1347 465 1398 animum,
480 1348 744 1404 judicantem
766 1356 922 1388 aeterna
952 1345 1106 1397 moliri,
1138 1361 1219 1386 non
1251 1346 1400 1400 gloriae
1420 1346 1584 1401 cupidi·

152 1410 253 1453 tate,
285 1418 411 1458 quam
443 1418 637 1444 sensurus
671 1419 755 1444 non
787 1404 855 1454 sis,
890 1403 964 1443 sed
996 1403 1172 1453 virtutis,
1204 1417 1328 1457 quam
1353 1404 1585 1444 necessario

152 1458 303 1513 gloria,
323 1461 452 1500 etiam
473 1461 508 1500 si
527 1470 574 1501 tu
593 1460 637 1500 id
657 1474 740 1500 non
772 1474 888 1514 agas,
917 1468 1212 1514 consequatur.
1242 1468 1389 1499 natura
1413 1474 1507 1500 vero
1529 1460 1588 1501 sic

153 1529 198 1554 se
217 1515 360 1566 habet,
382 1525 443 1567 ut,
471 1531 555 1572 quo
585 1515 714 1556 modo
745 1516 909 1556 initium
941 1516 1060 1555 nobis
1092 1530 1228 1555 rerum
1261 1515 1447 1556 omnium
1472 1525 1588 1556 ortus

154 1581 297 1612 noster
323 1573 482 1624 afferat,
514 1573 572 1614 sic
602 1572 762 1613 exitum
797 1586 909 1612 mors
927 1587 938 1621 3
970 1580 1019 1611 ut
1054 1571 1156 1611 nihil
1187 1571 1388 1626 pertinuit
1423 1572 1476 1612 ad
1511 1587 1588 1613 nos

154 1636 251 1668 ante
281 1637 437 1680 ortum,
469 1629 527 1670 sie
558 1628 661 1669 nihil
690 1637 787 1684 post
821 1638 1003 1669 mortem
1039 1627 1276 1682 pertinebit.
1307 1628 1348 1668 in
1382 1643 1466 1682 quo
1487 1629 1589 1684 quid

155 1692 297 1739 potest
315 1699 405 1726 esse
426 1685 540 1735 mali,
574 1700 672 1726 cum
704 1700 818 1726 mors
855 1699 928 1725 nee
958 1684 1011 1725 ad
1045 1684 1154 1725 vivos
1188 1685 1407 1739 pertineat,
1439 1699 1515 1725 nee
1537 1685 1590 1726 ad

156 1743 377 1782 mortuos?
419 1742 540 1782 alteri
568 1741 672 1782 nulli
701 1750 812 1792 sunt,
848 1747 884 1777 67
902 1742 1056 1782 alteros
1090 1756 1173 1781 non
1204 1741 1387 1796 attingit.
1447 1741 1587 1783 Quam
1603 1750 1654 1790 92

157 1797 229 1852 qui
268 1797 464 1838 leviorem
495 1799 668 1848 faciunt,
699 1799 837 1839 somni
867 1798 1123 1839 simillimam
1154 1797 1300 1838 volunt
1325 1813 1443 1839 esse:
1475 1799 1592 1854 quasi

156 1868 255 1893 vero
290 1855 511 1910 quisquam
547 1855 605 1895 ita
641 1855 873 1910 nonaginta
907 1869 1036 1895 annos
1077 1854 1174 1894 velit
1207 1855 1354 1904 vivere,
1393 1865 1454 1904 ut,
1494 1869 1592 1896 cum

161 1910 378 1965 sexaginta
410 1911 651 1961 confecerit,
686 1911 869 1966 reliquos
901 1911 1097 1952 dormiat.
1134 1925 1185 1951 ne
1224 1926 1318 1951 sues
1350 1911 1519 1967 quidem
1551 1911 1595 1952 id

160 1966 303 2016 velint,
324 1981 408 2007 non
429 1967 559 2008 modo
580 1967 683 2022 ipse.
744 1974 782 1999 68
800 1968 1038 2024 Endymion
1068 1983 1180 2018 vero,
1201 1967 1232 2008 si
1256 1968 1419 2009 fabulas
1450 1968 1596 2009 audire

161 2022 370 2073 volumus,
391 2024 532 2064 neseio
554 2024 737 2080 quando,
758 2024 799 2064 in
822 2026 975 2065 Latmo
1006 2023 1276 2074 obdormivit,
1296 2025 1369 2080 qui
1391 2034 1454 2066 est
1473 2040 1595 2066 mons

165 2077 317 2119 Cariae.
354 2081 556 2131 nondum,
587 2081 751 2135 opinor,
781 2090 844 2121 est
873 2090 1155 2136 experrectus.
1195 2096 1295 2121 num
1331 2081 1461 2136 igitur
1497 2096 1596 2122 eum

163 2149 310 2176 curare
329 2151 488 2186 censes,
509 2152 607 2177 cum
637 2138 758 2177 Luna
784 2137 960 2187 laboret,
982 2152 1006 2177 a
1027 2152 1111 2193 qua
1139 2137 1385 2192 consopitus
1411 2147 1598 2193 putatur,

163 2200 211 2233 ut
230 2206 328 2233 eum
349 2193 627 2234 dormientem
659 2193 948 2235 oscularetur?
984 2194 1084 2249 quid
1113 2204 1231 2235 curet
1259 2203 1416 2245 autem,
1447 2195 1519 2250 qui
1549 2209 1600 2234 ne

167 2249 293 2290 sentit
322 2250 525 2305 quidem?
571 2249 701 2291 habes
731 2265 929 2291 somnum
959 2250 1190 2305 imaginem
1225 2251 1390 2301 mortis,
1420 2265 1599 2306 eamque

167 2305 357 2360 quotidie
390 2307 542 2348 induis.
603 2307 657 2347 Et
690 2306 873 2357 dubitas,
905 2306 1005 2362 quin
1038 2321 1183 2347 sensus
1219 2306 1259 2347 in
1291 2316 1428 2348 morte
1462 2307 1601 2348 nullus

167 2362 235 2412 sit,
255 2376 354 2403 cum
375 2363 417 2404 in
437 2363 527 2420 ejus
549 2363 773 2404 simulacro
794 2363 931 2404 videas
953 2369 992 2397 69
1005 2377 1095 2404 esse
1116 2362 1279 2404 nullum
1300 2378 1468 2404 sensum
1488 2365 1501 2404 ?

228 2419 440 2461 Pellantur
480 2434 584 2476 ergo
620 2420 710 2460 istae
743 2420 913 2475 ineptiae
954 2434 1073 2475 paene
1113 2419 1258 2470 aniles,
1299 2429 1394 2461 ante
1433 2430 1599 2476 tempus
1612 2416 1684 2470 39

1612 2489 1661 2532 93

215 2545 254 2570 64
279 2552 454 2582 quamquam
476 2541 525 2570 hoc
547 2553 576 2583 q.
593 2541 677 2570 nimis
693 2543 780 2581 saepej
800 2542 861 2571 Int.
897 2541 1060 2579 judicanti.

171 2583 319 2614 dicimus,
363 2584 470 2621 Sede-o,
487 2594 530 2614 sc.
546 2585 694 2614 facimus.
951 2590 988 2619 67
1015 2584 1117 2614 alteros
1132 2596 1185 2614 non
1205 2582 1343 2624 attingit]
1368 2585 1419 2615 Sic
1441 2586 1511 2615 edd.
1526 2592 1600 2615 vett.

217 2631 255 2656 65
279 2625 329 2655 illo
353 2626 440 2663 vivo,
453 2627 582 2668 fecerim
603 2627 642 2657 R.
665 2626 703 2665 c.]
733 2627 797 2658 Qui
819 2637 863 2657 sc.
908 2634 939 2657 et
956 2628 1018 2657 Ms.
1035 2628 1142 2657 Guelf.
1159 2628 1256 2667 vulgo
1272 2634 1317 2658 est
1332 2628 1470 2668 attinget.

174 2674 245 2698 tum
262 2678 326 2698 non
342 2678 439 2699 eram.
952 2675 990 2700 6⁵3
1017 2671 1177 2711 Endymion
1188 2682 1270 2706 vero,
1281 2671 1344 2711 sis.
1354 2683 1383 2702 a.
1395 2671 1444 2710 v.]
1459 2671 1538 2701 Puto
1550 2672 1602 2700 ad-

219 2715 258 2740 66
283 2723 320 2741 m.
348 2723 403 2741 esse
428 2712 555 2741 animum
573 2711 769 2752 judicantem]
804 2712 867 2742 Etsi
911 2714 1053 2743 dendum
1070 2714 1134 2755 qui,
1151 2721 1223 2744 ante
1235 2714 1268 2743 si.

178 2762 242 2782 non
257 2754 406 2784 vitiosum
422 2762 452 2784 et
467 2762 575 2785 contra
597 2755 785 2786 latinitatem
802 2765 868 2785 esse
954 2761 994 2788 69
1017 2768 1072 2785 esse
1088 2756 1199 2786 nullum
1219 2755 1341 2795 sensum]
1365 2766 1473 2786 sensum
1489 2756 1603 2786 delevit

178 2803 254 2833 puto
270 2796 451 2835 judicantem
462 2809 472 2826 .·
502 2805 610 2828 tamen
641 2799 679 2828 ad
705 2799 867 2829 vitandam
910 2799 1069 2830 Davisius.
1085 2800 1197 2839 placet.

178 2839 429 2870 accusativorum
478 2841 688 2878 frequentiam
737 2841 866 2879 legerim
