1778 3095
601 168 779 206 LIBER
806 167 1052 206 PRIMUS.
1463 171 1544 204 405>

114 292 196 334 que
215 287 357 321 autem
375 275 581 326 sciscitor,
601 290 676 316 cur
695 274 843 316 mundi
868 274 1142 315 aedificatores
1169 280 1342 328 repente
1369 269 1590 323 existite-*9

113 336 197 377 rint
219 353 229 377 :
275 344 313 368 3³
333 333 651 376 innumerabilia
686 331 840 372 saecula
878 331 1139 372 dormierint.
1215 331 1319 370 Non
1357 330 1468 370 enim
1508 331 1600 374 sim

114 392 296 433 mundus
325 390 464 432 nullus
495 398 597 439 erat,
617 389 772 430 saecula
802 402 885 428 non
914 396 1046 428 erant.
1104 386 1269 427 Saecula
1294 399 1405 426 nunc
1429 385 1541 436 dico,

112 461 197 489 non
230 463 293 499 ea,
329 462 423 502 quae
456 445 634 496 dierum,
664 445 937 499 noctiumque
966 458 1142 484 numero
1172 442 1321 483 annuis
1350 441 1543 482 cursibus

113 505 403 545 conficiuntur.
451 517 546 542 nam
584 502 733 551 fateor,
767 515 817 541 ea
845 501 934 541 sine
962 500 1110 541 mundi
1139 499 1406 540 conversione
1436 498 1543 538 effici

114 575 200 601 non
229 560 429 616 potuisse.
489 558 572 599 Sed
595 559 673 599 fuit
693 557 888 613 quaedam
908 557 962 598 ab
980 557 1144 597 infinito
1166 565 1356 610 temp-ore
1376 554 1544 595 aeterni-

114 624 191 667 tas,
212 630 337 672 quam
360 614 475 655 nulla
493 624 735 669 temporum
765 613 1100 668 circumscriptio
1119 613 1386 661 metiebatur,
1407 612 1546 665 spatio

112 682 267 721 tamen,
289 671 422 728 qualis
451 685 500 712 ea
530 672 670 721 fuerit,
693 670 873 726 intelligi
901 678 1068 725 potest:
1100 669 1215 724 quod
1243 683 1295 709 ne
1315 668 1357 708 in
1379 668 1545 723 cogita-

112 729 270 770 tionem
293 728 461 783 quidem
484 728 609 778 cadit,
629 736 677 769 ut
706 728 831 768 fuerit
862 735 1029 782 tempus
1054 725 1240 781 aliquod,
1262 724 1425 765 nullum
1445 739 1543 765 cum

113 793 279 839 tempus
300 793 423 825 esset.
464 785 552 825 Isto
572 784 702 840 igitur
721 792 809 824 tam
831 784 1038 824 immenso
1059 783 1196 838 spatio
1217 795 1376 838 quaer0‚
1396 781 1543 831 Balbe,
1556 790 1607 821 22

111 853 188 882 cur
208 842 384 881 Pronoea
405 849 540 881 vestra
558 841 792 896 cessaverit.⁴
842 840 1110 880 Laboremne
1129 839 1351 894 fugiebat?
1384 837 1446 878 At
1465 837 1545 877 iste

112 911 189 938 nec
210 897 382 952 attingit
403 897 547 947 deum,
566 912 644 938 nec
663 905 753 937 crat
771 895 897 946 ullus,
918 906 1015 936 c‘um
1035 910 1183 937 omnes
1203 903 1362 936 naturae
1384 894 1546 934 numini

111 953 267 1005 divino,
297 954 464 1004 caelum,
495 955 630 1008 ignes,
661 960 799 1004 terrae,
828 952 960 993 maria
990 961 1198 1007 parerent.
1256 951 1370 1008 Quid
1403 959 1545 991 autem

110 1019 213 1061 erat,
236 1010 352 1066 quod
381 1010 696 1065 concupisceret
726 1009 830 1050 deus
859 1008 1066 1050 mundum
1090 1016 1130 1040 34
1145 1008 1274 1063 signis
1303 1016 1346 1048 et
1374 1007 1546 1048 lumini-

110 1066 206 1117 bus,
240 1075 455 1122 tamquam
493 1066 641 1116 aedilis,
677 1067 853 1107 ornare?
886 1074 925 1098 3⁵
942 1065 990 1115 si,
1021 1073 1069 1105 ut
1102 1064 1241 1119 [deus]
1276 1063 1366 1119 ipse
1395 1064 1548 1104 melius

110 1121 349 1174 habitaret3
379 1132 502 1164 antea
527 1123 721 1164 videlicet
748 1131 940 1178 tempore
970 1122 1133 1162 infinito
1155 1122 1196 1161 in
1218 1120 1417 1170 tenebris,
1436 1128 1547 1161 tam-

112 1193 240 1234 quam
262 1180 304 1220 in
324 1179 567 1235 gurgustio,
588 1179 860 1220 habitaverat.
890 1187 989 1235 post
1007 1187 1150 1219 autem
1174 1177 1426 1218 varietatene
1448 1190 1548 1220 eum

112 1235 312 1277 delectari
333 1245 545 1291 putamuS‚
567 1252 652 1291 qua
672 1237 822 1277 caelum
855 1245 899 1277 et
924 1244 1056 1277 terras
1084 1243 1303 1276 exornatas
1326 1233 1545 1275 videmus?

113 1302 209 1347 quae
245 1292 325 1333 ista
357 1301 498 1348 potest
530 1306 619 1333 esse
650 1292 879 1334 oblectatio
908 1291 1019 1333 deo?
1054 1306 1149 1346 quae
1180 1292 1213 1332 si
1239 1300 1366 1341 esset,
1386 1304 1471 1330 non
1499 1303 1548 1329 ca

112 1348 278 1389 tamdiu
309 1363 450 1390 carere
479 1349 698 1403 potuisset.
758 1349 828 1389 An
847 1348 954 1399 haec,
974 1357 1024 1389 ut
1042 1348 1129 1388 fere
1150 1347 1303 1397 dicitis,
1325 1346 1546 1387 hominum
1560 1355 1609 1386 23

113 1415 240 1445 causa
271 1419 296 1446 a
323 1405 404 1446 deo
434 1406 666 1446 constituta
685 1407 812 1446 sunt?
845 1405 1176 1460 Sapientumne?
1200 1412 1372 1458 propter
1393 1416 1550 1456 paucos

112 1472 217 1515 ergo
239 1469 355 1502 tanta
376 1471 441 1503 est
461 1462 573 1502 facta
592 1476 731 1503 rerum
760 1461 940 1502 molitio.
1000 1461 1071 1501 An
1102 1460 1357 1501 stultorum?
1390 1466 1433 1499 at
1462 1459 1548 1513 pri-

112 1532 231 1558 mum
258 1532 384 1559 causa
409 1533 493 1558 non
519 1519 612 1568 fuit,
642 1533 720 1559 cur
747 1518 801 1559 de
831 1518 1034 1572 improbis
1062 1517 1169 1559 bene
1200 1523 1443 1557 mereretur.
1475 1514 1551 1554 de-

111 1572 209 1614 inde
231 1574 332 1629 quid
353 1585 416 1615 est
435 1583 666 1625 assecutus,
684 1590 782 1615 cum
804 1588 949 1614 omnes
971 1573 1090 1615 stulti
1111 1573 1194 1613 siut
1210 1573 1298 1612 sine
1319 1571 1449 1612 dubio
1471 1571 1552 1611 mi-

113 1630 299 1680 serrimi3
329 1631 512 1671 maxime
541 1631 657 1686 quod
688 1631 805 1671 stulti
835 1639 964 1671 sunt:
999 1629 1192 1670 miserius
1223 1629 1334 1669 enim
1370 1627 1550 1668 stultitia.

113 1686 214 1740 quid
236 1701 462 1742 possumus
482 1687 644 1729 dicere?
668 1687 830 1737 deinde,
853 1694 892 1718 86
904 1687 1017 1742 quod
1038 1687 1095 1727 ita
1112 1685 1247 1726 multa
1267 1694 1366 1725 sunt
1384 1684 1548 1725 incom-

112 1742 241 1784 moda
269 1743 312 1783 in
341 1744 438 1794 vita,
459 1752 507 1784 ut
536 1758 586 1784 ca
615 1744 821 1799 sapientes
853 1743 1179 1785 commodorum
1200 1741 1547 1796 compensatione

112 1798 286 1850 leniant,
300 1800 418 1840 stulti
437 1815 513 1841 nec
527 1801 655 1841 vitare
670 1801 875 1842 venientia
890 1810 1082 1855 possunt,
1093 1813 1170 1839 nec
1184 1799 1291 1839 ferre
1309 1797 1545 1852 praesentia.

113 1855 201 1911 Qui
231 1870 328 1896 vero
354 1857 562 1897 mundum
592 1857 729 1912 ipsum
757 1857 1013 1897 animantem
1035 1856 1351 1911 sapientemque
1373 1868 1462 1895 esse
1483 1853 1546 1894 di-
1566 1849 1630 1896 10

112 1920 275 1961 xerunt,
295 1919 333 1948 37
353 1913 470 1953 nullo
496 1913 627 1953 modo
656 1912 850 1954 viderunt
877 1913 1005 1953 animi
1034 1922 1242 1961 naturam,
1262 1910 1546 1965 intelligentes

112 1967 154 2007 in
194 1983 319 2022 quam
362 1969 539 2024 figuram
579 1968 726 2009 cadere
755 1979 924 2023 posset:
967 1969 1019 2010 de
1055 1984 1140 2024 quo
1176 1969 1313 2009 dicam
1350 1966 1546 2022 equidem

110 2024 256 2079 paullo
283 2033 395 2080 post.
453 2026 581 2066 Nunc
603 2034 747 2066 autem
767 2025 969 2067 hactenus
990 2025 1229 2067 admirabor
1249 2039 1394 2065 eorum
1418 2023 1547 2065 tardi-
1560 2032 1611 2064 24

155 2131 195 2155 33
219 2125 442 2154 innumerabilia
471 2132 538 2154 ante
568 2125 674 2155 saecula
700 2125 807 2155 dormi·
851 2125 908 2166 ipse
927 2127 958 2155 in
977 2127 1040 2155 ΜΞ.
1057 2125 1165 2156 Guelf.

111 2166 199 2206 erint]
219 2168 331 2198 Delevi
347 2175 425 2205 ante,
441 2169 526 2207 quod
539 2175 569 2199 et
581 2179 599 2198 a
614 2169 692 2199 Mss.
708 2170 807 2204 abest,
894 2173 934 2197 36
958 2169 1033 2210 quod
1046 2169 1090 2197 ita
1104 2167 1197 2198 multa
1213 2173 1277 2196 runt
1294 2167 1349 2197 inc.
1372 2167 1403 2196 in
1422 2167 1501 2203 vira,
1516 2174 1550 2195 m*

111 2212 195 2250 apud
211 2211 379 2242 Davisium
394 2218 425 2241 et
439 2221 457 2241 a
473 2211 580 2242 Guelf.
603 2219 635 2242 et
656 2212 689 2241 in
709 2221 809 2250 marg.
854 2211 930 2250 δῖα]
957 2212 1069 2241 Nesus
1094 2212 1234 2249 requirit,
1259 2210 1358 2239 deinde
1381 2210 1432 2239 etsi
1455 2210 1549 2238 multa

112 2253 226 2283 Lamb.

154 2303 194 2327 34
211 2296 300 2336 signis
313 2303 340 2325 et
355 2296 376 2326 l.
392 2303 541 2338 tamquam
553 2296 661 2335 aedilis]
678 2297 732 2326 Est
745 2297 808 2326 ele-

111 2348 189 2378 gans
204 2339 306 2375 lusus,
323 2341 377 2379 qui
394 2347 503 2370 tamen
529 2341 561 2369 in
583 2339 692 2379 lingua
709 2340 807 2369 latina

110 2387 238 2413 tantum
264 2381 375 2413 locum
402 2383 510 2419 habet,
537 2393 577 2413 ex
600 2384 807 2422 ambiguitate

110 2425 197 2455 verbi
213 2425 294 2464 signa
310 2436 384 2465 quae
395 2427 433 2456 de
444 2426 600 2455 sideribus
612 2427 761 2456 dicuntur
774 2427 806 2455 in

111 2466 206 2504 coelo,
222 2474 253 2497 et
266 2469 304 2498 de
319 2469 443 2505 statuis,
458 2469 576 2507 quibus
597 2469 703 2499 aediles
725 2469 806 2499 sole-

110 2508 191 2539 bant
212 2511 245 2540 in
266 2510 348 2541 ludis
364 2521 473 2541 ornare
489 2512 595 2542 forum
611 2519 641 2541 et
656 2513 734 2547 vias,
752 2522 805 2551 per

111 2561 191 2590 quas
206 2562 322 2592 pompa
337 2554 491 2584 Circensis
508 2556 695 2585 duceretur:
720 2556 805 2585 unde

111 2601 144 2624 et
162 2595 268 2635 jbrum
297 2603 428 2626 omarum
453 2599 578 2627 dicitur.
603 2598 688 2628 male
710 2598 807 2636 igitur

110 2638 204 2667 vertit
219 2638 382 2669 Olivetus:
405 2651 485 2669 omer
503 2639 645 2670 l'um'vers
667 2641 701 2670 de
711 2641 807 2679 flam-

113 2678 206 2709 beaux
232 2680 391 2718 lumineux,
414 2693 517 2711 comme
532 2683 628 2723 flroit
647 2696 685 2713 em
708 2683 808 2714 Edile.

115 2722 230 2753 malim
256 2733 330 2753 vero
354 2731 381 2753 et
403 2723 558 2755 luminibus
579 2727 700 2763 abesse,
722 2727 808 2766 quod

115 2767 288 2805 corrumpit
303 2766 424 2797 lusum.

157 2814 196 2839 35
220 2808 244 2837 si
266 2816 299 2838 ut
322 2810 402 2839 Deus
423 2810 482 2848 ipse
502 2809 602 2839 melius
619 2809 700 2849 hab]
726 2811 808 2841 Deus

112 2850 236 2880 videtur
260 2851 446 2888 delendum,
474 2853 617 2882 additum
643 2863 662 2882 a
689 2853 806 2892 glossa-

113 2899 192 2930 tore,
217 2899 254 2924 ut
274 2901 349 2926 ante
372 2896 468 2928 verbo
494 2895 577 2925 ,Deus
596 2896 739 2928 additum
761 2902 807 2929 es}

853 2261 1056 2283 sunt—tamen
1072 2265 1106 2282 ea
1121 2260 1182 2292 sap.
1199 2254 1252 2282 sed
1276 2263 1330 2292 pro
1353 2263 1391 2282 eo
1411 2253 1549 2291 exquisi-

852 2298 916 2326 tius
932 2297 1011 2326 dixit
1028 2297 1071 2325 ixa
1086 2296 1179 2325 multa
1196 2303 1272 2332 sunt,
1290 2303 1321 2324 m
1338 2306 1369 2324 ea
1383 2307 1392 2323 .-
1410 2296 1467 2325 i.c.
1485 2297 1546 2325 hoc

851 2341 960 2375 modo,
977 2340 1036 2368 hac
1059 2340 1148 2378 quasi
1167 2339 1244 2378 lege.
1269 2339 1323 2368 sed
1340 2337 1372 2366 τὸ
1388 2338 1463 2379 quod
1478 2348 1547 2367 uio-

851 2382 968 2412 lestum
984 2389 1047 2411 est:
1072 2381 1248 2420 malimque
1262 2381 1382 2417 abesse,
1398 2387 1452 2410 aut
1469 2389 1546 2410 cum

850 2425 980 2455 Davisio
1001 2426 1152 2463 corrigere
1176 2435 1273 2465 quum.
1298 2431 1368 2452 turn
1395 2430 1463 2462 post
1490 2433 1547 2461 pro

843 2468 953 2506 possint
981 2476 1061 2497 recte
1091 2468 1240 2497 Davisius
1266 2467 1362 2496 edidit
1383 2472 1500 2505 possmit
1529 2476 1546 2495 e

849 2511 928 2541 Mss.
943 2511 1060 2550 quibus
1075 2517 1105 2540 et
1121 2510 1227 2540 Guelf.
1243 2510 1414 2547 consentit,
1429 2516 1459 2539 et
1474 2510 1545 2539 edd.

847 2560 922 2583 vett.

892 2603 929 2631 37
955 2607 983 2625 n.
1001 2596 1080 2625 modo
1101 2607 1135 2626 v.
1158 2607 1187 2626 α.
1209 2601 1358 2631 naturam,
1380 2594 1545 2634 intelligen-

851 2638 903 2678 tes]
924 2640 987 2669 Hic
1009 2639 1128 2678 aliquid
1150 2639 1217 2668 vitii
1239 2645 1308 2676 est;
1333 2647 1410 2667 nam
1433 2647 1546 2667 sensus

850 2683 1041 2712 commodus
1057 2692 1121 2711 non
1137 2681 1272 2711 efficitur
1284 2681 1484 2711 consentiens
1500 2680 1546 2710 la-

850 2726 976 2755 tinitati.
1020 2725 1169 2756 Davisius
1192 2724 1331 2760 volebat,
1356 2735 1410 2752 non
1435 2722 1545 2751 intelli-

849 2774 968 2807 gentes:
992 2769 1078 2806 quod
1103 2778 1169 2797 non
1196 2767 1298 2807 placet
1320 2767 1405 2796 satis.
1449 2766 1546 2794 Venit

850 2811 931 2840 mihi
953 2812 985 2840 in
1005 2818 1169 2840 mentem:
1194 2809 1272 2839 nullo
1292 2808 1370 2838 modo
1391 2808 1544 2842 viderunt,

848 2853 941 2882 animi
953 2860 1059 2882 natura
1073 2852 1260 2892 intelligentis
1274 2852 1303 2880 in
1317 2850 1545 2893 quamfgnram

849 2895 949 2924 cadere
962 2901 1065 2934 posset.

846 2936 966 2991 ndg
