1778 3095
210 137 292 170 404
589 131 668 169 DE
696 130 961 170 NATURA
989 131 1254 170 DEORUM

212 239 350 296 inquit
368 238 567 291 arridens,
583 240 636 280 ab
656 239 806 281 eodem
832 240 1004 282 Philone
1026 241 1130 282 nihil
1151 241 1254 282 scire
1275 237 1494 282 didicistis.
1527 240 1644 283 Tum

212 310 371 360 ego,
330 296 447 338 Ouid
468 296 751 347 didicerimuS,
773 297 904 339 Cotta
923 297 1093 338 viderit:
1125 305 1164 330 26
1180 308 1226 339 tu
1253 305 1397 338 autem
1427 296 1527 337 nolo
1556 298 1645 339 exi-

213 353 373 404 sumes,
394 368 463 393 me
484 353 720 408 adjutorem
740 354 839 394 huic
860 355 1034 403 venisse,
1054 353 1126 395 sed
1147 354 1398 404 auditorem,
1413 362 1457 394 et
1475 353 1646 417 quidem

215 424 401 466 aequum,
417 410 550 449 libero
564 409 742 465 judicio,
760 411 876 451 nulla
895 409 1105 465 ejusmodi
1122 411 1368 452 adstrictum
1386 408 1649 463 necessitate,

216 474 265 507 ut
284 466 402 516 mihi,
424 466 561 516 velim,
582 466 728 517 nolim,
749 466 803 507 sit
821 476 936 508 certa
955 466 1146 521 quaedam
1170 467 1327 508 tuenda
1348 465 1566 508 sententia.
1557 488 1597 516 .s

172 527 204 573 3
271 523 384 563 Tum
405 522 607 573 Velleius,
632 523 805 563 1111611161
835 536 947 572 sane,
977 531 1024 563 ut
1054 523 1190 564 solent
1221 524 1304 574 isti,
1330 522 1434 563 nihil
1467 526 1563 563 tam
1578 536 1649 564 ve-

158 592 326 633 ffirens,
366 593 489 634 quam
527 594 579 619 ne
612 579 804 619 dubitare
834 579 974 633 aliqua
1004 579 1056 619 de
1084 594 1130 620 re
1158 579 1395 621 videretur:
1429 587 1649 634 tamquam

218 635 348 675 modo
383 650 435 676 ex
465 635 642 676 deorum
678 634 874 685 concilio,
908 643 950 674 et
980 649 1030 675 ex
1060 636 1232 690 Epicuri
1260 634 1552 677 intermundiis
1577 634 1652 676 de-

216 691 473 732 scendisset:
496 691 669 740 Audite,
691 691 842 746 inquit,
865 706 949 731 non
971 691 1110 732 futiles
1131 692 1534 747 commenticiasque
1553 705 1649 732 sen-

216 748 385 799 tentias,
421 762 506 788 non
540 747 734 802 opificem
770 746 1153 803 aedificatoremque
1190 748 1351 799 mundi,
1383 748 1566 789 Platonis
1597 748 1652 789 de

217 804 381 846 Timaeo
402 804 550 844 deum:
571 817 646 843 nec
668 817 797 844 anum
818 804 1031 845 fatidicam
1053 805 1294 845 Stoicorum
1315 805 1502 860 πρόνοιαν,
1523 819 1654 861 quam

218 861 369 901 Latine
384 861 484 901 licet
504 874 619 915 prou
608 859 807 900 ³dentiam
824 860 984 901 dicere:
1008 875 1144 916 neque
1160 876 1182 901 v
1185 874 1257 901 ero
1274 860 1506 901 mundum'
1496 876 1654 916 ipsum,

217 918 359 957 animo
389 925 432 957 et
461 916 652 957 sensibus
682 916 924 971 praeditum,
954 918 1200 967 rotundum,
1230 917 1460 966 ardentem,
1489 917 1653 959 volubi-

217 972 303 1013 lem
319 973 463 1023 deum,
477 981 672 1028 portenta
687 983 728 1013 et
747 973 845 1014 mire
840 974 948 1014 cula
961 989 1046 1014 non
1061 973 1357 1015 disselentium
1373 972 1654 1038 philosopho-

161 1045 331 1085 syrum,
361 1030 436 1071 sed
465 1030 781 1070 somniantium.
843 1030 1010 1072 Ouibus
1040 1030 1153 1071 enim
1183 1029 1317 1071 oculis
1347 1029 1476 1070 animi
1503 1029 1657 1071 intueri

219 1095 362 1142 pottut
381 1097 513 1127 vester
534 1086 652 1126 Plato
674 1086 776 1126 fabi
768 1101 876 1126 icam
909 1086 1024 1128 illam
1052 1086 1158 1128 tanti
1190 1086 1343 1142 operis,
1364 1100 1449 1142 qua
1466 1086 1657 1127 construi

219 1158 245 1184 a
279 1142 376 1193 deo,
405 1151 533 1199 atque
572 1142 715 1183 aedifie
709 1143 769 1183 iri
797 1143 1006 1184 mundum
1036 1143 1166 1183 facit?
1205 1158 1307 1206 quae
1330 1142 1526 1183 molitio?
1560 1157 1659 1198 quae

219 1199 500 1240 ferramenta?
534 1199 607 1255 qui
636 1200 807 1240 vectes?
841 1214 937 1253 quae
967 1199 1203 1240 machinae?
1239 1214 1312 1255 qui
1340 1199 1520 1240 ministri
1550 1199 1659 1240 tanti

219 1256 406 1297 muneris
436 1256 635 1296 fuerunt?
669 1254 1034 1322 quemadmodum
1063 1265 1207 1296 autem
1236 1254 1410 1296 obedire
1438 1263 1482 1295 et
1509 1269 1657 1310 parere

219 1312 426 1353 voluntati
459 1311 679 1352 architecti
711 1316 797 1362 aer,
816 1311 943 1366 ignis,
963 1326 1088 1367 aqua,
1109 1320 1220 1353 terra
1237 1313 1495 1367 potuerunt?
1530 1311 1658 1353 Unde

177 1381 318 1411 exero
338 1376 443 1409 ortae
461 1375 499 1404 27
516 1368 598 1408 illae
620 1368 807 1424 quinque
827 1369 994 1419 formae,
1013 1383 1064 1409 ex
1095 1368 1249 1424 quibus
1277 1367 1439 1423 reliqua
1471 1368 1658 1409 forman-

220 1434 303 1476 tur,
324 1434 421 1480 apte
440 1424 638 1466 cadentes
665 1424 719 1465 ad
743 1425 932 1465 animum
951 1424 1217 1466 efficiendum
1236 1424 1545 1480 pariendosque
1565 1438 1661 1465 sen-

219 1496 316 1522 5115
291 1456 320 1513 Ρ
340 1490 384 1523 28
395 1482 574 1537 longum
597 1490 662 1522 est
680 1481 837 1522 omnia.
857 1497 953 1536 quae
973 1481 1075 1523 talia
1094 1491 1207 1532 sunt,
1224 1489 1272 1522 ut
1293 1490 1332 1514 29
1342 1489 1489 1536 optata
1506 1481 1660 1536 magis,

156 1555 209 1585 20
221 1527 347 1593 quam
369 1538 537 1579 inventa
556 1538 789 1580 videantur.
848 1546 889 1570 30
906 1538 991 1579 Sed
1010 1538 1082 1579 illa
1100 1538 1298 1593 palmaris
1319 1537 1506 1601 quidem,
1528 1537 1662 1593 quod,

221 1595 296 1650 qui
317 1610 401 1635 non
423 1594 554 1635 modo
576 1603 723 1636 natum
745 1595 952 1636 mundum
974 1594 1269 1645 introduxerit,
1288 1594 1362 1635 sed
1383 1594 1509 1635 etiam
1531 1608 1659 1635 manu

221 1665 344 1715 paene
363 1651 569 1701 factum,
558 1666 594 1691 15
614 1665 714 1692 eum
733 1651 885 1692 dixerit
904 1652 994 1692 fore
1015 1651 1331 1705 sempiternum.
1365 1651 1494 1691 Hunc
1515 1663 1663 1691 censes

217 1707 383 1762 primis,
413 1716 461 1747 ut
490 1706 658 1758 dicitur,
687 1707 813 1748 labris
848 1716 1042 1763 gustasse
1072 1707 1404 1762 physiologiam,
1432 1706 1505 1762 qui
1535 1705 1661 1762 quid-

222 1778 368 1819 quam,
387 1763 504 1819 quod
523 1771 667 1804 ortum
689 1763 757 1814 sit,
778 1772 900 1818 putet
929 1772 1136 1805 aetemum
1166 1778 1256 1804 esse
1287 1763 1440 1818 posse>
1473 1778 1568 1819 quae
1597 1771 1663 1805 est

221 1820 336 1860 enim
374 1819 692 1876 coagmentatio
730 1834 816 1861 non
853 1820 1136 1861 dissolubilis.
1126 1822 1140 1851 Ρ
1186 1828 1260 1861 aut
1294 1818 1397 1875 quid
1429 1827 1508 1870 est,
1539 1819 1677 1876 cujus-

218 1875 477 1931 principium
511 1876 686 1932 aliquod
723 1877 791 1927 sit,
826 1876 931 1917 nihil
963 1876 1017 1917 sit
1047 1877 1314 1917 extremum?
1358 1877 1538 1916 Pronoea
1566 1890 1666 1917 vero

218 1940 259 1964 ²⁵1
276 1932 312 1973 si
332 1941 468 1973 v·est1a
486 1941 565 1983 est,
587 1933 740 1984 Lucili,
758 1932 936 1982 eadem3
968 1933 1150 1996 requiro,
1172 1948 1268 1988 quae
1287 1931 1431 1987 paullo
1450 1941 1562 1982 ante,
1581 1933 1664 1974 mi·

218 1989 392 2039 nistros,
413 1964 644 2040 machi’nas,
664 2003 837 2030 omnem
858 1964 989 2030 totius
1009 1989 1151 2044 operis
1169 1988 1523 2043 designationem,
1537 1997 1664 2044 atque

214 2054 498 2100 apparatum:
530 2045 593 2086 sin
613 2046 695 2086 alia
714 2054 794 2096 est,
814 2060 889 2086 cur
908 2045 1133 2087 mortalem
1160 2046 1306 2086 fecerit
1333 2044 1557 2096 mundum,
1577 2059 1664 2087 non

223 2097 587 2158 quemadmodum
609 2102 848 2144 Platonicus
871 2103 988 2154 deus,
1010 2102 1329 2158 sempiternum.
1388 2109 1428 2134 ³2
1442 2102 1517 2143 Ab
1546 2111 1666 2143 utro-

267 2221 308 2246 ‘26
332 2222 364 2245 tu
386 2222 483 2245 autem
506 2215 567 2245 nolo
589 2213 748 2256 existimes]
774 2216 923 2247 Davisius
967 2216 1000 2245 τὸ
1015 2223 1113 2257 optare
1128 2217 1299 2256 opponitur
1314 2216 1357 2254 τῷ
1370 2215 1468 2245 docere
1480 2226 1491 2245 .-
1509 2215 1595 2245 unde
1609 2224 1663 2254 pa*

224 2258 340 2289 melius
365 2260 429 2289 fore
451 2265 541 2298 putat
562 2266 595 2287 tu
617 2265 714 2288 autem
736 2258 801 2288 volo
822 2259 923 2288 existi-
966 2266 1022 2295 tet,
1039 2260 1159 2289 inventa
1175 2259 1244 2289 11.1.
1260 2269 1340 2296 6556,
1352 2268 1426 2298 quae
1441 2265 1522 2288 recte
1537 2258 1666 2296 excogi-

224 2313 294 2338 ωας,
309 2313 363 2331 non
379 2313 422 2330 me
437 2302 500 2342 anfi.
515 2301 580 2331 volo
595 2309 661 2332 erat
676 2303 709 2332 in
726 2302 790 2331 Ms.
807 2302 924 2332 Canta·
966 2309 1030 2333 tata
1045 2304 1121 2338 sint,
1139 2308 1170 2332 et
1185 2303 1359 2333 rationibus
1374 2302 1455 2331 adeo
1473 2301 1596 2331 idoneis
1610 2301 1664 2330 fir-

225 2345 305 2383 brig.
329 2346 385 2374 sed
409 2346 474 2384 ipse
498 2346 654 2385 agnoscit,
679 2354 746 2375 non
772 2355 838 2376 6556
867 2354 923 2376 ne·
967 2346 1046 2376 mari
1061 2346 1192 2385 possint.

223 2387 410 2417 cessarium.
1012 2395 1053 2419 30
1075 2387 1136 2418 Sed
1159 2387 1213 2417 illa
1234 2386 1380 2426 palmaris
1401 2384 1529 2427 quidem]
1550 2384 1664 2427 quidem

269 2436 307 2464 27
292 2430 395 2464 yillae
419 2430 545 2481 quinque
547 2429 702 2482 firmae]
701 2430 840 2460 Platonis
855 2430 924 2462 scil.
968 2431 1055 2462 abest
1079 2431 1144 2461 Ms-
1168 2429 1276 2460 Guelf.
1302 2436 1334 2459 et
1359 2429 1426 2458 aliis
1453 2429 1537 2467 apud
1567 2429 1666 2459 Davi-

223 2480 301 2503 sunt
316 2472 395 2508 §ciffi
413 2471 533 2508 ταῖν-ὄν,
549 2484 581 2501 ε.-
583 2485 648 2513 εξον,
664 2472 745 2505 caim,-
733 2495 759 2509 ,‚
776 2471 808 2501 κῖ
809 2485 893 2505 vro-15.
967 2475 1065 2504 sium.
1087 2474 1142 2503 Sed
1163 2472 1245 2502 nihil
1268 2479 1328 2508 est,
1342 2481 1408 2511 quo
1425 2470 1570 2510 palmaris
1587 2472 1666 2502 refe·

271 2522 310 2545 ss
339 2515 453 2554 longum
478 2522 520 2543 est
543 2513 652 2554 omnia]
682 2516 744 2545 Int.
769 2525 922 2546 enarrare·
968 2524 1066 2553 ratur,
1096 2516 1182 2545 unde
1211 2515 1360 2545 Davisius
1388 2514 1562 2553 corrigebat
1590 2512 1668 2544 illud

225 2556 253 2586 V
259 2558 355 2595 ulgeri
377 2558 457 2587 olim
479 2559 602 2587 addunt
622 2558 672 2594 ad,
690 2568 767 2588 nam
789 2559 859 2588 edd.
876 2569 922 2596 pr.
960 2559 1097 2598 palmare
1112 2557 1238 2599 quidem,
1262 2558 1365 2587 Locus
1376 2558 1508 2587 vitiosus
1520 2557 1663 2589 videtur:

226 2601 389 2630 habebant
412 2601 468 2628 im·
490 2600 530 2628 ad
552 2600 660 2636 omnia,
676 2601 748 2630 dein
765 2600 821 2629 iter
839 2601 924 2630 dele·
966 2601 1130 2641 quomodo
1145 2600 1347 2639 corrigendus
1361 2601 1416 2636 sit,
1431 2600 1549 2630 neseio.

227 2649 299 2672 tum
316 2650 373 2678 cst,
390 2644 466 2681 quia
487 2643 566 2671 Mss.
591 2644 652 2672 fere
675 2644 792 2678 aberat,
809 2649 840 2672 et
860 2653 924 2673 ser·
1010 2650 1048 2674 31
1073 2643 1097 2672 si
1121 2649 1222 2672 vestra
1245 2649 1286 2672 est
1311 2643 1348 2673 L.
1373 2641 1484 2681 eadem]
1510 2642 1562 2672 Sc.
1586 2651 1670 2676 cum

228 2693 340 2715 varum
366 2686 415 2720 ml,
443 2686 530 2723 quod
555 2686 689 2715 servavit
713 2693 743 2716 et
762 2685 923 2723 Davisius,
966 2686 1038 2717 Deo
1053 2685 1208 2715 Platonis:
1231 2686 1318 2724 quod
1332 2686 1498 2725 sequentia
1514 2684 1665 2719 indicant.

230 2727 452 2767 intelligitque,
477 2728 672 2766 respondere.
695 2729 749 2758 sed
776 2729 829 2758 hic
855 2735 925 2759 tan-
967 2739 1045 2759 nam
1062 2728 1117 2758 illa
1130 2729 1296 2767 quaesierat
1317 2729 1356 2758 de
1377 2730 1462 2758 1106.
1487 2734 1519 2757 et
1532 2729 1692 2772 opponi,-

229 2779 302 2802 tum
331 2777 497 2800 narrantur
525 2771 691 2800 sententiae
719 2771 926 2811 philosopho·
969 2780 1020 2803 tur
1036 2772 1112 2801 huic
1128 2771 1241 2802 deinde
1257 2771 1301 2801 sin
1317 2770 1378 2800 alia
1393 2776 1458 2808 est;
1477 2770 1533 2800 ubi
1548 2777 1580 2801 et
1595 2765 1692 2802 Pla·

229 2823 316 2849 mm»
333 2814 526 2844 nominatim
543 2812 692 2843 Platonis.
969 2815 1095 2846 tonicus
1110 2814 1198 2846 Deus
1214 2815 1327 2844 diserte
1342 2820 1548 2844 memoratur.

271 2864 315 2889 9³3
336 2863 437 2897 optata
445 2856 552 2896 ¹magis
572 2867 661 2898 quum
684 2854 823 2898 inmuta]
839 2857 926 2888 Alibi
1012 2864 1053 2889 <32
1075 2856 1124 2888 Ab
1139 2855 1274 2899 utroque]
1291 2856 1452 2889 Platonico
1466 2863 1498 2888 et
1512 2855 1629 2893 Stoico,
