1778 3095
197 100 276 137 216
507 99 579 136 DE
607 100 762 138 FINIB.
782 100 984 141 BONOR.
1004 103 1072 139 ET
1099 101 1306 140 MALOR.

195 215 305 258 tum,
327 215 383 258 et,
403 207 437 248 si
455 222 539 264 qua
559 208 642 250 sint
657 209 695 250 ei
714 210 904 252 membra
923 210 1138 266 adjuncta,
1159 212 1355 252 tueatur?
1389 210 1448 252 sic
1469 210 1521 252 ad
1541 210 1628 262 illa,

197 278 294 319 quae
314 278 479 320 semper
499 265 660 316 habuit,
676 265 832 322 junget
856 282 921 318 ea,
951 283 1044 322 quae
1075 277 1223 322 postea
1251 267 1522 308 accesserint:
1554 282 1631 309 nec

197 321 379 363 eundem
402 322 526 362 finem
548 322 734 374 habebit,
756 339 881 379 quem
915 325 1052 365 cultor
1081 324 1169 380 ejus
1189 325 1395 365 habebat:
1427 323 1501 365 sed
1521 323 1633 365 volet

199 377 431 419 secundum
451 393 543 419 eam
563 388 768 430 naturam,
791 396 885 436 quae
914 390 1061 435 postea
1089 381 1126 421 ei
1157 381 1356 437 adjuncta
1385 381 1451 431 sit,
1482 380 1629 421 vivere.

201 439 239 466 ⁶³
250 434 309 475 ita
328 443 371 475 et
392 434 538 477 similis
560 437 638 477 erit
657 445 699 476 et
720 437 810 477 finis
831 437 946 485 boni,
967 446 1091 491 atque
1110 446 1230 478 antea
1249 439 1398 487 fuerat,
1420 451 1496 478 nec
1517 436 1631 485 idem

199 499 355 532 tamen.
379 507 464 532 non
491 492 603 533 enim
630 493 723 548 jam
755 493 893 548 stirpis
929 494 1089 533 boumn
1120 503 1293 549 quaeret,
1325 494 1397 535 sed
1427 493 1631 535 animalis.

200 547 315 603 quod
337 548 371 589 si
390 563 473 589 non
495 564 640 590 sensus
673 549 802 589 modo
827 550 865 589 ei
898 549 949 590 sit
982 549 1118 600 datuS,
1149 566 1290 592 verum
1320 552 1446 592 etiam
1467 549 1632 591 animus

200 604 412 647 hominis:
463 612 598 646 64non
638 620 808 646 necesse
846 613 924 655 est,
963 615 1006 645 et
1042 606 1113 646 illa
1152 608 1324 661 pristina
1361 622 1544 657 manere,
1583 614 1634 647 ut

200 661 385 703 tuenda?
419 671 461 703 et
479 663 587 703 inter
614 661 706 702 haec
736 661 872 702 multo
903 676 993 702 esse
1022 662 1197 712 cariora,
1228 679 1321 718 quae
1351 664 1630 705 accesserint?

200 718 412 774 animique
442 719 647 774 optimam
679 727 890 773 quamque
920 727 1080 773 partem
1111 719 1401 761 carissimam?
1433 721 1476 762 in
1503 733 1635 776 eaque

200 775 438 830 expletione
459 785 618 815 naturae
638 775 793 815 summi
823 775 924 815 boni
958 774 1081 815 finem
1113 776 1352 827 consistere,
1374 792 1470 818 cum
1490 778 1634 832 longe,

200 831 470 887 multumque
511 839 682 886 praestet
717 846 850 881 menS,
885 841 1012 886 atque
1049 831 1184 872 ratio?
1218 833 1286 873 Sic
1325 842 1368 873 et
1400 843 1635 875 extremum

201 888 392 928 omnium
413 886 762 943 appetendorum,
782 894 819 920 65
834 897 960 944 atque
981 888 1155 929 ductum
1174 904 1198 929 a
1213 890 1350 944 prima
1364 890 1637 931 commenda-

202 945 318 985 tione
334 953 508 995 naturae‚
541 944 685 985 multis
715 945 917 1000 gradibus
949 951 987 976 66
999 944 1230 996 adscendit,
1261 956 1309 987 ut
1337 946 1392 988 ad
1422 961 1637 988 summum

161 1001 466 1056 b‚perve11iret:
498 1000 613 1056 quod
647 1001 888 1043 cumulatur
919 1016 969 1042 ex
1002 1002 1243 1057 integritate
1275 1003 1478 1059 corporis,
1510 1012 1554 1045 et
1588 1018 1640 1044 ex

205 1058 357 1098 mentis
377 1057 538 1098 ratione
558 1057 759 1112 perfecta.

127 1126 194 1174 15
265 1114 376 1155 Cum
408 1115 538 1169 igitur
567 1129 616 1154 ea
645 1115 712 1164 sit,
747 1129 873 1170 quam
905 1115 1093 1169 exposui,
1127 1115 1263 1156 forma
1295 1124 1480 1166 naturae3
1513 1117 1562 1167 si,
1592 1124 1642 1158 ut

142 1201 189 1232 41
207 1171 326 1212 initio
348 1171 447 1222 dixi,
467 1171 593 1212 simul
623 1180 749 1226 atque
778 1179 896 1211 ortus
924 1181 1049 1221 esset,
1079 1172 1113 1212 si
1144 1172 1320 1227 quisque
1347 1183 1641 1227 cognosceret,

199 1228 475 1284 judicareque
504 1236 660 1282 posset,
692 1242 787 1282 quae
815 1227 874 1267 vis
904 1236 948 1267 et
973 1227 1104 1268 totius
1133 1237 1242 1268 esset
1266 1238 1441 1279 naturae,
1471 1239 1515 1270 et
1543 1243 1642 1284 par-

205 1285 314 1325 tium
352 1283 629 1338 singularum,
664 1283 868 1324 continuo
903 1283 1076 1333 videret,
1113 1283 1214 1339 quid
1244 1294 1356 1325 esset
1392 1285 1488 1336 hoc,
1524 1285 1642 1341 quod

205 1341 448 1396 quaerimus,
481 1340 673 1380 omnium
711 1353 867 1389 rerum,
903 1355 1006 1395 quas
1044 1341 1294 1396 expetimus,
1334 1357 1564 1392 summum,
1600 1351 1644 1383 et

203 1397 400 1438 ultimum
420 1413 429 1437 :
461 1411 537 1437 nec
558 1396 645 1437 ulla
675 1396 718 1437 in
748 1411 792 1437 re
817 1411 991 1451 peccare
1020 1406 1177 1452 posset.
1209 1412 1320 1439 nunc
1341 1413 1438 1439 vero
1459 1413 1484 1439 a
1502 1399 1641 1455 primo

206 1453 376 1509 quidem
416 1453 662 1495 mirabiliter
702 1453 871 1494 occulta
909 1463 1058 1494 natura
1096 1464 1174 1505 est,
1217 1469 1294 1496 nec
1332 1455 1527 1511 perspici,
1566 1470 1643 1497 nec

206 1510 410 1565 cognosci
447 1518 602 1565 potest.
637 1510 1008 1565 progredientibus
1044 1521 1186 1551 autem
1223 1512 1432 1562 aetatibus,
1473 1512 1643 1562 sensim,

207 1567 373 1608 tardeve
394 1567 534 1622 potius
562 1567 681 1622 quasi
699 1567 1029 1622 67nosmetipsos
1058 1568 1372 1622 cognoscimus.
1401 1569 1544 1624 itaque
1573 1568 1646 1610 illa

206 1624 343 1679 prima
370 1623 701 1673 commendatio,
732 1639 827 1679 quae
858 1639 883 1664 a
916 1632 1064 1665 natura
1102 1625 1234 1665 nostri
1269 1625 1380 1665 facta
1413 1635 1490 1675 est,
1521 1625 1644 1666 nobis

207 1681 402 1731 obscura,
445 1690 488 1721 et
526 1680 685 1720 incerta
727 1689 818 1720 est:
869 1681 1114 1736 primusque
1155 1681 1367 1736 appetitus
1406 1682 1476 1722 ille
1515 1682 1645 1723 animi

208 1743 247 1768 68
262 1746 428 1778 tantum
449 1736 552 1791 agit,
572 1746 619 1777 ut
645 1736 743 1777 salvi
774 1745 901 1792 atque
930 1737 1084 1792 integri
1114 1752 1203 1778 esse
1234 1738 1458 1792 possimus,
1490 1744 1530 1772 69
1544 1753 1641 1779 cum

207 1803 351 1835 autern
385 1794 592 1848 dispicere
624 1793 846 1848 coepimus,
883 1802 926 1834 et
961 1794 1129 1844 sentire,
1159 1794 1261 1849 quid
1292 1794 1438 1844 simus,
1469 1803 1512 1835 et
1541 1794 1644 1850 quid

209 1851 491 1892 animantibus
513 1850 663 1891 ceteris
695 1849 949 1900 differamus,
981 1860 1072 1891 tum
1102 1865 1151 1891 ea
1181 1850 1299 1906 sequi
1330 1851 1569 1905 incipimus,
1591 1851 1644 1892 ad

146 1925 197 1956 42
211 1923 304 1964 quae
326 1908 412 1947 nati
441 1922 600 1947 sumus.
660 1907 802 1962 Quam
836 1907 1151 1947 similitudinem
1192 1907 1381 1948 videmus
1411 1908 1452 1947 in
1484 1908 1644 1949 bestiis.

210 1968 303 2019 q'uae
325 1964 478 2018 primo,
498 1964 539 2004 in
559 1978 645 2019 quo
668 1963 764 2004 loco
787 1973 894 2004 natae
913 1973 1025 2014 sunt,
1046 1979 1096 2004 ex
1112 1978 1163 2004 eo
1186 1978 1230 2004 se
1249 1979 1333 2004 non
1349 1974 1644 2006 commovent:

207 2021 360 2062 deinde
395 2035 472 2061 suo
507 2035 686 2075 quaeque
721 2021 910 2075 appetitu
942 2030 1147 2061 movetur.
1184 2035 1348 2075 serpere
1382 2021 1645 2076 anguiculos‚

209 2093 307 2118 nare
328 2077 572 2127 anaticulas,
595 2076 757 2117 evolare
778 2077 974 2126 merulas,
991 2077 1188 2118 cornibus
1210 2077 1272 2117 uti
1292 2077 1481 2118 videmus
1501 2078 1644 2128 boves,

209 2149 335 2189 nepas
355 2133 510 2174 aculeis
530 2151 538 2173 :
571 2149 691 2174 suam
713 2133 893 2189 denique
918 2134 1071 2189 cuique
1103 2144 1295 2175 naturam
1324 2148 1414 2174 esse
1434 2134 1486 2174 ad
1506 2135 1644 2175 viven-

208 2191 312 2232 dum
345 2190 510 2230 ducem.
542 2206 636 2245 quae
671 2190 903 2230 similitudo
929 2190 971 2230 in
1005 2205 1160 2246 genere
1189 2190 1314 2230 etiam
1349 2190 1534 2231 humano
1566 2206 1644 2246 ap·-

209 2256 340 2303 paret.
367 2247 482 2302 parvi
511 2247 622 2287 enim
659 2246 797 2302 primo
829 2257 925 2288 ortu
956 2247 1014 2288 sic
1038 2247 1198 2303 jacent,
1229 2256 1447 2302 tamquam
1470 2248 1643 2289 omnino

253 2378 291 2403 63
317 2372 360 2401 ita
377 2379 403 2401 e!
425 2372 530 2402 similis
554 2372 610 2402 eri!
623 2370 699 2410 finis
723 2370 764 2409 b.]
791 2379 818 2401 et
839 2379 909 2411 post

209 2415 253 2444 ita
276 2423 322 2445 est
346 2417 377 2445 in
402 2417 472 2445 edd.
498 2426 544 2455 pr.
568 2414 760 2454 quibusdam
786 2415 818 2444 in
841 2415 908 2444 aliis

209 2466 281 2487 ante
313 2459 379 2488 erit.
408 2459 489 2488 illud
517 2459 644 2493 melius,
673 2457 732 2486 nisi
763 2458 834 2493 fuit,
865 2458 908 2486 ita

951 2371 1080 2411 vulgato
1109 2371 1312 2400 ⁷communitate
1346 2372 1428 2407 dedi,
1463 2378 1499 2401 ut
1528 2372 1648 2412 placuit

951 2415 1054 2444 eidem
1072 2415 1227 2444 Lambino
1241 2423 1270 2444 et
1286 2414 1414 2444 Davisio
1430 2427 1436 2444 z
1462 2415 1525 2445 Ms.
1542 2416 1647 2446 Elien-

951 2457 992 2487 sis
1008 2457 1144 2486 habebat
1160 2457 1385 2486 commutatione.

209 2501 313 2530 similis
330 2501 355 2530 ei
372 2501 466 2540 eritf.
485 2501 512 2531 b.
527 2501 613 2540 quod
629 2510 693 2529 non
711 2500 863 2538 displicet.

254 2549 292 2574 64
318 2555 370 2572 non
399 2555 505 2572 necesse
535 2552 576 2573 cst
602 2550 630 2571 et
659 2542 713 2570 illa
731 2548 781 2580 pr.
809 2554 847 2573 m,
871 2548 904 2571 ut

211 2586 328 2625 tuenda]
360 2587 416 2616 Ed.
444 2597 489 2625 pr.
513 2588 608 2617 habet
631 2596 728 2614 nonne.
755 2585 834 2615 nihil
861 2586 909 2615 in-

211 2637 314 2660 terest.
342 2636 375 2658 ut
400 2637 508 2659 autem
537 2629 705 2659 insititium
726 2637 792 2657 esse
817 2635 906 2667 puto,

210 2680 241 2702 et
271 2683 288 2702 e
325 2673 427 2711 prima
464 2672 586 2712 syllaba
623 2670 707 2700 verbi
745 2672 907 2710 sequentis

212 2722 337 2746 natum.

241 2763 293 2789 065
318 2764 406 2799 atque
429 2758 546 2786 ductum
569 2768 588 2785 a
608 2755 706 2795 prima
731 2756 906 2785 commenda-

211 2801 287 2830 tione
316 2799 443 2838 naturae]
482 2806 570 2841 atque
606 2799 781 2830 Lambinus
811 2799 905 2829 deleri

210 2844 346 2875 volebat.
362 2850 456 2874 recte.
472 2843 585 2874 deinde
601 2842 836 2873 commendatione
850 2853 906 2883 pro

994 2505 1034 2529 66
1058 2500 1216 2536 adscendit,
1257 2500 1524 2539 ut—pervcttiret.]
1566 2502 1646 2532 Haec

949 2543 1050 2572 forma
1072 2544 1221 2573 orationis
1241 2544 1323 2572 mihi
1347 2553 1412 2573 non
1435 2543 1548 2583 placet.
1564 2545 1646 2575 Puto

950 2585 1155 2615 scribendum
1166 2585 1333 2624 perveniat.

995 2634 1031 2662 67
1058 2628 1250 2668 nosmetipsos]
1270 2630 1376 2658 Immo
1389 2629 1559 2669 nosmetipsi.

994 2676 1032 2700 68
1072 2678 1184 2700 tantum
1220 2671 1298 2711 agit]
1340 2672 1472 2702 Videtur
1508 2672 1557 2702 hoc
1593 2683 1647 2703 ex-

950 2714 1072 2744 cidisse.

994 2762 1034 2789 69
1058 2767 1121 2785 cum
1143 2767 1172 2786 a.
1195 2756 1333 2795 dispicere
1353 2755 1536 2796 coeperimus]
1553 2757 1647 2787 Vide-

950 2807 1000 2829 tur
1026 2800 1199 2838 legendum
1227 2799 1371 2839 coepimus.
1399 2808 1430 2830 et
1458 2801 1502 2831 sic
1529 2801 1648 2831 habent

950 2843 1032 2874 Mss.
1046 2843 1114 2874 Par.
1129 2852 1178 2883 ap.
1193 2843 1428 2875 Alemannum.
1662 2848 1666 2852 '
