<?xml version="1.0" encoding="UTF-8"?>
<!DOCTYPE html PUBLIC "-//W3C//DTD XHTML 1.0 Transitional//EN"
    "http://www.w3.org/TR/xhtml1/DTD/xhtml1-transitional.dtd">
<html xmlns="http://www.w3.org/1999/xhtml" xml:lang="en" lang="en">
 <head>
  <title>
</title>
<meta http-equiv="Content-Type" content="text/html;charset=utf-8" />
  <meta name='ocr-system' content='tesseract 3.04.00' />
  <meta name='ocr-capabilities' content='ocr_page ocr_carea ocr_par ocr_line ocrx_word'/>
</head>
<body>
  <div class='ocr_page' id='page_1' title='image "./p1operaomnia04ciceuoft_0596.png"; bbox 0 0 1778 3095; ppageno 0'>
   <div class='ocr_carea' id='block_1_1' title="bbox 267 145 282 161">
    <p class='ocr_par' dir='ltr' id='par_1_1' title="bbox 267 145 282 161">
     <span class='ocr_line' id='line_1_1' title="bbox 267 145 282 161; baseline 0 -10"><span class='ocrx_word' id='word_1_1' title='bbox 267 145 282 161; x_wconf 47' lang='grc' dir='ltr'><strong>Ζ,</strong></span> 
     </span>
    </p>
   </div>
   <div class='ocr_carea' id='block_1_2' title="bbox 263 137 1246 178">
    <p class='ocr_par' dir='ltr' id='par_1_2' title="bbox 263 137 1246 178">
     <span class='ocr_line' id='line_1_2' title="bbox 263 137 1246 178; baseline 0.002 -3"><span class='ocrx_word' id='word_1_2' title='bbox 263 144 338 177; x_wconf 63' lang='lat'><strong>083</strong></span> <span class='ocrx_word' id='word_1_3' title='bbox 704 137 780 175; x_wconf 91' lang='lat' dir='ltr'><strong>DE</strong></span> <span class='ocrx_word' id='word_1_4' title='bbox 818 138 1246 178; x_wconf 85' lang='lat' dir='ltr'>DIVINATIONE</span> 
     </span>
    </p>
   </div>
   <div class='ocr_carea' id='block_1_3' title="bbox 148 244 1706 2606">
    <p class='ocr_par' dir='ltr' id='par_1_3' title="bbox 255 244 1684 586">
     <span class='ocr_line' id='line_1_3' title="bbox 259 244 1683 303; baseline 0.003 -17"><span class='ocrx_word' id='word_1_5' title='bbox 259 246 472 301; x_wconf 79' lang='lat' dir='ltr'><strong>pertinet:</strong></span> <span class='ocrx_word' id='word_1_6' title='bbox 502 246 607 287; x_wconf 89' lang='lat' dir='ltr'><strong>illud</strong></span> <span class='ocrx_word' id='word_1_7' title='bbox 638 246 779 287; x_wconf 90' lang='lat' dir='ltr'><strong>nescio</strong></span> <span class='ocrx_word' id='word_1_8' title='bbox 810 247 910 303; x_wconf 92' lang='lat' dir='ltr'><strong>quid</strong></span> <span class='ocrx_word' id='word_1_9' title='bbox 939 256 1078 298; x_wconf 89' lang='lat' dir='ltr'><strong>tenue,</strong></span> <span class='ocrx_word' id='word_1_10' title='bbox 1100 248 1214 303; x_wconf 91' lang='lat' dir='ltr'><strong>quod</strong></span> <span class='ocrx_word' id='word_1_11' title='bbox 1241 245 1384 288; x_wconf 87' lang='lat' dir='ltr'><strong>sentiri</strong></span> <span class='ocrx_word' id='word_1_12' title='bbox 1404 247 1520 290; x_wconf 88' lang='lat' dir='ltr'><strong>nullo</strong></span> <span class='ocrx_word' id='word_1_13' title='bbox 1540 244 1683 301; x_wconf 89' lang='lat' dir='ltr'><strong>modo,</strong></span> 
     </span>
     <span class='ocr_line' id='line_1_4' title="bbox 258 302 1684 360; baseline 0.001 -16"><span class='ocrx_word' id='word_1_14' title='bbox 258 302 439 357; x_wconf 78' lang='lat' dir='ltr'>intelligi</span> <span class='ocrx_word' id='word_1_15' title='bbox 474 312 614 344; x_wconf 85' lang='lat' dir='ltr'><strong>autem</strong></span> <span class='ocrx_word' id='word_1_16' title='bbox 646 303 708 344; x_wconf 80' lang='lat' dir='ltr'><strong>vix</strong></span> <span class='ocrx_word' id='word_1_17' title='bbox 740 313 893 359; x_wconf 90' lang='lat' dir='ltr'><strong>potest,</strong></span> <span class='ocrx_word' id='word_1_18' title='bbox 921 320 1013 360; x_wconf 79' lang='lat' dir='ltr'><strong>quae</strong></span> <span class='ocrx_word' id='word_1_19' title='bbox 1045 320 1069 345; x_wconf 92' lang='lat' dir='ltr'><strong>a</strong></span> <span class='ocrx_word' id='word_1_20' title='bbox 1098 305 1195 345; x_wconf 89' lang='lat' dir='ltr'><strong>luna</strong></span> <span class='ocrx_word' id='word_1_21' title='bbox 1225 304 1455 360; x_wconf 85' lang='lat' dir='ltr'><strong>ceterisque</strong></span> <span class='ocrx_word' id='word_1_22' title='bbox 1480 304 1684 345; x_wconf 82' lang='lat' dir='ltr'><strong>sideribus</strong></span> 
     </span>
     <span class='ocr_line' id='line_1_5' title="bbox 258 359 1682 416; baseline 0.001 -17"><span class='ocrx_word' id='word_1_23' title='bbox 258 359 354 400; x_wconf 88' lang='lat' dir='ltr'><strong>coeli</strong></span> <span class='ocrx_word' id='word_1_24' title='bbox 389 359 637 414; x_wconf 80' lang='lat' dir='ltr'><strong>temperatio</strong></span> <span class='ocrx_word' id='word_1_25' title='bbox 671 360 755 410; x_wconf 89' lang='lat' dir='ltr'><strong>fiat,</strong></span> <span class='ocrx_word' id='word_1_26' title='bbox 791 361 929 401; x_wconf 82' lang='lat' dir='ltr'>dicere</span> <span class='ocrx_word' id='word_1_27' title='bbox 966 361 1017 401; x_wconf 88' lang='lat' dir='ltr'><strong>ad</strong></span> <span class='ocrx_word' id='word_1_28' title='bbox 1045 376 1270 416; x_wconf 88' lang='lat' dir='ltr'><strong>puerorum</strong></span> <span class='ocrx_word' id='word_1_29' title='bbox 1302 370 1418 401; x_wconf 89' lang='lat' dir='ltr'><strong>ortus</strong></span> <span class='ocrx_word' id='word_1_30' title='bbox 1447 361 1682 415; x_wconf 87' lang='lat' dir='ltr'><strong>pertinere?</strong></span> 
     </span>
     <span class='ocr_line' id='line_1_6' title="bbox 258 415 1682 472; baseline 0.001 -17"><span class='ocrx_word' id='word_1_31' title='bbox 258 416 401 472; x_wconf 92' lang='lat' dir='ltr'><strong>Quid?</strong></span> <span class='ocrx_word' id='word_1_32' title='bbox 438 415 551 471; x_wconf 87' lang='lat' dir='ltr'><strong>quod</strong></span> <span class='ocrx_word' id='word_1_33' title='bbox 578 431 661 457; x_wconf 90' lang='lat' dir='ltr'><strong>non</strong></span> <span class='ocrx_word' id='word_1_34' title='bbox 686 416 943 472; x_wconf 88' lang='lat' dir='ltr'><strong>intelligunt,</strong></span> <span class='ocrx_word' id='word_1_35' title='bbox 966 418 1173 458; x_wconf 88' lang='lat' dir='ltr'><strong>seminum</strong></span> <span class='ocrx_word' id='word_1_36' title='bbox 1194 418 1291 466; x_wconf 89' lang='lat' dir='ltr'><strong>vim,</strong></span> <span class='ocrx_word' id='word_1_37' title='bbox 1311 432 1404 472; x_wconf 89' lang='lat' dir='ltr'><strong>quae</strong></span> <span class='ocrx_word' id='word_1_38' title='bbox 1427 417 1479 457; x_wconf 90' lang='lat' dir='ltr'><strong>ad</strong></span> <span class='ocrx_word' id='word_1_39' title='bbox 1500 417 1682 472; x_wconf 87' lang='lat' dir='ltr'><strong>gignen-</strong></span> 
     </span>
     <span class='ocr_line' id='line_1_7' title="bbox 257 472 1681 529; baseline 0.001 -17"><span class='ocrx_word' id='word_1_40' title='bbox 257 472 374 523; x_wconf 85' lang='lat' dir='ltr'><strong>dum,</strong></span> <span class='ocrx_word' id='word_1_41' title='bbox 396 473 786 529; x_wconf 77' lang='lat' dir='ltr'>procreandumque</span> <span class='ocrx_word' id='word_1_42' title='bbox 816 474 1046 529; x_wconf 88' lang='lat' dir='ltr'><strong>plurimum</strong></span> <span class='ocrx_word' id='word_1_43' title='bbox 1077 475 1225 524; x_wconf 85' lang='lat' dir='ltr'><strong>valeat,</strong></span> <span class='ocrx_word' id='word_1_44' title='bbox 1246 474 1434 514; x_wconf 78' lang='lat' dir='ltr'><strong>funditus</strong></span> <span class='ocrx_word' id='word_1_45' title='bbox 1463 473 1570 524; x_wconf 89' lang='lat' dir='ltr'><strong>tolli,</strong></span> <span class='ocrx_word' id='word_1_46' title='bbox 1591 487 1681 514; x_wconf 88' lang='lat' dir='ltr'><strong>me-</strong></span> 
     </span>
     <span class='ocr_line' id='line_1_8' title="bbox 255 528 1682 586; baseline 0.001 -18"><span class='ocrx_word' id='word_1_47' title='bbox 255 528 408 569; x_wconf 87' lang='lat' dir='ltr'><strong>diocris</strong></span> <span class='ocrx_word' id='word_1_48' title='bbox 427 529 576 570; x_wconf 87' lang='lat' dir='ltr'><strong>erroris</strong></span> <span class='ocrx_word' id='word_1_49' title='bbox 595 531 685 570; x_wconf 88' lang='lat' dir='ltr'><strong>est?</strong></span> <span class='ocrx_word' id='word_1_50' title='bbox 718 530 810 586; x_wconf 88' lang='lat' dir='ltr'><strong>quis</strong></span> <span class='ocrx_word' id='word_1_51' title='bbox 831 530 939 570; x_wconf 87' lang='lat' dir='ltr'><strong>enim</strong></span> <span class='ocrx_word' id='word_1_52' title='bbox 964 545 1047 569; x_wconf 89' lang='lat' dir='ltr'><strong>non</strong></span> <span class='ocrx_word' id='word_1_53' title='bbox 1069 530 1193 579; x_wconf 90' lang='lat' dir='ltr'><strong>videt,</strong></span> <span class='ocrx_word' id='word_1_54' title='bbox 1212 540 1255 571; x_wconf 91' lang='lat' dir='ltr'><strong>et</strong></span> <span class='ocrx_word' id='word_1_55' title='bbox 1274 531 1443 580; x_wconf 84' lang='lat' dir='ltr'><strong>formas,</strong></span> <span class='ocrx_word' id='word_1_56' title='bbox 1465 540 1507 570; x_wconf 89' lang='lat' dir='ltr'><strong>et</strong></span> <span class='ocrx_word' id='word_1_57' title='bbox 1526 544 1682 581; x_wconf 90' lang='lat' dir='ltr'><strong>mores,</strong></span> 
     </span>
    </p>

    <p class='ocr_par' dir='ltr' id='par_1_4' title="bbox 254 585 1679 698">
     <span class='ocr_line' id='line_1_9' title="bbox 254 585 1679 642; baseline 0.001 -18"><span class='ocrx_word' id='word_1_58' title='bbox 254 593 297 625; x_wconf 92' lang='lat' dir='ltr'><strong>et</strong></span> <span class='ocrx_word' id='word_1_59' title='bbox 318 585 540 641; x_wconf 88' lang='lat' dir='ltr'><strong>plerosque</strong></span> <span class='ocrx_word' id='word_1_60' title='bbox 571 596 703 627; x_wconf 87' lang='lat' dir='ltr'><strong>status</strong></span> <span class='ocrx_word' id='word_1_61' title='bbox 734 600 782 626; x_wconf 90' lang='lat' dir='ltr'><strong>ac</strong></span> <span class='ocrx_word' id='word_1_62' title='bbox 812 596 954 626; x_wconf 88' lang='lat' dir='ltr'><strong>motus</strong></span> <span class='ocrx_word' id='word_1_63' title='bbox 974 586 1171 640; x_wconf 86' lang='lat' dir='ltr'><strong>effingere</strong></span> <span class='ocrx_word' id='word_1_64' title='bbox 1190 601 1214 627; x_wconf 92' lang='lat' dir='ltr'><strong>a</strong></span> <span class='ocrx_word' id='word_1_65' title='bbox 1233 588 1473 642; x_wconf 87' lang='lat' dir='ltr'><strong>parentibus</strong></span> <span class='ocrx_word' id='word_1_66' title='bbox 1493 586 1646 626; x_wconf 88' lang='lat' dir='ltr'><strong>liberos</strong></span> <span class='ocrx_word' id='word_1_67' title='bbox 1665 587 1679 627; x_wconf 88' lang='lat'><strong>?</strong></span> 
     </span>
     <span class='ocr_line' id='line_1_10' title="bbox 256 640 1679 698; baseline 0.001 -17"><span class='ocrx_word' id='word_1_68' title='bbox 256 640 370 696; x_wconf 89' lang='lat' dir='ltr'><strong>quod</strong></span> <span class='ocrx_word' id='word_1_69' title='bbox 392 656 475 683; x_wconf 92' lang='lat' dir='ltr'><strong>non</strong></span> <span class='ocrx_word' id='word_1_70' title='bbox 496 643 778 697; x_wconf 82' lang='lat' dir='ltr'><strong>contingeret,</strong></span> <span class='ocrx_word' id='word_1_71' title='bbox 799 643 832 682; x_wconf 87' lang='lat' dir='ltr'><strong>si</strong></span> <span class='ocrx_word' id='word_1_72' title='bbox 860 641 941 682; x_wconf 87' lang='lat' dir='ltr'><strong>hoc</strong></span> <span class='ocrx_word' id='word_1_73' title='bbox 973 656 1056 682; x_wconf 89' lang='lat' dir='ltr'><strong>non</strong></span> <span class='ocrx_word' id='word_1_74' title='bbox 1089 642 1160 691; x_wconf 83' lang='lat' dir='ltr'><strong>vis,</strong></span> <span class='ocrx_word' id='word_1_75' title='bbox 1180 651 1222 682; x_wconf 90' lang='lat' dir='ltr'><strong>et</strong></span> <span class='ocrx_word' id='word_1_76' title='bbox 1249 654 1395 684; x_wconf 89' lang='lat' dir='ltr'><strong>natura</strong></span> <span class='ocrx_word' id='word_1_77' title='bbox 1412 643 1679 698; x_wconf 79' lang='lat' dir='ltr'><strong>gignentium</strong></span> 
     </span>
    </p>

    <p class='ocr_par' dir='ltr' id='par_1_5' title="bbox 165 697 1680 1318">
     <span class='ocr_line' id='line_1_11' title="bbox 190 697 1678 756; baseline -0.001 -16"><span class='ocrx_word' id='word_1_78' title='bbox 190 709 238 750; x_wconf 90' lang='lat'><strong>95</strong></span> <span class='ocrx_word' id='word_1_79' title='bbox 254 697 447 749; x_wconf 88' lang='lat' dir='ltr'><strong>efficeret,</strong></span> <span class='ocrx_word' id='word_1_80' title='bbox 477 699 549 740; x_wconf 91' lang='lat' dir='ltr'><strong>sed</strong></span> <span class='ocrx_word' id='word_1_81' title='bbox 575 699 826 753; x_wconf 74' lang='lat' dir='ltr'><strong>temperatio</strong></span> <span class='ocrx_word' id='word_1_82' title='bbox 858 697 983 748; x_wconf 79' lang='lat' dir='ltr'><strong>lunae,</strong></span> <span class='ocrx_word' id='word_1_83' title='bbox 1014 698 1195 752; x_wconf 80' lang='lat' dir='ltr'><strong>coelique</strong></span> <span class='ocrx_word' id='word_1_84' title='bbox 1224 699 1472 740; x_wconf 83' lang='lat' dir='ltr'><strong>moderatio.</strong></span> <span class='ocrx_word' id='word_1_85' title='bbox 1531 698 1678 756; x_wconf 88' lang='lat' dir='ltr'><strong>Quid?</strong></span> 
     </span>
     <span class='ocr_line' id='line_1_12' title="bbox 185 754 1680 810; baseline 0.002 -16"><span class='ocrx_word' id='word_1_86' title='bbox 185 763 192 769; x_wconf 61' lang='lat'>⁵</span> <span class='ocrx_word' id='word_1_87' title='bbox 253 754 367 808; x_wconf 91' lang='lat' dir='ltr'><strong>quod</strong></span> <span class='ocrx_word' id='word_1_88' title='bbox 390 769 474 794; x_wconf 90' lang='lat' dir='ltr'><strong>uno</strong></span> <span class='ocrx_word' id='word_1_89' title='bbox 495 766 536 795; x_wconf 94' lang='lat' dir='ltr'><strong>et</strong></span> <span class='ocrx_word' id='word_1_90' title='bbox 557 754 707 795; x_wconf 89' lang='lat' dir='ltr'><strong>eodem</strong></span> <span class='ocrx_word' id='word_1_91' title='bbox 729 754 930 809; x_wconf 91' lang='lat' dir='ltr'><strong>temporis</strong></span> <span class='ocrx_word' id='word_1_92' title='bbox 951 762 1108 810; x_wconf 88' lang='lat' dir='ltr'><strong>puncto</strong></span> <span class='ocrx_word' id='word_1_93' title='bbox 1130 754 1230 805; x_wconf 82' lang='lat' dir='ltr'><strong>nati,</strong></span> <span class='ocrx_word' id='word_1_94' title='bbox 1248 754 1469 797; x_wconf 84' lang='lat' dir='ltr'><strong>dissimiles</strong></span> <span class='ocrx_word' id='word_1_95' title='bbox 1487 766 1530 797; x_wconf 90' lang='lat' dir='ltr'><strong>et</strong></span> <span class='ocrx_word' id='word_1_96' title='bbox 1556 766 1680 796; x_wconf 83' lang='lat' dir='ltr'><strong>natu-</strong></span> 
     </span>
     <span class='ocr_line' id='line_1_13' title="bbox 251 811 1679 866; baseline 0.002 -16"><span class='ocrx_word' id='word_1_97' title='bbox 251 825 331 860; x_wconf 89' lang='lat' dir='ltr'><strong>ras,</strong></span> <span class='ocrx_word' id='word_1_98' title='bbox 353 819 394 850; x_wconf 88' lang='lat' dir='ltr'><strong>et</strong></span> <span class='ocrx_word' id='word_1_99' title='bbox 416 811 533 860; x_wconf 86' lang='lat' dir='ltr'><strong>vitas,</strong></span> <span class='ocrx_word' id='word_1_100' title='bbox 554 821 597 851; x_wconf 89' lang='lat' dir='ltr'><strong>et</strong></span> <span class='ocrx_word' id='word_1_101' title='bbox 615 825 736 851; x_wconf 84' lang='lat' dir='ltr'><strong>casus</strong></span> <span class='ocrx_word' id='word_1_102' title='bbox 758 811 913 851; x_wconf 81' lang='lat' dir='ltr'><strong>habent</strong></span> <span class='ocrx_word' id='word_1_103' title='bbox 932 828 940 851; x_wconf 74' lang='grc' dir='ltr'>ε</span> <span class='ocrx_word' id='word_1_104' title='bbox 974 819 1012 844; x_wconf 66' lang='lat'><strong>9⁶2</strong></span> <span class='ocrx_word' id='word_1_105' title='bbox 1032 825 1233 866; x_wconf 81' lang='lat' dir='ltr'><strong>parumne</strong></span> <span class='ocrx_word' id='word_1_106' title='bbox 1264 811 1462 861; x_wconf 82' lang='lat' dir='ltr'><strong>declarat,</strong></span> <span class='ocrx_word' id='word_1_107' title='bbox 1492 812 1593 853; x_wconf 89' lang='lat' dir='ltr'><strong>nihil</strong></span> <span class='ocrx_word' id='word_1_108' title='bbox 1625 811 1679 854; x_wconf 89' lang='lat' dir='ltr'><strong>ad</strong></span> 
     </span>
     <span class='ocr_line' id='line_1_14' title="bbox 249 867 1680 923; baseline 0.002 -17"><span class='ocrx_word' id='word_1_109' title='bbox 249 867 457 921; x_wconf 80' lang='lat' dir='ltr'><strong>agendam</strong></span> <span class='ocrx_word' id='word_1_110' title='bbox 488 868 612 908; x_wconf 89' lang='lat' dir='ltr'><strong>vitam</strong></span> <span class='ocrx_word' id='word_1_111' title='bbox 644 867 840 908; x_wconf 91' lang='lat' dir='ltr'><strong>nascendi</strong></span> <span class='ocrx_word' id='word_1_112' title='bbox 868 877 1035 923; x_wconf 86' lang='lat' dir='ltr'><strong>tempus</strong></span> <span class='ocrx_word' id='word_1_113' title='bbox 1064 867 1296 922; x_wconf 88' lang='lat' dir='ltr'><strong>pertinere?</strong></span> <span class='ocrx_word' id='word_1_114' title='bbox 1328 868 1405 908; x_wconf 89' lang='lat' dir='ltr'><strong>nisi</strong></span> <span class='ocrx_word' id='word_1_115' title='bbox 1425 868 1534 908; x_wconf 86' lang='lat' dir='ltr'><strong>forte</strong></span> <span class='ocrx_word' id='word_1_116' title='bbox 1555 877 1680 922; x_wconf 91' lang='lat' dir='ltr'><strong>puta-</strong></span> 
     </span>
     <span class='ocr_line' id='line_1_15' title="bbox 249 923 1676 979; baseline 0.002 -17"><span class='ocrx_word' id='word_1_117' title='bbox 249 937 360 972; x_wconf 88' lang='lat' dir='ltr'><strong>mus,</strong></span> <span class='ocrx_word' id='word_1_118' title='bbox 377 923 583 964; x_wconf 88' lang='lat' dir='ltr'><strong>neminem</strong></span> <span class='ocrx_word' id='word_1_119' title='bbox 605 924 753 964; x_wconf 88' lang='lat' dir='ltr'><strong>eodem</strong></span> <span class='ocrx_word' id='word_1_120' title='bbox 781 934 971 979; x_wconf 86' lang='lat' dir='ltr'><strong>tempore</strong></span> <span class='ocrx_word' id='word_1_121' title='bbox 991 924 1145 979; x_wconf 71' lang='lat' dir='ltr'><strong>ipso&#39;et</strong></span> <span class='ocrx_word' id='word_1_122' title='bbox 1166 933 1436 979; x_wconf 88' lang='lat' dir='ltr'><strong>conceptum,</strong></span> <span class='ocrx_word' id='word_1_123' title='bbox 1457 932 1498 964; x_wconf 91' lang='lat' dir='ltr'><strong>et</strong></span> <span class='ocrx_word' id='word_1_124' title='bbox 1519 933 1676 975; x_wconf 76' lang='lat' dir='ltr'><strong>natum,</strong></span> 
     </span>
     <span class='ocr_line' id='line_1_16' title="bbox 165 975 1678 1037; baseline 0.001 -18"><span class='ocrx_word' id='word_1_125' title='bbox 165 975 236 1028; x_wconf 78' lang='grc'><strong>46</strong></span> <span class='ocrx_word' id='word_1_126' title='bbox 249 993 333 1033; x_wconf 87' lang='lat' dir='ltr'><strong>quo</strong></span> <span class='ocrx_word' id='word_1_127' title='bbox 356 980 620 1021; x_wconf 83' lang='lat' dir='ltr'><strong>Africanum.</strong></span> <span class='ocrx_word' id='word_1_128' title='bbox 679 982 797 1021; x_wconf 91' lang='lat' dir='ltr'><strong>Num</strong></span> <span class='ocrx_word' id='word_1_129' title='bbox 819 981 912 1036; x_wconf 88' lang='lat' dir='ltr'><strong>quis</strong></span> <span class='ocrx_word' id='word_1_130' title='bbox 934 981 1063 1036; x_wconf 88' lang='lat' dir='ltr'><strong>igitur</strong></span> <span class='ocrx_word' id='word_1_131' title='bbox 1084 980 1177 1021; x_wconf 84' lang='lat' dir='ltr'><strong>talis</strong></span> <span class='ocrx_word' id='word_1_132' title='bbox 1200 980 1278 1021; x_wconf 80' lang='lat' dir='ltr'><strong>fuit</strong></span> <span class='ocrx_word' id='word_1_133' title='bbox 1297 982 1309 1020; x_wconf 87' lang='lat'><strong>?</strong></span> <span class='ocrx_word' id='word_1_134' title='bbox 1343 981 1486 1037; x_wconf 82' lang='lat' dir='ltr'><strong>Quid?</strong></span> <span class='ocrx_word' id='word_1_135' title='bbox 1520 980 1678 1022; x_wconf 89' lang='lat' dir='ltr'><strong>illudne</strong></span> 
     </span>
     <span class='ocr_line' id='line_1_17' title="bbox 183 1035 1678 1096; baseline 0.002 -21"><span class='ocrx_word' id='word_1_136' title='bbox 183 1035 423 1096; x_wconf 73' lang='lat' dir='ltr'><strong>96dubium</strong></span> <span class='ocrx_word' id='word_1_137' title='bbox 458 1045 535 1087; x_wconf 89' lang='lat' dir='ltr'><strong>est,</strong></span> <span class='ocrx_word' id='word_1_138' title='bbox 572 1037 671 1092; x_wconf 91' lang='lat' dir='ltr'><strong>quin</strong></span> <span class='ocrx_word' id='word_1_139' title='bbox 706 1037 844 1087; x_wconf 88' lang='lat' dir='ltr'><strong>multi,</strong></span> <span class='ocrx_word' id='word_1_140' title='bbox 882 1052 980 1078; x_wconf 87' lang='lat' dir='ltr'><strong>cum</strong></span> <span class='ocrx_word' id='word_1_141' title='bbox 1016 1037 1072 1078; x_wconf 89' lang='lat' dir='ltr'><strong>ita</strong></span> <span class='ocrx_word' id='word_1_142' title='bbox 1107 1037 1192 1077; x_wconf 88' lang='lat' dir='ltr'><strong>nati</strong></span> <span class='ocrx_word' id='word_1_143' title='bbox 1224 1046 1374 1088; x_wconf 84' lang='lat' dir='ltr'><strong>essent,</strong></span> <span class='ocrx_word' id='word_1_144' title='bbox 1406 1046 1453 1078; x_wconf 89' lang='lat' dir='ltr'><strong>ut</strong></span> <span class='ocrx_word' id='word_1_145' title='bbox 1482 1036 1678 1092; x_wconf 87' lang='lat' dir='ltr'><strong>quaedam</strong></span> 
     </span>
     <span class='ocr_line' id='line_1_18' title="bbox 246 1094 1678 1149; baseline 0.003 -18"><span class='ocrx_word' id='word_1_146' title='bbox 246 1101 393 1133; x_wconf 87' lang='lat' dir='ltr'><strong>contra</strong></span> <span class='ocrx_word' id='word_1_147' title='bbox 422 1103 610 1134; x_wconf 86' lang='lat' dir='ltr'><strong>naturam</strong></span> <span class='ocrx_word' id='word_1_148' title='bbox 646 1094 869 1149; x_wconf 86' lang='lat' dir='ltr'><strong>depravata</strong></span> <span class='ocrx_word' id='word_1_149' title='bbox 897 1094 1114 1144; x_wconf 87' lang='lat' dir='ltr'><strong>haberent,</strong></span> <span class='ocrx_word' id='word_1_150' title='bbox 1134 1094 1465 1143; x_wconf 76' lang='lat' dir='ltr'><strong>restituerentur,</strong></span> <span class='ocrx_word' id='word_1_151' title='bbox 1484 1103 1526 1134; x_wconf 90' lang='lat' dir='ltr'><strong>et</strong></span> <span class='ocrx_word' id='word_1_152' title='bbox 1546 1094 1678 1135; x_wconf 86' lang='lat' dir='ltr'><strong>corri-</strong></span> 
     </span>
     <span class='ocr_line' id='line_1_19' title="bbox 244 1151 1678 1207; baseline 0.001 -18"><span class='ocrx_word' id='word_1_153' title='bbox 244 1158 446 1203; x_wconf 86' lang='lat' dir='ltr'><strong>gerentur</strong></span> <span class='ocrx_word' id='word_1_154' title='bbox 466 1151 518 1191; x_wconf 92' lang='lat' dir='ltr'><strong>ab</strong></span> <span class='ocrx_word' id='word_1_155' title='bbox 541 1159 702 1200; x_wconf 83' lang='lat' dir='ltr'><strong>natura,</strong></span> <span class='ocrx_word' id='word_1_156' title='bbox 723 1165 818 1191; x_wconf 88' lang='lat' dir='ltr'><strong>cum</strong></span> <span class='ocrx_word' id='word_1_157' title='bbox 842 1164 885 1190; x_wconf 87' lang='lat' dir='ltr'><strong>se</strong></span> <span class='ocrx_word' id='word_1_158' title='bbox 906 1151 996 1205; x_wconf 91' lang='lat' dir='ltr'><strong>ipsa</strong></span> <span class='ocrx_word' id='word_1_159' title='bbox 1015 1158 1264 1200; x_wconf 84' lang='lat' dir='ltr'><strong>revocasset,</strong></span> <span class='ocrx_word' id='word_1_160' title='bbox 1294 1158 1331 1183; x_wconf 75' lang='lat'><strong>9²³</strong></span> <span class='ocrx_word' id='word_1_161' title='bbox 1350 1160 1423 1191; x_wconf 90' lang='lat' dir='ltr'><strong>aut</strong></span> <span class='ocrx_word' id='word_1_162' title='bbox 1444 1158 1531 1190; x_wconf 90' lang='lat' dir='ltr'><strong>arte</strong></span> <span class='ocrx_word' id='word_1_163' title='bbox 1551 1159 1678 1207; x_wconf 87' lang='lat' dir='ltr'><strong>atque</strong></span> 
     </span>
     <span class='ocr_line' id='line_1_20' title="bbox 243 1205 1676 1262; baseline 0.002 -17"><span class='ocrx_word' id='word_1_164' title='bbox 243 1205 483 1246; x_wconf 85' lang='lat' dir='ltr'><strong>medicina?</strong></span> <span class='ocrx_word' id='word_1_165' title='bbox 516 1216 590 1247; x_wconf 89' lang='lat' dir='ltr'><strong>aut</strong></span> <span class='ocrx_word' id='word_1_166' title='bbox 623 1222 802 1262; x_wconf 85' lang='lat' dir='ltr'><strong>quorum</strong></span> <span class='ocrx_word' id='word_1_167' title='bbox 836 1206 994 1262; x_wconf 81' lang='lat' dir='ltr'><strong>linguae</strong></span> <span class='ocrx_word' id='word_1_168' title='bbox 1018 1207 1076 1247; x_wconf 89' lang='lat' dir='ltr'><strong>sic</strong></span> <span class='ocrx_word' id='word_1_169' title='bbox 1103 1206 1366 1255; x_wconf 81' lang='lat' dir='ltr'><strong>inhaererent,</strong></span> <span class='ocrx_word' id='word_1_170' title='bbox 1388 1215 1436 1247; x_wconf 91' lang='lat' dir='ltr'><strong>ut</strong></span> <span class='ocrx_word' id='word_1_171' title='bbox 1455 1206 1571 1262; x_wconf 90' lang='lat' dir='ltr'><strong>loqui</strong></span> <span class='ocrx_word' id='word_1_172' title='bbox 1593 1222 1676 1249; x_wconf 90' lang='lat' dir='ltr'><strong>non</strong></span> 
     </span>
     <span class='ocr_line' id='line_1_21' title="bbox 243 1263 1674 1318; baseline 0.003 -17"><span class='ocrx_word' id='word_1_173' title='bbox 243 1272 430 1316; x_wconf 80' lang='lat' dir='ltr'><strong>possent,</strong></span> <span class='ocrx_word' id='word_1_174' title='bbox 448 1277 507 1302; x_wconf 81' lang='lat' dir='ltr'><strong>eae</strong></span> <span class='ocrx_word' id='word_1_175' title='bbox 525 1263 723 1318; x_wconf 89' lang='lat' dir='ltr'><strong>scalpello</strong></span> <span class='ocrx_word' id='word_1_176' title='bbox 740 1272 911 1304; x_wconf 86' lang='lat' dir='ltr'><strong>resectae</strong></span> <span class='ocrx_word' id='word_1_177' title='bbox 928 1263 1230 1305; x_wconf 84' lang='lat' dir='ltr'><strong>liberarentur?</strong></span> <span class='ocrx_word' id='word_1_178' title='bbox 1255 1263 1387 1305; x_wconf 84' lang='lat' dir='ltr'><strong>Multi</strong></span> <span class='ocrx_word' id='word_1_179' title='bbox 1404 1263 1531 1304; x_wconf 83' lang='lat' dir='ltr'><strong>etiam</strong></span> <span class='ocrx_word' id='word_1_180' title='bbox 1552 1273 1674 1305; x_wconf 90' lang='lat' dir='ltr'><strong>natu-</strong></span> 
     </span>
    </p>

    <p class='ocr_par' dir='ltr' id='par_1_6' title="bbox 148 1319 1706 2606">
     <span class='ocr_line' id='line_1_22' title="bbox 199 1319 1677 1375; baseline 0.003 -17"><span class='ocrx_word' id='word_1_181' title='bbox 199 1328 231 1358; x_wconf 85' lang='lat' dir='ltr'><strong>b.</strong></span> <span class='ocrx_word' id='word_1_182' title='bbox 243 1332 299 1358; x_wconf 83' lang='lat' dir='ltr'><strong>rae</strong></span> <span class='ocrx_word' id='word_1_183' title='bbox 329 1319 475 1359; x_wconf 88' lang='lat' dir='ltr'><strong>vitium</strong></span> <span class='ocrx_word' id='word_1_184' title='bbox 506 1319 795 1369; x_wconf 82' lang='lat' dir='ltr'><strong>meditatione,</strong></span> <span class='ocrx_word' id='word_1_185' title='bbox 827 1329 954 1375; x_wconf 88' lang='lat' dir='ltr'><strong>atque</strong></span> <span class='ocrx_word' id='word_1_186' title='bbox 983 1321 1280 1361; x_wconf 79' lang='lat' dir='ltr'><strong>exercitatione</strong></span> <span class='ocrx_word' id='word_1_187' title='bbox 1310 1319 1593 1370; x_wconf 79' lang='lat' dir='ltr'><strong>sustulerunt3</strong></span> <span class='ocrx_word' id='word_1_188' title='bbox 1626 1328 1677 1363; x_wconf 89' lang='lat' dir='ltr'><strong>ut</strong></span> 
     </span>
     <span class='ocr_line' id='line_1_23' title="bbox 241 1375 1675 1432; baseline 0.002 -18"><span class='ocrx_word' id='word_1_189' title='bbox 241 1375 577 1416; x_wconf 87' lang='lat' dir='ltr'><strong>Demosthenem</strong></span> <span class='ocrx_word' id='word_1_190' title='bbox 608 1377 753 1417; x_wconf 88' lang='lat' dir='ltr'><strong>scribit</strong></span> <span class='ocrx_word' id='word_1_191' title='bbox 786 1376 1022 1427; x_wconf 83' lang='lat' dir='ltr'><strong>Phalereus,</strong></span> <span class='ocrx_word' id='word_1_192' title='bbox 1048 1391 1147 1418; x_wconf 88' lang='lat' dir='ltr'><strong>cum</strong></span> <span class='ocrx_word' id='word_1_193' title='bbox 1171 1390 1198 1417; x_wconf 78' lang='lat' dir='ltr'>R</span> <span class='ocrx_word' id='word_1_194' title='bbox 1214 1391 1244 1418; x_wconf 89' lang='lat' dir='ltr'>H</span> <span class='ocrx_word' id='word_1_195' title='bbox 1262 1391 1289 1418; x_wconf 91' lang='lat' dir='ltr'><strong>o</strong></span> <span class='ocrx_word' id='word_1_196' title='bbox 1312 1376 1450 1418; x_wconf 90' lang='lat' dir='ltr'><strong>dicere</strong></span> <span class='ocrx_word' id='word_1_197' title='bbox 1470 1376 1675 1432; x_wconf 88' lang='lat' dir='ltr'><strong>nequiret,</strong></span> 
     </span>
     <span class='ocr_line' id='line_1_24' title="bbox 240 1431 1674 1489; baseline 0.003 -18"><span class='ocrx_word' id='word_1_198' title='bbox 240 1431 537 1473; x_wconf 82' lang='lat' dir='ltr'><strong>exercitatione</strong></span> <span class='ocrx_word' id='word_1_199' title='bbox 558 1433 719 1483; x_wconf 88' lang='lat' dir='ltr'><strong>fecisse,</strong></span> <span class='ocrx_word' id='word_1_200' title='bbox 735 1442 783 1475; x_wconf 87' lang='lat' dir='ltr'><strong>ut</strong></span> <span class='ocrx_word' id='word_1_201' title='bbox 803 1433 1044 1489; x_wconf 88' lang='lat' dir='ltr'><strong>planissime</strong></span> <span class='ocrx_word' id='word_1_202' title='bbox 1064 1433 1237 1474; x_wconf 90' lang='lat' dir='ltr'><strong>diceret.</strong></span> <span class='ocrx_word' id='word_1_203' title='bbox 1259 1433 1374 1489; x_wconf 92' lang='lat' dir='ltr'><strong>quod</strong></span> <span class='ocrx_word' id='word_1_204' title='bbox 1395 1433 1430 1474; x_wconf 90' lang='lat' dir='ltr'><strong>si</strong></span> <span class='ocrx_word' id='word_1_205' title='bbox 1450 1432 1540 1474; x_wconf 88' lang='lat' dir='ltr'><strong>haec</strong></span> <span class='ocrx_word' id='word_1_206' title='bbox 1560 1443 1674 1475; x_wconf 87' lang='lat' dir='ltr'><strong>astro</strong></span> 
     </span>
     <span class='ocr_line' id='line_1_25' title="bbox 239 1487 1672 1545; baseline 0.003 -18"><span class='ocrx_word' id='word_1_207' title='bbox 239 1487 485 1543; x_wconf 89' lang='lat' dir='ltr'><strong>ingenerata</strong></span> <span class='ocrx_word' id='word_1_208' title='bbox 525 1498 567 1530; x_wconf 93' lang='lat' dir='ltr'><strong>et</strong></span> <span class='ocrx_word' id='word_1_209' title='bbox 604 1490 758 1531; x_wconf 88' lang='lat' dir='ltr'><strong>tradita</strong></span> <span class='ocrx_word' id='word_1_210' title='bbox 795 1499 948 1540; x_wconf 88' lang='lat' dir='ltr'><strong>essent,</strong></span> <span class='ocrx_word' id='word_1_211' title='bbox 985 1490 1100 1531; x_wconf 91' lang='lat' dir='ltr'><strong>nulla</strong></span> <span class='ocrx_word' id='word_1_212' title='bbox 1137 1504 1201 1531; x_wconf 93' lang='lat' dir='ltr'><strong>res</strong></span> <span class='ocrx_word' id='word_1_213' title='bbox 1240 1505 1290 1531; x_wconf 91' lang='lat' dir='ltr'><strong>ea</strong></span> <span class='ocrx_word' id='word_1_214' title='bbox 1323 1499 1488 1531; x_wconf 88' lang='lat' dir='ltr'><strong>mutare</strong></span> <span class='ocrx_word' id='word_1_215' title='bbox 1517 1498 1672 1545; x_wconf 89' lang='lat' dir='ltr'><strong>posset.</strong></span> 
     </span>
     <span class='ocr_line' id='line_1_26' title="bbox 239 1545 1673 1601; baseline 0.001 -16"><span class='ocrx_word' id='word_1_216' title='bbox 239 1545 379 1586; x_wconf 79' lang='lat' dir='ltr'><strong>Quid?</strong></span> <span class='ocrx_word' id='word_1_217' title='bbox 404 1545 701 1588; x_wconf 85' lang='lat' dir='ltr'><strong>dissimilitudo</strong></span> <span class='ocrx_word' id='word_1_218' title='bbox 722 1547 914 1588; x_wconf 91' lang='lat' dir='ltr'><strong>locorum</strong></span> <span class='ocrx_word' id='word_1_219' title='bbox 937 1562 1074 1588; x_wconf 90' lang='lat' dir='ltr'><strong>nonne</strong></span> <span class='ocrx_word' id='word_1_220' title='bbox 1091 1546 1313 1588; x_wconf 87' lang='lat' dir='ltr'><strong>dissimiles</strong></span> <span class='ocrx_word' id='word_1_221' title='bbox 1329 1546 1549 1588; x_wconf 90' lang='lat' dir='ltr'><strong>hominum</strong></span> <span class='ocrx_word' id='word_1_222' title='bbox 1573 1561 1673 1601; x_wconf 91' lang='lat' dir='ltr'><strong>pro-</strong></span> 
     </span>
     <span class='ocr_line' id='line_1_27' title="bbox 237 1603 1673 1659; baseline 0.001 -18"><span class='ocrx_word' id='word_1_223' title='bbox 237 1603 468 1643; x_wconf 88' lang='lat' dir='ltr'><strong>creationes</strong></span> <span class='ocrx_word' id='word_1_224' title='bbox 511 1603 667 1644; x_wconf 87' lang='lat' dir='ltr'><strong>habet?</strong></span> <span class='ocrx_word' id='word_1_225' title='bbox 709 1619 812 1659; x_wconf 91' lang='lat' dir='ltr'><strong>quas</strong></span> <span class='ocrx_word' id='word_1_226' title='bbox 848 1603 1016 1659; x_wconf 90' lang='lat' dir='ltr'><strong>quidem</strong></span> <span class='ocrx_word' id='word_1_227' title='bbox 1053 1618 1293 1658; x_wconf 89' lang='lat' dir='ltr'><strong>percurrere</strong></span> <span class='ocrx_word' id='word_1_228' title='bbox 1331 1603 1520 1644; x_wconf 89' lang='lat' dir='ltr'><strong>oratione</strong></span> <span class='ocrx_word' id='word_1_229' title='bbox 1550 1603 1673 1644; x_wconf 88' lang='lat' dir='ltr'><strong>facile</strong></span> 
     </span>
     <span class='ocr_line' id='line_1_28' title="bbox 237 1658 1668 1715; baseline 0.001 -18"><span class='ocrx_word' id='word_1_230' title='bbox 237 1667 325 1698; x_wconf 85' lang='lat' dir='ltr'><strong>est:</strong></span> <span class='ocrx_word' id='word_1_231' title='bbox 357 1659 457 1714; x_wconf 89' lang='lat' dir='ltr'><strong>quid</strong></span> <span class='ocrx_word' id='word_1_232' title='bbox 479 1659 587 1701; x_wconf 90' lang='lat' dir='ltr'><strong>inter</strong></span> <span class='ocrx_word' id='word_1_233' title='bbox 609 1660 750 1711; x_wconf 89' lang='lat' dir='ltr'><strong>Indos,</strong></span> <span class='ocrx_word' id='word_1_234' title='bbox 772 1669 814 1701; x_wconf 89' lang='lat' dir='ltr'><strong>et</strong></span> <span class='ocrx_word' id='word_1_235' title='bbox 837 1661 994 1710; x_wconf 89' lang='lat' dir='ltr'><strong>Persas,</strong></span> <span class='ocrx_word' id='word_1_236' title='bbox 1016 1660 1256 1715; x_wconf 89' lang='lat' dir='ltr'><strong>AEthiopas,</strong></span> <span class='ocrx_word' id='word_1_237' title='bbox 1277 1667 1320 1700; x_wconf 87' lang='lat' dir='ltr'><strong>et</strong></span> <span class='ocrx_word' id='word_1_238' title='bbox 1340 1661 1469 1715; x_wconf 87' lang='lat' dir='ltr'><strong>Syros</strong></span> <span class='ocrx_word' id='word_1_239' title='bbox 1489 1658 1668 1710; x_wconf 81' lang='lat' dir='ltr'><strong>differat,</strong></span> 
     </span>
     <span class='ocr_line' id='line_1_29' title="bbox 237 1714 1671 1771; baseline 0.002 -17"><span class='ocrx_word' id='word_1_240' title='bbox 237 1716 499 1769; x_wconf 88' lang='lat' dir='ltr'><strong>corporibus,</strong></span> <span class='ocrx_word' id='word_1_241' title='bbox 522 1716 698 1757; x_wconf 90' lang='lat' dir='ltr'><strong>animis:</strong></span> <span class='ocrx_word' id='word_1_242' title='bbox 729 1727 776 1757; x_wconf 92' lang='lat' dir='ltr'><strong>ut</strong></span> <span class='ocrx_word' id='word_1_243' title='bbox 798 1717 1051 1757; x_wconf 88' lang='lat' dir='ltr'><strong>incredibilis</strong></span> <span class='ocrx_word' id='word_1_244' title='bbox 1086 1717 1257 1757; x_wconf 85' lang='lat' dir='ltr'><strong>varietas</strong></span> <span class='ocrx_word' id='word_1_245' title='bbox 1288 1714 1671 1771; x_wconf 84' lang='lat' dir='ltr'><strong>dissimilitudoque</strong></span> 
     </span>
     <span class='ocr_line' id='line_1_30' title="bbox 173 1770 1670 1828; baseline 0.002 -17"><span class='ocrx_word' id='word_1_246' title='bbox 173 1776 222 1818; x_wconf 82' lang='lat'><strong>97</strong></span> <span class='ocrx_word' id='word_1_247' title='bbox 238 1770 304 1811; x_wconf 83' lang='lat' dir='ltr'><strong>sit.</strong></span> <span class='ocrx_word' id='word_1_248' title='bbox 364 1773 426 1812; x_wconf 84' lang='lat' dir='ltr'><strong>Ex</strong></span> <span class='ocrx_word' id='word_1_249' title='bbox 452 1787 536 1827; x_wconf 90' lang='lat' dir='ltr'><strong>quo</strong></span> <span class='ocrx_word' id='word_1_250' title='bbox 566 1772 828 1827; x_wconf 80' lang='lat' dir='ltr'><strong>intelligitur,</strong></span> <span class='ocrx_word' id='word_1_251' title='bbox 851 1773 946 1828; x_wconf 89' lang='lat' dir='ltr'><strong>plus</strong></span> <span class='ocrx_word' id='word_1_252' title='bbox 977 1782 1182 1813; x_wconf 89' lang='lat' dir='ltr'><strong>terrarum</strong></span> <span class='ocrx_word' id='word_1_253' title='bbox 1213 1773 1331 1822; x_wconf 85' lang='lat' dir='ltr'><strong>situs,</strong></span> <span class='ocrx_word' id='word_1_254' title='bbox 1349 1786 1476 1827; x_wconf 89' lang='lat' dir='ltr'><strong>quam</strong></span> <span class='ocrx_word' id='word_1_255' title='bbox 1506 1779 1544 1805; x_wconf 86' lang='lat'><strong>94</strong></span> <span class='ocrx_word' id='word_1_256' title='bbox 1557 1771 1670 1814; x_wconf 86' lang='lat' dir='ltr'><strong>lunae</strong></span> 
     </span>
     <span class='ocr_line' id='line_1_31' title="bbox 237 1827 1671 1884; baseline 0.002 -17"><span class='ocrx_word' id='word_1_257' title='bbox 237 1835 373 1868; x_wconf 87' lang='lat' dir='ltr'><strong>tactus</strong></span> <span class='ocrx_word' id='word_1_258' title='bbox 395 1828 726 1870; x_wconf 89' lang='lat' dir='ltr'><strong>ad.nascendum</strong></span> <span class='ocrx_word' id='word_1_259' title='bbox 747 1830 896 1870; x_wconf 86' lang='lat' dir='ltr'><strong>valere.</strong></span> <span class='ocrx_word' id='word_1_260' title='bbox 928 1831 1058 1879; x_wconf 88' lang='lat' dir='ltr'><strong>Nam,</strong></span> <span class='ocrx_word' id='word_1_261' title='bbox 1078 1829 1194 1884; x_wconf 89' lang='lat' dir='ltr'><strong>quod</strong></span> <span class='ocrx_word' id='word_1_262' title='bbox 1211 1829 1342 1879; x_wconf 90' lang='lat' dir='ltr'><strong>aiunt,</strong></span> <span class='ocrx_word' id='word_1_263' title='bbox 1364 1827 1671 1884; x_wconf 88' lang='lat' dir='ltr'><strong>quadringenta</strong></span> 
     </span>
     <span class='ocr_line' id='line_1_32' title="bbox 235 1884 1670 1941; baseline 0.001 -18"><span class='ocrx_word' id='word_1_264' title='bbox 235 1892 277 1923; x_wconf 90' lang='lat' dir='ltr'><strong>et</strong></span> <span class='ocrx_word' id='word_1_265' title='bbox 297 1885 564 1939; x_wconf 88' lang='lat' dir='ltr'><strong>septuaginta</strong></span> <span class='ocrx_word' id='word_1_266' title='bbox 582 1885 714 1926; x_wconf 85' lang='lat' dir='ltr'><strong>millia</strong></span> <span class='ocrx_word' id='word_1_267' title='bbox 732 1900 936 1926; x_wconf 86' lang='lat' dir='ltr'><strong>annorum</strong></span> <span class='ocrx_word' id='word_1_268' title='bbox 959 1885 998 1926; x_wconf 93' lang='lat' dir='ltr'><strong>in</strong></span> <span class='ocrx_word' id='word_1_269' title='bbox 1021 1885 1305 1940; x_wconf 89' lang='lat' dir='ltr'><strong>periclitandis</strong></span> <span class='ocrx_word' id='word_1_270' title='bbox 1321 1884 1670 1941; x_wconf 85' lang='lat' dir='ltr'><strong>experiundisque</strong></span> 
     </span>
     <span class='ocr_line' id='line_1_33' title="bbox 233 1941 1666 1998; baseline 0.002 -18"><span class='ocrx_word' id='word_1_271' title='bbox 233 1941 389 1994; x_wconf 88' lang='lat' dir='ltr'><strong>pueris,</strong></span> <span class='ocrx_word' id='word_1_272' title='bbox 408 1941 666 1997; x_wconf 89' lang='lat' dir='ltr'><strong>quicumque</strong></span> <span class='ocrx_word' id='word_1_273' title='bbox 698 1951 837 1983; x_wconf 87' lang='lat' dir='ltr'><strong>essent</strong></span> <span class='ocrx_word' id='word_1_274' title='bbox 864 1942 963 1993; x_wconf 84' lang='lat' dir='ltr'><strong>nati,</strong></span> <span class='ocrx_word' id='word_1_275' title='bbox 987 1941 1246 1998; x_wconf 89' lang='lat' dir='ltr'><strong>Babylonios</strong></span> <span class='ocrx_word' id='word_1_276' title='bbox 1274 1941 1480 1997; x_wconf 90' lang='lat' dir='ltr'><strong>posuisse,</strong></span> <span class='ocrx_word' id='word_1_277' title='bbox 1501 1941 1666 1983; x_wconf 88' lang='lat' dir='ltr'><strong>fallunt.</strong></span> 
     </span>
     <span class='ocr_line' id='line_1_34' title="bbox 234 1996 1666 2049; baseline 0.002 -13"><span class='ocrx_word' id='word_1_278' title='bbox 234 1996 268 2036; x_wconf 92' lang='lat' dir='ltr'><strong>si</strong></span> <span class='ocrx_word' id='word_1_279' title='bbox 290 1997 400 2037; x_wconf 91' lang='lat' dir='ltr'><strong>enim</strong></span> <span class='ocrx_word' id='word_1_280' title='bbox 424 2006 533 2038; x_wconf 88' lang='lat' dir='ltr'><strong>esset</strong></span> <span class='ocrx_word' id='word_1_281' title='bbox 553 1998 804 2049; x_wconf 88' lang='lat' dir='ltr'><strong>factitatum,</strong></span> <span class='ocrx_word' id='word_1_282' title='bbox 826 2013 908 2039; x_wconf 91' lang='lat' dir='ltr'><strong>non</strong></span> <span class='ocrx_word' id='word_1_283' title='bbox 931 2007 1041 2039; x_wconf 90' lang='lat' dir='ltr'><strong>esset</strong></span> <span class='ocrx_word' id='word_1_284' title='bbox 1062 1998 1259 2039; x_wconf 88' lang='lat' dir='ltr'><strong>desitum.</strong></span> <span class='ocrx_word' id='word_1_285' title='bbox 1290 1997 1501 2039; x_wconf 90' lang='lat' dir='ltr'><strong>neminem</strong></span> <span class='ocrx_word' id='word_1_286' title='bbox 1522 2006 1666 2040; x_wconf 90' lang='lat' dir='ltr'><strong>autem</strong></span> 
     </span>
     <span class='ocr_line' id='line_1_35' title="bbox 232 2051 1664 2111; baseline 0.003 -19"><span class='ocrx_word' id='word_1_287' title='bbox 232 2051 438 2094; x_wconf 90' lang='lat' dir='ltr'><strong>habemus</strong></span> <span class='ocrx_word' id='word_1_288' title='bbox 468 2062 699 2105; x_wconf 89' lang='lat' dir='ltr'><strong>auctorem,</strong></span> <span class='ocrx_word' id='word_1_289' title='bbox 721 2056 793 2111; x_wconf 90' lang='lat' dir='ltr'><strong>qui</strong></span> <span class='ocrx_word' id='word_1_290' title='bbox 824 2055 865 2095; x_wconf 91' lang='lat' dir='ltr'><strong>id</strong></span> <span class='ocrx_word' id='word_1_291' title='bbox 896 2063 968 2096; x_wconf 89' lang='lat' dir='ltr'><strong>aut</strong></span> <span class='ocrx_word' id='word_1_292' title='bbox 1000 2055 1085 2096; x_wconf 87' lang='lat' dir='ltr'><strong>fieri</strong></span> <span class='ocrx_word' id='word_1_293' title='bbox 1115 2054 1241 2105; x_wconf 89' lang='lat' dir='ltr'><strong>dicat,</strong></span> <span class='ocrx_word' id='word_1_294' title='bbox 1262 2063 1335 2096; x_wconf 90' lang='lat' dir='ltr'><strong>aut</strong></span> <span class='ocrx_word' id='word_1_295' title='bbox 1365 2055 1524 2096; x_wconf 90' lang='lat' dir='ltr'><strong>factum</strong></span> <span class='ocrx_word' id='word_1_296' title='bbox 1547 2055 1664 2098; x_wconf 89' lang='lat' dir='ltr'><strong>sciat.</strong></span> 
     </span>
     <span class='ocr_line' id='line_1_36' title="bbox 148 2104 1706 2166; baseline 0 -14"><span class='ocrx_word' id='word_1_297' title='bbox 148 2104 217 2158; x_wconf 77' lang='lat'><strong>47</strong></span> <span class='ocrx_word' id='word_1_298' title='bbox 232 2109 431 2161; x_wconf 84' lang='lat' dir='ltr'><strong>Videsne,</strong></span> <span class='ocrx_word' id='word_1_299' title='bbox 463 2125 532 2151; x_wconf 89' lang='lat' dir='ltr'><strong>me</strong></span> <span class='ocrx_word' id='word_1_300' title='bbox 564 2126 649 2152; x_wconf 92' lang='lat' dir='ltr'><strong>non</strong></span> <span class='ocrx_word' id='word_1_301' title='bbox 682 2125 730 2152; x_wconf 90' lang='lat' dir='ltr'><strong>ea</strong></span> <span class='ocrx_word' id='word_1_302' title='bbox 761 2111 912 2162; x_wconf 87' lang='lat' dir='ltr'><strong>dicere,</strong></span> <span class='ocrx_word' id='word_1_303' title='bbox 948 2127 1043 2166; x_wconf 84' lang='lat' dir='ltr'><strong>quae</strong></span> <span class='ocrx_word' id='word_1_304' title='bbox 1078 2111 1333 2162; x_wconf 90' lang='lat' dir='ltr'><strong>Carneades,</strong></span> <span class='ocrx_word' id='word_1_305' title='bbox 1367 2111 1439 2152; x_wconf 91' lang='lat' dir='ltr'><strong>sed</strong></span> <span class='ocrx_word' id='word_1_306' title='bbox 1473 2126 1537 2162; x_wconf 92' lang='lat' dir='ltr'><strong>ea,</strong></span> <span class='ocrx_word' id='word_1_307' title='bbox 1598 2127 1663 2153; x_wconf 86' lang='lat' dir='ltr'><strong>uae</strong></span> <span class='ocrx_word' id='word_1_308' title='bbox 1703 2139 1706 2142; x_wconf 65' lang='grc'><em>»</em></span> 
     </span>
     <span class='ocr_line' id='line_1_37' title="bbox 230 2165 1664 2224; baseline 0.002 -18"><span class='ocrx_word' id='word_1_309' title='bbox 230 2165 423 2222; x_wconf 91' lang='lat' dir='ltr'><strong>princeps</strong></span> <span class='ocrx_word' id='word_1_310' title='bbox 445 2167 687 2209; x_wconf 89' lang='lat' dir='ltr'><strong>Stoicorum</strong></span> <span class='ocrx_word' id='word_1_311' title='bbox 710 2169 916 2209; x_wconf 85' lang='lat' dir='ltr'><strong>Panaetius</strong></span> <span class='ocrx_word' id='word_1_312' title='bbox 936 2168 1115 2209; x_wconf 83' lang='lat' dir='ltr'><strong>dixerit?</strong></span> <span class='ocrx_word' id='word_1_313' title='bbox 1147 2183 1228 2224; x_wconf 90' lang='lat' dir='ltr'><strong>ego</strong></span> <span class='ocrx_word' id='word_1_314' title='bbox 1258 2176 1399 2209; x_wconf 89' lang='lat' dir='ltr'><strong>autem</strong></span> <span class='ocrx_word' id='word_1_315' title='bbox 1432 2168 1559 2209; x_wconf 88' lang='lat' dir='ltr'><strong>etiam</strong></span> <span class='ocrx_word' id='word_1_316' title='bbox 1612 2183 1664 2210; x_wconf 89' lang='lat' dir='ltr'><strong>oc</strong></span> 
     </span>
     <span class='ocr_line' id='line_1_38' title="bbox 229 2223 1663 2281; baseline 0.003 -19"><span class='ocrx_word' id='word_1_317' title='bbox 229 2223 411 2278; x_wconf 88' lang='lat' dir='ltr'><strong>requiro,</strong></span> <span class='ocrx_word' id='word_1_318' title='bbox 451 2238 666 2276; x_wconf 91' lang='lat' dir='ltr'><strong>omnesne,</strong></span> <span class='ocrx_word' id='word_1_319' title='bbox 703 2233 740 2258; x_wconf 85' lang='lat'><strong>9⁵</strong></span> <span class='ocrx_word' id='word_1_320' title='bbox 756 2225 828 2281; x_wconf 89' lang='lat' dir='ltr'><strong>qui</strong></span> <span class='ocrx_word' id='word_1_321' title='bbox 868 2225 1080 2265; x_wconf 89' lang='lat' dir='ltr'><strong>Cannensi</strong></span> <span class='ocrx_word' id='word_1_322' title='bbox 1119 2240 1265 2281; x_wconf 88' lang='lat' dir='ltr'><strong>pugna</strong></span> <span class='ocrx_word' id='word_1_323' title='bbox 1302 2225 1542 2276; x_wconf 90' lang='lat' dir='ltr'><strong>ceciderint,</strong></span> <span class='ocrx_word' id='word_1_324' title='bbox 1577 2239 1663 2266; x_wconf 87' lang='lat' dir='ltr'><strong>uno</strong></span> 
     </span>
     <span class='ocr_line' id='line_1_39' title="bbox 228 2280 1660 2338; baseline 0.003 -19"><span class='ocrx_word' id='word_1_325' title='bbox 228 2288 342 2320; x_wconf 89' lang='lat' dir='ltr'><strong>astro</strong></span> <span class='ocrx_word' id='word_1_326' title='bbox 377 2280 543 2321; x_wconf 84' lang='lat' dir='ltr'><strong>fuerint.</strong></span> <span class='ocrx_word' id='word_1_327' title='bbox 602 2281 751 2322; x_wconf 85' lang='lat' dir='ltr'><strong>Exitus</strong></span> <span class='ocrx_word' id='word_1_328' title='bbox 786 2281 955 2338; x_wconf 90' lang='lat' dir='ltr'><strong>quidem</strong></span> <span class='ocrx_word' id='word_1_329' title='bbox 990 2281 1179 2323; x_wconf 89' lang='lat' dir='ltr'><strong>omnium</strong></span> <span class='ocrx_word' id='word_1_330' title='bbox 1215 2296 1322 2323; x_wconf 90' lang='lat' dir='ltr'><strong>unus</strong></span> <span class='ocrx_word' id='word_1_331' title='bbox 1352 2290 1395 2322; x_wconf 91' lang='lat' dir='ltr'><strong>et</strong></span> <span class='ocrx_word' id='word_1_332' title='bbox 1424 2280 1660 2323; x_wconf 74' lang='lat' dir='ltr'><strong>idem‘fuit.</strong></span> 
     </span>
     <span class='ocr_line' id='line_1_40' title="bbox 227 2336 1660 2394; baseline 0.001 -18"><span class='ocrx_word' id='word_1_333' title='bbox 227 2336 368 2391; x_wconf 87' lang='lat' dir='ltr'><strong>Quid?</strong></span> <span class='ocrx_word' id='word_1_334' title='bbox 402 2337 475 2392; x_wconf 91' lang='lat' dir='ltr'><strong>qui</strong></span> <span class='ocrx_word' id='word_1_335' title='bbox 504 2338 673 2392; x_wconf 91' lang='lat' dir='ltr'><strong>ingenio</strong></span> <span class='ocrx_word' id='word_1_336' title='bbox 703 2347 830 2394; x_wconf 89' lang='lat' dir='ltr'><strong>atque</strong></span> <span class='ocrx_word' id='word_1_337' title='bbox 860 2338 1001 2379; x_wconf 89' lang='lat' dir='ltr'><strong>animo</strong></span> <span class='ocrx_word' id='word_1_338' title='bbox 1031 2338 1276 2394; x_wconf 87' lang='lat' dir='ltr'><strong>singulares,</strong></span> <span class='ocrx_word' id='word_1_339' title='bbox 1299 2353 1400 2379; x_wconf 92' lang='lat' dir='ltr'><strong>num</strong></span> <span class='ocrx_word' id='word_1_340' title='bbox 1421 2346 1533 2379; x_wconf 89' lang='lat' dir='ltr'><strong>astro</strong></span> <span class='ocrx_word' id='word_1_341' title='bbox 1551 2352 1660 2393; x_wconf 91' lang='lat' dir='ltr'><strong>quo-</strong></span> 
     </span>
     <span class='ocr_line' id='line_1_41' title="bbox 228 2393 1658 2451; baseline 0.001 -19"><span class='ocrx_word' id='word_1_342' title='bbox 228 2406 310 2446; x_wconf 90' lang='lat' dir='ltr'><strong>que</strong></span> <span class='ocrx_word' id='word_1_343' title='bbox 330 2395 442 2434; x_wconf 90' lang='lat' dir='ltr'><strong>uno?</strong></span> <span class='ocrx_word' id='word_1_344' title='bbox 465 2394 580 2449; x_wconf 92' lang='lat' dir='ltr'><strong>quod</strong></span> <span class='ocrx_word' id='word_1_345' title='bbox 600 2395 711 2435; x_wconf 90' lang='lat' dir='ltr'><strong>enim</strong></span> <span class='ocrx_word' id='word_1_346' title='bbox 732 2403 914 2451; x_wconf 88' lang='lat' dir='ltr'><strong>tempus,</strong></span> <span class='ocrx_word' id='word_1_347' title='bbox 932 2410 1017 2451; x_wconf 91' lang='lat' dir='ltr'><strong>quo</strong></span> <span class='ocrx_word' id='word_1_348' title='bbox 1034 2410 1118 2436; x_wconf 91' lang='lat' dir='ltr'><strong>non</strong></span> <span class='ocrx_word' id='word_1_349' title='bbox 1140 2393 1463 2436; x_wconf 80' lang='lat' dir='ltr'><strong>innumerabiles</strong></span> <span class='ocrx_word' id='word_1_350' title='bbox 1484 2407 1658 2434; x_wconf 87' lang='lat' dir='ltr'><strong>nascan-</strong></span> 
     </span>
     <span class='ocr_line' id='line_1_42' title="bbox 163 2449 1658 2505; baseline 0.003 -19"><span class='ocrx_word' id='word_1_351' title='bbox 163 2452 214 2495; x_wconf 81' lang='lat'><strong>98</strong></span> <span class='ocrx_word' id='word_1_352' title='bbox 228 2450 323 2489; x_wconf 85' lang='lat' dir='ltr'><strong>tur?</strong></span> <span class='ocrx_word' id='word_1_353' title='bbox 349 2458 391 2490; x_wconf 88' lang='lat' dir='ltr'><strong>at</strong></span> <span class='ocrx_word' id='word_1_354' title='bbox 410 2460 523 2492; x_wconf 88' lang='lat' dir='ltr'><strong>certe</strong></span> <span class='ocrx_word' id='word_1_355' title='bbox 545 2451 690 2492; x_wconf 89' lang='lat' dir='ltr'><strong>similis</strong></span> <span class='ocrx_word' id='word_1_356' title='bbox 711 2466 836 2493; x_wconf 90' lang='lat' dir='ltr'><strong>nemo</strong></span> <span class='ocrx_word' id='word_1_357' title='bbox 857 2451 1051 2492; x_wconf 88' lang='lat' dir='ltr'><strong>Homeri.</strong></span> <span class='ocrx_word' id='word_1_358' title='bbox 1110 2454 1179 2502; x_wconf 88' lang='lat' dir='ltr'><strong>Et,</strong></span> <span class='ocrx_word' id='word_1_359' title='bbox 1203 2451 1236 2492; x_wconf 89' lang='lat' dir='ltr'><strong>si</strong></span> <span class='ocrx_word' id='word_1_360' title='bbox 1266 2450 1319 2491; x_wconf 85' lang='lat' dir='ltr'><strong>ad</strong></span> <span class='ocrx_word' id='word_1_361' title='bbox 1348 2464 1436 2490; x_wconf 90' lang='lat' dir='ltr'><strong>rem</strong></span> <span class='ocrx_word' id='word_1_362' title='bbox 1460 2449 1658 2505; x_wconf 89' lang='lat' dir='ltr'><strong>pertinet,</strong></span> 
     </span>
     <span class='ocr_line' id='line_1_43' title="bbox 226 2505 1659 2562; baseline 0.003 -18"><span class='ocrx_word' id='word_1_363' title='bbox 226 2519 312 2559; x_wconf 92' lang='lat' dir='ltr'><strong>quo</strong></span> <span class='ocrx_word' id='word_1_364' title='bbox 347 2506 479 2546; x_wconf 89' lang='lat' dir='ltr'><strong>modo</strong></span> <span class='ocrx_word' id='word_1_365' title='bbox 513 2507 623 2548; x_wconf 85' lang='lat' dir='ltr'><strong>coelo</strong></span> <span class='ocrx_word' id='word_1_366' title='bbox 657 2508 823 2559; x_wconf 84' lang='lat' dir='ltr'><strong>affecto,</strong></span> <span class='ocrx_word' id='word_1_367' title='bbox 858 2507 1187 2562; x_wconf 87' lang='lat' dir='ltr'><strong>compositisque</strong></span> <span class='ocrx_word' id='word_1_368' title='bbox 1220 2505 1424 2547; x_wconf 89' lang='lat' dir='ltr'><strong>sideribus</strong></span> <span class='ocrx_word' id='word_1_369' title='bbox 1458 2505 1659 2562; x_wconf 84' lang='lat' dir='ltr'><strong>quodque</strong></span> 
     </span>
     <span class='ocr_line' id='line_1_44' title="bbox 225 2560 1656 2606; baseline 0.003 -5"><span class='ocrx_word' id='word_1_370' title='bbox 225 2560 379 2602; x_wconf 84' lang='lat' dir='ltr'><strong>animal</strong></span> <span class='ocrx_word' id='word_1_371' title='bbox 399 2562 581 2605; x_wconf 86' lang='lat' dir='ltr'><strong>oriatur:</strong></span> <span class='ocrx_word' id='word_1_372' title='bbox 608 2564 742 2606; x_wconf 90' lang='lat' dir='ltr'><strong>valeat</strong></span> <span class='ocrx_word' id='word_1_373' title='bbox 761 2564 805 2606; x_wconf 90' lang='lat' dir='ltr'><strong>id</strong></span> <span class='ocrx_word' id='word_1_374' title='bbox 825 2578 993 2606; x_wconf 92' lang='lat' dir='ltr'><strong>necesse</strong></span> <span class='ocrx_word' id='word_1_375' title='bbox 1013 2572 1076 2604; x_wconf 90' lang='lat' dir='ltr'><strong>est</strong></span> <span class='ocrx_word' id='word_1_376' title='bbox 1096 2563 1222 2604; x_wconf 89' lang='lat' dir='ltr'><strong>etiam</strong></span> <span class='ocrx_word' id='word_1_377' title='bbox 1243 2562 1284 2604; x_wconf 91' lang='lat' dir='ltr'><strong>in</strong></span> <span class='ocrx_word' id='word_1_378' title='bbox 1307 2563 1429 2604; x_wconf 91' lang='lat' dir='ltr'><strong>rebus</strong></span> <span class='ocrx_word' id='word_1_379' title='bbox 1449 2562 1656 2605; x_wconf 88' lang='lat' dir='ltr'><strong>inanimis.</strong></span> 
     </span>
    </p>
   </div>
   <div class='ocr_carea' id='block_1_4' title="bbox 222 2696 1654 2913">
    <p class='ocr_par' dir='ltr' id='par_1_7' title="bbox 223 2696 1654 2780">
     <span class='ocr_line' id='line_1_45' title="bbox 268 2696 1654 2739; baseline 0.003 -13"><span class='ocrx_word' id='word_1_380' title='bbox 268 2701 306 2727; x_wconf 77' lang='lat'><strong>92</strong></span> <span class='ocrx_word' id='word_1_381' title='bbox 326 2701 468 2734; x_wconf 76' lang='lat' dir='ltr'><strong>parumne</strong></span> <span class='ocrx_word' id='word_1_382' title='bbox 482 2696 646 2739; x_wconf 69' lang='lat' dir='ltr'><strong>declarant]</strong></span> <span class='ocrx_word' id='word_1_383' title='bbox 661 2699 807 2730; x_wconf 84' lang='lat' dir='ltr'><strong>Davisius</strong></span> <span class='ocrx_word' id='word_1_384' title='bbox 824 2698 919 2728; x_wconf 82' lang='lat' dir='ltr'><strong>corri·</strong></span> <span class='ocrx_word' id='word_1_385' title='bbox 1006 2705 1046 2731; x_wconf 82' lang='lat'><strong>94</strong></span> <span class='ocrx_word' id='word_1_386' title='bbox 1062 2697 1139 2728; x_wconf 82' lang='lat' dir='ltr'><em>lunae</em></span> <span class='ocrx_word' id='word_1_387' title='bbox 1155 2696 1279 2738; x_wconf 80' lang='lat' dir='ltr'><strong>tractus]</strong></span> <span class='ocrx_word' id='word_1_388' title='bbox 1293 2698 1420 2729; x_wconf 85' lang='lat' dir='ltr'><strong>Correxi</strong></span> <span class='ocrx_word' id='word_1_389' title='bbox 1434 2705 1527 2728; x_wconf 80' lang='lat' dir='ltr'><strong>taetus</strong></span> <span class='ocrx_word' id='word_1_390' title='bbox 1541 2708 1558 2729; x_wconf 86' lang='lat' dir='ltr'><strong>e</strong></span> <span class='ocrx_word' id='word_1_391' title='bbox 1574 2699 1654 2730; x_wconf 88' lang='lat' dir='ltr'><strong>Mss.</strong></span> 
     </span>
     <span class='ocr_line' id='line_1_46' title="bbox 223 2737 1567 2780; baseline 0.002 -12"><span class='ocrx_word' id='word_1_392' title='bbox 223 2739 268 2778; x_wconf 81' lang='lat' dir='ltr'><strong>git</strong></span> <span class='ocrx_word' id='word_1_393' title='bbox 285 2737 427 2777; x_wconf 78' lang='lat' dir='ltr'><strong>declarat,</strong></span> <span class='ocrx_word' id='word_1_394' title='bbox 444 2746 535 2770; x_wconf 83' lang='lat' dir='ltr'><strong>recte.</strong></span> <span class='ocrx_word' id='word_1_395' title='bbox 961 2742 1045 2780; x_wconf 87' lang='lat' dir='ltr'><strong>apud</strong></span> <span class='ocrx_word' id='word_1_396' title='bbox 1062 2742 1240 2772; x_wconf 83' lang='lat' dir='ltr'><strong>Davisium.</strong></span> <span class='ocrx_word' id='word_1_397' title='bbox 1262 2750 1292 2772; x_wconf 93' lang='lat' dir='ltr'><strong>v.</strong></span> <span class='ocrx_word' id='word_1_398' title='bbox 1310 2741 1398 2771; x_wconf 83' lang='lat' dir='ltr'><strong>Clav.</strong></span> <span class='ocrx_word' id='word_1_399' title='bbox 1415 2742 1448 2771; x_wconf 87' lang='lat' dir='ltr'><strong>in</strong></span> <span class='ocrx_word' id='word_1_400' title='bbox 1464 2747 1567 2771; x_wconf 79' lang='lat' dir='ltr'><strong>tactus.</strong></span> 
     </span>
    </p>

    <p class='ocr_par' dir='ltr' id='par_1_8' title="bbox 222 2783 1653 2913">
     <span class='ocr_line' id='line_1_47' title="bbox 267 2783 1652 2826; baseline 0.003 -15"><span class='ocrx_word' id='word_1_401' title='bbox 267 2787 304 2813; x_wconf 80' lang='lat'><strong>93</strong></span> <span class='ocrx_word' id='word_1_402' title='bbox 328 2788 381 2811; x_wconf 83' lang='lat' dir='ltr'><strong>aut</strong></span> <span class='ocrx_word' id='word_1_403' title='bbox 394 2788 457 2811; x_wconf 86' lang='lat' dir='ltr'><strong>arte</strong></span> <span class='ocrx_word' id='word_1_404' title='bbox 471 2789 558 2824; x_wconf 81' lang='lat' dir='ltr'><strong>atque</strong></span> <span class='ocrx_word' id='word_1_405' title='bbox 573 2783 725 2823; x_wconf 81' lang='lat' dir='ltr'><strong>medicina]</strong></span> <span class='ocrx_word' id='word_1_406' title='bbox 751 2791 839 2826; x_wconf 81' lang='lat' dir='ltr'><strong>atque</strong></span> <span class='ocrx_word' id='word_1_407' title='bbox 861 2794 916 2823; x_wconf 88' lang='lat' dir='ltr'><strong>pro</strong></span> <span class='ocrx_word' id='word_1_408' title='bbox 1003 2792 1040 2817; x_wconf 83' lang='grc'><strong>95</strong></span> <span class='ocrx_word' id='word_1_409' title='bbox 1066 2785 1116 2826; x_wconf 81' lang='lat' dir='ltr'><strong>qui</strong></span> <span class='ocrx_word' id='word_1_410' title='bbox 1143 2785 1178 2815; x_wconf 84' lang='lat' dir='ltr'><strong>C.</strong></span> <span class='ocrx_word' id='word_1_411' title='bbox 1198 2791 1297 2824; x_wconf 80' lang='lat' dir='ltr'><strong>pugna</strong></span> <span class='ocrx_word' id='word_1_412' title='bbox 1315 2783 1485 2824; x_wconf 77' lang='lat' dir='ltr'><strong>ceciderint]</strong></span> <span class='ocrx_word' id='word_1_413' title='bbox 1504 2784 1556 2814; x_wconf 83' lang='lat' dir='ltr'><strong>Sic</strong></span> <span class='ocrx_word' id='word_1_414' title='bbox 1571 2785 1652 2815; x_wconf 85' lang='lat' dir='ltr'><strong>edidi</strong></span> 
     </span>
     <span class='ocr_line' id='line_1_48' title="bbox 222 2823 1653 2868; baseline 0.003 -15"><span class='ocrx_word' id='word_1_415' title='bbox 222 2823 351 2863; x_wconf 84' lang='lat' dir='ltr'><strong>vulgato</strong></span> <span class='ocrx_word' id='word_1_416' title='bbox 376 2831 428 2853; x_wconf 83' lang='lat' dir='ltr'><strong>au!</strong></span> <span class='ocrx_word' id='word_1_417' title='bbox 453 2825 534 2858; x_wconf 88' lang='lat' dir='ltr'><strong>bene</strong></span> <span class='ocrx_word' id='word_1_418' title='bbox 561 2827 693 2859; x_wconf 85' lang='lat' dir='ltr'><strong>restituit</strong></span> <span class='ocrx_word' id='word_1_419' title='bbox 722 2827 868 2858; x_wconf 87' lang='lat' dir='ltr'><strong>Davisius</strong></span> <span class='ocrx_word' id='word_1_420' title='bbox 899 2837 916 2858; x_wconf 85' lang='lat' dir='ltr'><strong>e</strong></span> <span class='ocrx_word' id='word_1_421' title='bbox 957 2837 998 2857; x_wconf 88' lang='lat' dir='ltr'><strong>ex</strong></span> <span class='ocrx_word' id='word_1_422' title='bbox 1021 2828 1069 2858; x_wconf 94' lang='lat' dir='ltr'><strong>ed.</strong></span> <span class='ocrx_word' id='word_1_423' title='bbox 1093 2828 1171 2857; x_wconf 89' lang='lat' dir='ltr'><strong>Ven.</strong></span> <span class='ocrx_word' id='word_1_424' title='bbox 1200 2834 1291 2860; x_wconf 83' lang='lat'>1494.</span> <span class='ocrx_word' id='word_1_425' title='bbox 1314 2837 1370 2867; x_wconf 87' lang='lat' dir='ltr'><strong>pro</strong></span> <span class='ocrx_word' id='word_1_426' title='bbox 1395 2827 1524 2868; x_wconf 81' lang='lat' dir='ltr'><strong>vulgato</strong></span> <span class='ocrx_word' id='word_1_427' title='bbox 1547 2827 1653 2858; x_wconf 74' lang='lat' dir='ltr'><strong>cecide.</strong></span> 
     </span>
     <span class='ocr_line' id='line_1_49' title="bbox 224 2866 1416 2913; baseline 0.003 -16"><span class='ocrx_word' id='word_1_428' title='bbox 224 2866 301 2898; x_wconf 85' lang='lat' dir='ltr'><strong>Mss.</strong></span> <span class='ocrx_word' id='word_1_429' title='bbox 318 2873 349 2898; x_wconf 87' lang='lat' dir='ltr'><strong>et</strong></span> <span class='ocrx_word' id='word_1_430' title='bbox 363 2868 413 2900; x_wconf 82' lang='lat' dir='ltr'><strong>ed.</strong></span> <span class='ocrx_word' id='word_1_431' title='bbox 428 2867 510 2901; x_wconf 88' lang='lat' dir='ltr'><strong>Vict.</strong></span> <span class='ocrx_word' id='word_1_432' title='bbox 959 2876 1036 2902; x_wconf 81' lang='lat' dir='ltr'><strong>runt.</strong></span> <span class='ocrx_word' id='word_1_433' title='bbox 1060 2871 1102 2902; x_wconf 81' lang='lat' dir='ltr'><strong>ita</strong></span> <span class='ocrx_word' id='word_1_434' title='bbox 1117 2870 1253 2902; x_wconf 84' lang='lat' dir='ltr'><strong>latinitas</strong></span> <span class='ocrx_word' id='word_1_435' title='bbox 1268 2870 1416 2913; x_wconf 85' lang='lat' dir='ltr'><strong>postulat.</strong></span> 
     </span>
    </p>
   </div>
  </div>
 </body>
</html>
