1778 3095
578 139 760 178 LIBER
792 134 1039 176 PRIMUS.
1447 139 1524 176 401

97 255 138 284 ³2
153 257 202 290 ut
220 261 315 291 eam
334 250 457 292 unius
473 247 663 298 consilio,
685 255 813 303 atque
832 260 933 287 cura
951 244 1177 300 gubernari
1199 258 1365 285 necesse
1388 255 1498 287 esset
1516 264 1526 288 ε

95 306 281 362 primum
302 307 431 363 ipsius
451 303 692 360 reipublicae
714 317 840 344 causa
863 301 1177 358 philosophiam
1208 301 1360 342 nostris
1388 302 1527 343 homi-

94 362 218 404 nibus
239 362 528 418 explicandam
548 361 704 416 putavi,
724 359 869 415 magni
888 358 1128 399 existimans
1159 358 1359 398 interesse
1379 358 1431 398 ad
1452 360 1525 399 de-

94 433 170 460 cus
190 429 233 461 et
252 420 306 461 ad
323 419 492 461 laudem
522 417 714 466 civitatis,
735 430 798 457 res
819 425 907 456 tam
927 429 1088 470 graves,
1108 424 1280 470 tamque
1304 414 1525 469 praeclaras

92 475 257 517 Latinis
287 475 413 517 etiam
446 474 595 515 litteris
624 473 844 515 contineri.
901 473 1050 527 quue
1081 485 1150 512 me
1177 471 1315 511 minus
1346 471 1562 512 instituti8

91 532 179 573 mei
196 532 388 588 poenitet,
410 531 526 587 quod
547 530 670 571 facile
690 529 838 579 sentio,
860 543 985 583 quam
1016 527 1250 569 multorum
1280 542 1362 568 non
1395 527 1525 568 modo

90 587 294 640 discendi,
315 588 388 629 sed
408 587 535 628 etiarn
557 585 764 628 scribendi
784 585 921 627 studia
940 584 1255 626 commoverim.
1287 584 1527 639 complures

90 645 203 686 enim
227 645 386 686 Graecis
405 644 739 685 institutionibus
769 641 936 692 eruditi,
957 656 1019 692 ea,
1041 657 1134 697 quae
1157 641 1401 691 didicerant,
1422 655 1523 683 cum

88 701 250 742 civibus
281 701 366 742 suis
398 701 714 742 communicare
746 714 831 740 non
863 707 1071 754 poterant,
1108 697 1223 753 quod
1257 697 1342 748 illa,
1374 713 1469 753 quae
1499 714 1525 739 a

88 757 249 798 Graecis
279 758 552 814 accepissent,
576 758 726 798 Latine
747 756 829 797 dici
849 770 974 811 posse
993 754 1242 796 diffiderent.
1273 769 1359 811 quo
1381 755 1423 795 in
1443 769 1522 810 ge-

87 827 186 854 nere
214 822 382 855 tantum
412 814 640 871 profecisse
670 812 872 863 videmur,
894 822 942 853 ut
971 827 995 852 a
1021 811 1181 853 Graecis
1214 826 1265 852 ne
1298 811 1520 852 verborum

85 869 258 925 quidem
290 871 414 927 copia
448 871 721 912 vinceremur.
780 870 966 910 Hortata
1004 869 1130 909 etiam
1166 876 1243 919 est,
1281 877 1330 909 ut
1364 882 1432 908 me
1466 868 1558 909 ads

83 925 178 967 haec
211 928 462 978 conferrem,
497 927 628 969 animi
658 925 883 981 aegritudo,
917 926 1098 966 fortunae
1132 940 1302 980 magna,
1333 932 1375 965 et
1403 926 1521 980 gravi

83 994 303 1024 commota
323 984 488 1040 injuria.
519 983 640 1039 cujus
672 983 707 1024 si
738 982 942 1038 majorem
974 982 1156 1037 aliquam
1184 981 1431 1023 levationem
1452 996 1520 1023 re-

81 1040 219 1094 perire
236 1041 486 1095 potuissem,
506 1055 592 1081 non
615 1039 668 1081 ad
689 1039 797 1080 hanc
818 1039 1087 1094 potissimum
1108 1038 1407 1093 confugissem.
1458 1040 1523 1080 Ea

82 1110 180 1136 vero
212 1097 302 1152 ipsa
331 1097 447 1138 nulla
477 1097 637 1138 ratione
670 1096 820 1137 melius
854 1096 935 1136 frui
961 1095 1097 1150 potui,
1119 1110 1247 1151 quam
1277 1095 1311 1136 si
1340 1109 1408 1135 me
1436 1109 1519 1136 non

79 1153 212 1193 modo
233 1153 286 1194 ad
308 1154 512 1210 legendos
540 1154 687 1204 libros,
709 1153 782 1194 sed
801 1152 928 1193 etiam
958 1152 1012 1193 ad
1041 1161 1177 1194 totam
1205 1151 1519 1207 philosophiam

77 1210 418 1263 pertractandam
449 1210 673 1252 dedissem.
734 1210 892 1251 Omnes
923 1218 1066 1250 autem
1099 1209 1190 1265 ejus
1217 1217 1370 1264 partes,
1390 1217 1602 1263 atquep-42

78 1267 223 1307 omnia
242 1268 433 1308 membra
453 1277 544 1308 tum
566 1266 764 1308 facillime
786 1275 1032 1317 noscuntur,
1054 1281 1153 1307 cum
1184 1275 1286 1306 totae
1317 1266 1516 1321 quaestio-
1528 1266 1556 1285 ²²·

79 1335 153 1362 nes
193 1323 414 1364 scribendo
452 1323 727 1378 explicantur.
770 1334 834 1363 est
872 1322 984 1364 enim
1024 1322 1282 1363 admirabilis
1320 1322 1516 1377 quaedam

79 1379 357 1431 continuatio,
379 1380 590 1437 seriesque
610 1395 765 1430 rerum,
786 1389 835 1421 ut
858 1387 893 1411 13
911 1379 993 1420 alia
1022 1394 1073 1420 ex
1103 1379 1184 1420 alia
1213 1393 1333 1428 nexa,
1355 1388 1398 1419 et
1420 1393 1513 1420 om-

76 1448 152 1475 nes
184 1436 293 1478 inter
324 1452 368 1477 se
400 1446 524 1492 aptae,
546 1437 844 1492 colligataeque
874 1436 1106 1477 videantur.
1164 1436 1250 1493 Qui
1281 1445 1422 1476 autem
1452 1431 1561 1481 νεὶ-5

75 1491 262 1546 quirunt,
285 1493 387 1548 quid
418 1508 584 1548 quaque
615 1494 668 1534 de
699 1507 743 1533 re
773 1493 852 1548 ipsi
881 1493 1127 1543 sentiamus,
1147 1493 1351 1533 curiosius
1378 1492 1419 1532 id
1450 1492 1512 1532 fa-
1529 1513 1580 1544 lo

73 1548 206 1599 ciunt,
225 1600 227 1602 q
255 1564 354 1590 uam
376 1563 544 1590 necesse
564 1558 643 1591 est.
678 1558 716 1581 14
732 1564 817 1590 non
839 1550 951 1591 enim
974 1559 1062 1590 tam
1082 1548 1343 1590 auctoritatis
1365 1548 1406 1589 in
1427 1548 1513 1589 dis-

73 1608 205 1659 putan
238 1620 278 1656 ο,
300 1621 426 1661 quam
447 1606 621 1647 rationis
641 1613 861 1647 momenta
882 1605 1108 1662 quaerenda
1129 1614 1239 1646 sunt.
1262 1605 1363 1660 quin
1384 1604 1513 1646 etiam

71 1660 196 1702 obest
225 1662 475 1718 plerumque
507 1662 572 1712 iis,
603 1662 676 1718 qui
709 1663 868 1704 discere
898 1662 1058 1712 volunt,
1091 1661 1319 1703 auctoritas
1349 1676 1513 1713 eorum,

71 1716 146 1772 qui
168 1732 212 1758 se
233 1718 385 1760 docere
405 1718 670 1774 profitentur.
702 1719 900 1760 desinunt
919 1719 1030 1760 enim
1053 1733 1176 1759 suurn
1201 1717 1415 1774 judicium
1436 1718 1513 1759 ad-

68 1772 215 1815 hibere
233 1792 242 1815 :
274 1775 318 1816 id
340 1775 496 1816 habent
515 1783 670 1827 ratum,
689 1776 803 1832 quod
824 1777 876 1817 ab
896 1790 963 1826 eo,
985 1790 1112 1831 quem
1133 1775 1329 1830 probant,
1343 1774 1512 1830 judica-

69 1837 164 1870 tum
183 1831 338 1873 vident.
396 1833 492 1873 Nec
520 1846 618 1873 vero
647 1833 827 1888 probare
861 1831 977 1874 soleo
1007 1831 1066 1883 id,
1086 1831 1201 1887 quod
1222 1831 1274 1872 de
1296 1831 1513 1887 Pythago-

68 1886 150 1927 reis
173 1888 411 1943 accepimus
430 1905 440 1927 z
472 1903 578 1944 quos
599 1889 752 1939 ferunt,
774 1889 809 1929 si
830 1889 931 1944 quid
950 1888 1206 1929 affirmarent
1226 1887 1268 1928 in
1288 1887 1509 1942 disputan-

69 1941 141 1993 do,
162 1957 261 1984 cum
292 1959 343 1985 ex
373 1945 422 1984 iis
453 1952 723 2000 quaereretur,
745 1960 873 2000 quare
902 1946 961 1986 ita
990 1954 1114 1995 esset,
1134 1942 1387 2000 respondere
1408 1944 1509 1985 soli-

68 2007 150 2050 tos„
175 2008 211 2031 1⁵
227 2000 310 2054 ipse
329 2000 452 2041 dixit.
482 2001 571 2056 ipse
589 2010 746 2053 autem,
769 2010 858 2042 erat
875 2001 1155 2058 Pythagoras.
1175 2009 1341 2042 tantum
1362 2001 1507 2056 opinio

65 2055 343 2112 praejudicata
364 2065 543 2112 poterat,
566 2066 615 2098 ut
633 2058 761 2098 etiam
784 2058 871 2099 sine
891 2058 1055 2099 ratione
1075 2058 1231 2099 valeret
1261 2057 1503 2099 auctoritas.

65 2112 155 2167 Qui
173 2122 317 2154 autem
337 2114 555 2164 mirantur,
576 2128 652 2154 nos
673 2114 781 2155 hanc
802 2115 1071 2169 potissimum
1094 2114 1359 2170 disciplinam
1380 2129 1502 2156 secu-
1518 2121 1562 2158 11

64 2177 147 2218 tos,
170 2168 234 2210 his
257 2177 458 2225 quattuor
476 2170 747 2212 Academicis
776 2170 893 2212 libris
924 2172 1023 2213 satis
1053 2186 1303 2226 responsum
1324 2171 1501 2213 videtur.

63 2223 160 2270 Nec
179 2239 276 2267 vero
295 2225 573 2277 desertarum,
591 2227 916 2283 relictarumque
935 2242 1076 2269 rerum
1105 2227 1387 2284 patrocinium
1409 2243 1501 2270 sus-

107 2363 145 2387 12
162 2364 195 2387 ut
210 2370 234 2388 e.
250 2357 334 2388 unius
356 2358 542 2399 consilio—g.
557 2370 586 2388 n.
604 2356 645 2398 e.]
662 2358 761 2390 Intel-
803 2359 865 2389 hoc
881 2358 1014 2398 intelligi
1030 2365 1131 2399 potest
1145 2358 1294 2400 quaerende'
1314 2365 1400 2390 sunt:
1416 2360 1501 2398 ejus-

60 2399 130 2439 ligit
154 2401 279 2432 Julium
306 2402 475 2433 Caesarem.
500 2404 668 2432 necessitas
694 2409 760 2432 erat
802 2411 866 2441 que
903 2403 1026 2442 generis
1062 2401 1210 2441 exempla
1248 2402 1352 2433 multa
1388 2412 1500 2434 occur-v

61 2452 102 2472 ex
128 2444 386 2482 dissensionibus,
413 2455 487 2484 quae
513 2446 663 2484 componi
691 2455 758 2475 non

59 2493 201 2525 possent,
216 2488 275 2518 nisi
291 2498 377 2518 unus
392 2498 558 2519 summam
570 2495 757 2528 potestatem

59 2528 200 2560 haberet.

106 2578 142 2602 13
170 2571 232 2601 alia
255 2583 290 2602 ex
313 2572 375 2603 alia
397 2573 485 2612 nexa]
516 2574 598 2604 Libri
624 2574 756 2614 quidam

59 2613 130 2643 aliae
154 2626 189 2644 ex
213 2614 282 2644 aliis
304 2626 398 2652 nexae,
421 2618 517 2647 etiam
539 2617 646 2648 Guelf.
662 2618 755 2656 idque

59 2658 175 2697 recepit
203 2658 361 2688 Davisius,
387 2661 441 2689 sed
467 2661 507 2698 τῷ
533 2672 624 2690 omnes
650 2661 682 2690 in
708 2670 756 2690 se-

58 2707 177 2739 quente
190 2701 305 2731 melius
321 2702 470 2731 convenit
483 2703 661 2742 singularis.

104 2750 142 2773 14
158 2754 211 2773 non
233 2744 307 2772 enim
331 2750 391 2772 tam
412 2744 608 2786 auctoritatis]
635 2746 750 2785 Recepi

56 2792 88 2815 et
104 2786 169 2824 ipse
183 2786 377 2824 auctoritatis,
392 2796 448 2826 pro
462 2794 601 2825 auctores,
616 2790 692 2828 quia
707 2795 755 2819 est

57 2828 246 2866 elegantius,
271 2839 335 2859 non
361 2830 437 2868 quia
459 2830 490 2859 id
513 2832 666 2871 quaerenda
686 2838 753 2861 sunt

58 2872 199 2911 requirit,
230 2877 266 2902 ut
294 2879 384 2911 putat
411 2873 572 2906 Davisius.
603 2883 681 2907 nam
710 2884 751 2905 ex

116 2926 233 2955 VOL.
257 2927 326 2956 IV.
350 2927 389 2955 P.
412 2927 445 2955 1.

801 2451 886 2476 runt.

846 2495 883 2519 15
909 2488 968 2527 ipse
991 2486 1086 2528 dixit]
1103 2487 1209 2527 Vulgo
1232 2486 1265 2516 τδ
1286 2487 1345 2528 ipse
1366 2489 1501 2524 trahunt

797 2532 837 2561 ad
852 2531 1044 2562 auctoritatis
1059 2538 1090 2561 et
1104 2531 1296 2567 reverentiae,
1320 2539 1357 2562 ut
1378 2539 1409 2562 et
1430 2533 1496 2563 Da-

797 2574 875 2604 visio
901 2575 1036 2609 videtur,
1059 2574 1336 2613 significationem.
1359 2585 1425 2605 non
1449 2586 1497 2605 re-

797 2625 856 2647 cte.
879 2615 940 2656 ipse
962 2623 1009 2647 est
1030 2627 1085 2656 pro
1106 2617 1264 2656 magister,
1281 2627 1298 2647 e
1314 2627 1401 2647 more
1417 2628 1496 2658 grae-

797 2669 847 2690 co.
869 2662 914 2690 sic
929 2670 1006 2690 cum
1022 2666 1119 2699 corpus
1139 2661 1344 2690 nominatum
1360 2667 1417 2697 est,
1435 2662 1495 2700 ipse

793 2703 952 2742 significat
968 2704 1116 2733 animum
1131 2715 1138 2733 :
1163 2713 1240 2734 cum
1258 2704 1387 2740 milites,
1403 2704 1495 2743 impee-

795 2752 938 2776 ratorern:
962 2756 1038 2777 cum
1055 2753 1174 2782 nautae,
1191 2746 1253 2785 ipsa
1267 2753 1312 2776 est
1328 2747 1415 2776 navis
1431 2750 1491 2777 ὄις.

796 2789 877 2827 Ergo
899 2799 978 2820 cum
999 2789 1173 2828 discipulus
1194 2789 1348 2829 loquitur,
1364 2789 1424 2830 ipse
1445 2795 1492 2819 est

795 2833 944 2871 magister
957 2833 1026 2864 sine
1041 2832 1198 2872 emphasi.

788 2914 871 2956 nd
