1768 3095
253 87 327 126 162
554 87 627 126 DE
655 88 813 127 FINIB.
843 87 1044 128 BONOR.
1074 89 1142 127 ET
1169 88 1374 128 MALOR.

251 198 449 242 cothurni
480 198 572 240 laus
612 199 683 240 illa
718 206 844 249 esset,
876 199 929 240 ad
962 198 1115 255 pedem
1148 208 1245 254 apte
1278 197 1515 249 convenire,
1549 211 1686 255 neque

252 256 376 298 multi
399 255 594 297 cothurni
625 256 768 312 paucis
799 264 1168 311 anteponerentur,
1199 270 1274 296 nec
1305 253 1486 311 majores
1515 254 1689 296 minori-

252 314 358 356 bus:
407 313 465 354 sic
508 327 689 368 quorum
729 327 856 353 omne
893 313 1053 354 bonum
1094 312 1398 362 convenientia,
1446 319 1574 367 atque
1613 324 1690 367 op·

254 370 513 426 portunitate
536 370 690 420 finitur,
713 384 788 410 ncc
818 369 940 424 plura
968 369 1252 424 paucioribus,
1284 383 1361 409 nec
1390 366 1691 423 longinquiora

192 439 242 480 47
255 427 515 469 brevioribus
537 434 859 481 anteponentur.
919 427 1014 467 Nec
1042 441 1139 467 vero
1166 426 1264 467 satis
1292 434 1414 466 acute
1444 424 1617 465 dicunt:
1646 422 1692 465 Si

256 485 370 526 bona
387 483 574 524 valitudo
601 483 731 539 pluris
762 482 1008 523 aestimanda
1038 483 1091 523 sit
1118 482 1262 538 longa,
1294 496 1420 538 quam
1452 480 1602 532 brevis,
1623 494 1691 521 sa-

255 540 426 596 pientiae
457 555 629 596 quoque
658 554 758 580 usus
789 538 1063 593 longissimus
1094 539 1273 595 quisque
1305 539 1359 579 sit
1388 536 1573 593 plurimi.
1607 550 1693 578 non

256 597 514 652 intelligunt,
546 595 786 637 valitudinis
819 594 1140 636 aestimationem
1168 595 1304 651 spatio
1327 594 1535 651 judicari:
1565 594 1697 635 virtu—

256 655 325 706 tis,
346 653 686 710 opportunitate:
718 661 767 693 ut
793 651 1009 692 videantur
1041 651 1114 707 qui
1140 651 1246 693 illud
1271 651 1427 703 dicant,
1458 650 1586 692 iidem
1611 650 1696 691 hoc

259 725 349 752 esse
378 710 545 760 dicturi,
572 710 728 750 bonam
762 717 960 759 mortem,
995 716 1038 749 et
1071 709 1232 749 bonum
1262 717 1446 762 partum,
1475 706 1696 748 meliorem

259 767 438 823 longum
462 781 566 815 esse,
586 780 712 822 quam
735 764 918 806 brevem.
940 780 1024 806 non
1053 764 1207 815 vident,
1235 764 1317 806 alia
1341 763 1546 805 brevitate
1565 762 1698 819 pluris

198 833 248 865 48
261 822 484 873 aestimari3
517 822 612 873 alia,
640 822 931 863 diuturnitate.
990 823 1139 879 Itaque
1169 830 1497 863 consentaneum
1533 829 1599 861 est
1618 818 1700 870 his,

261 896 356 937 quae
379 880 492 920 dicta
510 887 622 930 sunt,
654 879 817 920 ratione
845 879 1030 930 illorum,
1065 879 1137 935 qui
1166 879 1287 920 illurn
1317 878 1528 919 bonorum
1558 876 1701 927 finem,

262 936 378 994 quod
399 936 660 993 appellamus
682 943 933 986 extremum,
955 936 1072 992 quod
1099 935 1313 986 ultimum,
1341 948 1530 976 crescere
1550 941 1702 990 putent

261 1008 402 1050 posse,
432 993 583 1034 iisdem
610 993 790 1049 placere,
825 1008 917 1034 esse
948 993 1077 1035 alium
1111 993 1194 1034 alio
1230 993 1358 1033 etiam
1386 990 1701 1047 sapientiorem,

262 1052 452 1107 itemque
473 1050 603 1092 alium
624 1049 762 1104 magis
782 1050 866 1091 alio
886 1049 949 1091 vel
979 1064 1170 1105 peccare,
1190 1049 1256 1091 vel
1275 1058 1390 1090 recte
1410 1049 1562 1089 facere.
1584 1045 1703 1103 quod

263 1107 386 1149 nobis
419 1121 504 1148 non
536 1107 637 1149 licet
670 1106 838 1148 dicere:
880 1107 954 1163 qui
989 1120 1175 1148 crescere
1209 1106 1420 1148 bonorum
1458 1104 1584 1146 finem
1617 1117 1703 1145 non

263 1172 476 1221 putamus.
507 1173 557 1205 ut
588 1163 701 1204 enim
734 1164 804 1218 qui
840 1163 1021 1204 demersi
1043 1173 1141 1206 sunt
1170 1163 1212 1204 in
1242 1177 1367 1220 aqua,
1402 1160 1535 1203 nihilo
1565 1160 1703 1216 magis

263 1221 466 1277 respirare
497 1229 688 1277 possunt,
724 1221 760 1260 si
794 1234 879 1261 non
914 1220 1043 1276 longe
1076 1220 1231 1261 absunt
1262 1234 1288 1260 a
1319 1232 1503 1269 summo,
1537 1225 1586 1258 ut
1611 1217 1704 1273 jam

257 1278 436 1335 jamque
456 1277 619 1333 possint
639 1290 873 1332 emergere,
894 1292 1022 1333 quam
1050 1277 1085 1318 si
1113 1276 1242 1317 etiam
1268 1285 1361 1318 tum
1390 1283 1529 1316 essent
1548 1274 1590 1315 in
1608 1288 1706 1330 pro-

264 1334 428 1376 fundo:
469 1348 551 1374 nec
580 1333 746 1374 catulus
778 1333 865 1385 ille,
897 1333 970 1389 qui
997 1333 1089 1390 jam
1118 1333 1445 1389 appropinquat,
1477 1340 1526 1374 ut
1553 1331 1706 1382 videat,

263 1391 360 1447 plus
382 1390 530 1442 cernit,
551 1405 678 1446 quam
706 1389 741 1431 is
771 1391 843 1446 qui
876 1390 1008 1432 modo
1037 1400 1102 1432 est
1131 1398 1281 1431 natus:
1309 1389 1370 1431 ita
1399 1388 1472 1446 qui
1501 1386 1707 1444 processit

268 1448 532 1504 aliquantum
563 1447 615 1488 ad
646 1447 808 1488 virtutis
841 1447 1020 1498 aditum,
1058 1447 1330 1489 nihilominus
1360 1446 1403 1487 in
1433 1445 1602 1486 miseria
1628 1453 1708 1495 est,

193 1505 397 1561 15quam
434 1503 519 1555 ille,
557 1504 628 1560 qui
669 1503 774 1544 nihil
812 1505 1030 1560 processit.
1091 1505 1200 1545 Haec
1232 1502 1441 1544 mirabilia
1475 1501 1604 1543 videri
1642 1501 1706 1541 in-

270 1560 435 1617 telligo.
457 1561 531 1602 sed
550 1575 648 1602 cum
670 1569 783 1602 certe
804 1561 1019 1616 superiora
1041 1561 1159 1602 firma
1178 1575 1226 1601 ac
1247 1574 1343 1601 vera
1363 1559 1461 1609 sint,
1480 1558 1546 1600 his
1565 1566 1709 1599 autern

225 1629 319 1659 nea
339 1626 622 1659 consentanea
640 1625 682 1658 et
702 1618 1030 1674 consequentia3
1061 1631 1113 1658 ne
1128 1617 1181 1659 de
1196 1632 1344 1659 eorum
1365 1615 1537 1672 quidem
1559 1614 1710 1656 verita-

269 1684 313 1716 te
330 1683 394 1717 est
413 1674 709 1716 dubitandum.
741 1674 815 1716 sed
840 1689 1097 1730 quamquam
1126 1682 1296 1730 negent,
1324 1688 1401 1714 nec
1422 1673 1610 1723 virtutes,
1633 1685 1711 1713 nec

270 1732 370 1773 vitia
409 1745 623 1773 crescere:
673 1738 859 1772 attamen
899 1740 1129 1788 utrumque
1173 1745 1321 1772 eorum
1362 1729 1482 1772 fundi
1523 1728 1712 1785 quodam

209 1793 261 1836 49
273 1788 420 1841 modo,
450 1798 493 1830 et
530 1788 650 1845 quasi
685 1787 851 1829 dilatari
884 1797 1048 1843 putant.
1108 1787 1286 1830 Divitias
1319 1796 1463 1828 autem
1492 1786 1713 1842 Diogenes

273 1855 418 1887 censet
438 1860 523 1887 non
541 1859 634 1886 eam
665 1844 796 1886 modo
833 1845 915 1887 vim
951 1845 1120 1896 habere,
1156 1854 1205 1887 ut
1237 1844 1356 1901 quasi
1387 1843 1517 1885 duces
1547 1843 1630 1884 sint
1658 1841 1714 1883 ad

268 1903 551 1958 voluptatem,
572 1910 613 1943 et
632 1901 686 1943 acl
715 1901 987 1944 valitudinem
1016 1903 1188 1952 bonam,
1220 1901 1293 1942 sed
1323 1901 1451 1942 etiam
1472 1907 1521 1941 ut
1540 1913 1590 1941 ea
1609 1913 1714 1941 con-

273 1959 461 2001 tineant:
493 1974 578 2000 non
600 1959 713 2000 idern
728 1959 865 2000 facere
887 1973 956 2000 eas
977 1959 1020 2001 in
1042 1959 1207 2010 virtute,
1225 1972 1361 2014 neque
1379 1958 1421 1998 in
1442 1957 1591 1998 ceteris
1612 1955 1714 1997 arti·

273 2016 369 2067 bus,
393 2015 445 2057 ad
467 2031 569 2072 quas
590 2030 681 2056 esse
711 2016 796 2057 dux
825 2017 1004 2071 pecunia
1033 2024 1187 2072 potest,
1217 2014 1434 2056 continere
1463 2022 1606 2055 autem
1629 2025 1715 2054 non

274 2082 431 2129 potest.
452 2072 595 2129 itaque
617 2073 650 2113 si
671 2072 879 2128 voluptas,
899 2083 974 2115 aut
1001 2073 1035 2114 si
1065 2073 1177 2114 bona
1206 2071 1390 2112 valitudo
1421 2070 1475 2111 sit
1503 2070 1547 2110 in
1575 2069 1716 2120 bonis,

275 2130 439 2171 divitias
480 2144 653 2186 quoque
693 2130 734 2170 in
768 2130 891 2170 bonis
927 2144 1019 2171 esse
1050 2128 1291 2186 ponendas:
1343 2136 1399 2178 at,
1439 2126 1473 2168 si
1513 2125 1718 2182 sapientia

275 2186 438 2228 bonurn
459 2187 528 2237 sit,
551 2201 636 2227 non
657 2187 788 2242 sequi,
806 2197 855 2228 ut
875 2187 1003 2228 etiarn
1020 2186 1182 2227 divitias
1204 2185 1364 2225 bonum
1385 2198 1476 2225 esse
1497 2182 1688 2225 dicamus
1705 2199 1715 2224 t

278 2257 356 2285 nec
377 2244 431 2284 ab
452 2243 537 2284 ulla
554 2258 612 2293 re,
635 2259 729 2299 quae
753 2258 838 2284 non
868 2244 919 2284 sit
950 2244 991 2284 in
1021 2242 1158 2293 bonis,
1189 2241 1246 2293 id,
1279 2240 1395 2297 quod
1424 2240 1479 2282 sit
1507 2240 1550 2280 in
1579 2239 1717 2291 bonis,

277 2299 483 2341 contineri
504 2308 660 2355 potest,
682 2300 738 2341 ob
769 2314 947 2356 eamque
975 2313 1159 2348 causam,
1186 2299 1285 2354 quia
1311 2297 1578 2354 cognitiones
1598 2310 1718 2339 com-

279 2356 666 2412 prehensionesque
695 2372 851 2406 rerum,
867 2371 890 2398 e
910 2357 1064 2412 quibus
1092 2355 1329 2397 efficiuntur
1358 2363 1484 2404 artes,
1505 2359 1544 2387 9⁶
1554 2353 1717 2409 appeti-

279 2413 418 2454 tiones
451 2423 650 2464 movent3
682 2428 780 2455 cum
813 2413 967 2454 divitiae
1001 2428 1085 2454 non
1121 2412 1205 2454 sint
1236 2411 1279 2452 in
1319 2410 1457 2461 bonis,
1498 2409 1615 2451 nulla
1653 2423 1720 2451 ars

220 2469 435 2510 50divitiis
464 2470 670 2510 contineri
708 2480 862 2525 potest.
922 2469 1055 2513 Quod
1085 2469 1118 2510 si
1148 2468 1200 2509 de
1230 2467 1389 2508 artibus
1418 2466 1721 2518 concedamus,
1763 2480 1765 2483 ·

284 2525 446 2566 virtutis
483 2536 624 2566 tamen
660 2541 745 2567 non
780 2527 833 2567 sit
865 2527 1014 2568 eadem
1054 2526 1175 2575 ratio,
1212 2533 1434 2581 propterea
1470 2522 1588 2580 quod
1626 2522 1720 2564 haec

282 2582 476 2646 plurimae
515 2583 888 2624 commentationis
926 2592 968 2624 et
1007 2581 1317 2624 exercitationis
1355 2580 1546 2636 indigeat
1558 2596 1570 2631 3
1602 2577 1721 2635 quod

282 2638 395 2680 idern
416 2639 458 2679 in
478 2639 639 2680 artibus
670 2654 756 2680 non
787 2639 866 2680 sit:
899 2648 941 2681 et
971 2639 1086 2695 quod
1117 2638 1246 2680 virtus
1276 2637 1568 2689 stabilitatem,
1588 2634 1721 2678 firmi-

328 2792 368 2820 96
391 2786 578 2826 appetitiones
602 2784 731 2824 movent]
757 2786 809 2817 Sic
834 2785 930 2815 edidit
955 2784 1117 2817 Davisius,
1146 2784 1239 2821 bene,
1265 2793 1281 2814 e
1300 2783 1380 2815 Mss.
1404 2791 1435 2814 et
1456 2784 1526 2815 edd.
1550 2784 1584 2815 in
1606 2783 1723 2824 quibus

285 2838 330 2859 eft
348 2830 386 2858 ad
400 2830 586 2869 appetitione
603 2836 727 2858 ‘’flavent-
