1778 3095
588 101 772 139 LIBER
807 100 1113 138 QUARTUS.
1491 107 1566 147 199

141 214 216 266 hil,
237 215 279 256 in
300 213 436 256 officio
456 210 687 267 plurimum
719 208 904 258 interest,
923 221 1008 263 quo
1038 207 1081 247 in
1104 220 1260 262 genere
1282 215 1492 262 peccetur.
1523 216 1567 249 et

141 273 175 313 si
196 272 236 312 in
258 273 347 327 ipsa
365 266 668 326 gubernatione
686 265 945 320 negligentia
963 272 1027 304 est
1045 264 1158 304 navis
1177 277 1331 319 eversa,
1349 264 1483 318 majus
1504 274 1568 305 est

139 337 361 384 peccatum
393 327 432 366 in
463 338 578 371 auro,
607 336 733 377 quam
763 322 804 361 in
838 320 971 375 palea.
1032 320 1241 361 Omnibus
1266 320 1376 360 enim
1408 321 1566 361 artibus

140 386 331 426 volumus
369 381 611 422 attributam
649 392 740 418 esse
780 392 888 426 eam,
925 392 1019 431 quae
1057 376 1294 417 communis
1333 375 1569 430 appellatur

140 440 384 496 prudentia:
417 451 541 493 quam
577 449 739 485 omnes,
775 434 846 490 qui
878 434 1029 488 cuique
1059 433 1233 474 artificio
1266 441 1466 487 praesunt,
1495 432 1567 472 de-

138 497 239 537 bent
259 495 423 536 habere.
486 494 550 533 Ita
569 507 619 532 ne
641 492 723 531 1100
752 490 882 531 modo
914 490 1029 545 paria
1059 490 1227 545 quidem
1258 499 1432 544 peccata
1457 490 1649 536 sunt.s28

142 554 307 607 Urgent
344 559 499 599 tamen,
549 558 591 589 et
640 548 744 588 1111111
792 548 1025 588 remittunt.
1085 546 1315 602 Quoniam,
1359 546 1569 601 inquiunt,
1582 562 1628 602 77

139 621 261 649 omne
283 615 519 662 peceatum,
541 604 854 655 imbecillitatis,
876 613 919 644 et
939 603 1227 644 inconstantiae
1254 611 1316 642 est
1335 618 1343 642 :
1373 602 1464 642 hcec
1496 616 1571 641 au—

137 673 223 705 tem
246 664 356 713 vitia,
377 664 419 704 in
440 662 635 704 omnibus
656 661 796 702 stultis
828 675 948 716 aeque
981 674 1137 714 magna
1157 667 1254 700 sunt
1277 676 1286 700 :
1318 672 1487 700 necesse
1508 667 1572 698 est

137 720 251 775 paria
270 735 360 760 esse
380 729 566 775 peccata.
627 718 758 760 Quasi
790 732 886 757 vero
916 725 988 757 aut
1018 716 1286 766 concedatur,
1307 716 1348 755 in
1375 715 1572 756 omnibus

137 776 274 818 stultis
305 792 424 832 aeque
456 789 610 829 magna
640 789 729 816 esse
761 774 871 824 vitia,
893 782 935 813 et
956 773 1102 814 eadem
1124 772 1427 822 imbecillitate,
1447 781 1488 812 et
1509 771 1571 812 in-

137 834 372 874 constantia
401 834 451 874 L.
472 832 687 873 Tubulum
720 831 863 881 fuisse,
884 844 968 885 qua
997 830 1132 881 illum,
1154 831 1274 885 cujus
1305 829 1338 869 is
1369 828 1572 869 condem-

138 898 260 930 natus
291 898 356 930 est
388 889 624 945 rogatione,
655 889 698 928 P.
732 886 989 928 Scaevolam:
1020 896 1063 926 et
1093 887 1212 942 quasi
1244 885 1346 926 1111111
1377 885 1483 926 inter
1508 899 1572 925 res

138 960 307 1002 quoque
328 947 453 1001 ipsas,
474 946 517 986 in
550 944 703 1000 quibus
732 952 946 999 peccatur,
970 943 1134 984 intersit
1144 959 1155 993 3
1187 952 1250 992 ut,
1269 957 1354 997 quo
1385 942 1451 982 hae
1482 956 1572 982 ma-

131 1003 262 1059 jores,
296 1004 527 1043 minoresve
557 1001 654 1051 sint,
683 1015 749 1052 eo,
781 1016 875 1056 quae
906 1008 1135 1054 peccentur
1166 999 1206 1039 in
1237 998 1301 1040 his
1331 999 1469 1048 rebus,
1500 1006 1573 1039 aut

136 1061 299 1115 majora
326 1060 423 1110 31111,
444 1068 516 1100 aut
543 1058 720 1098 minora.
752 1057 892 1113 itaque
918 1059 931 1108 (
937 1057 1026 1113 jam
1049 1056 1160 1097 enim
1182 1055 1458 1096 concludatur
1477 1069 1571 1095 ora·
1584 1064 1634 1105 78

136 1116 212 1169 tio)
239 1116 320 1157 hoc
350 1131 435 1157 uno
470 1115 569 1156 vitio
602 1115 782 1155 maxime
813 1113 919 1155 1111111
949 1113 1083 1169 premi
1112 1112 1303 1154 videntur
1332 1112 1394 1152 tui
1425 1111 1574 1162 Stoici,

137 1172 252 1227 quod
285 1187 328 1213 se
364 1186 487 1227 posse
524 1180 673 1226 putant
709 1171 813 1211 duas
849 1170 1076 1211 contrarias
1112 1169 1337 1210 sententias
1369 1168 1575 1209 obtinere.

141 1229 243 1283 quid
277 1229 388 1269 enim
420 1238 484 1269 est
512 1237 598 1268 tam
631 1242 886 1282 repugnans,
916 1242 1043 1282 quam
1075 1226 1254 1267 eundem
1285 1225 1438 1275 dicere,
1459 1224 1576 1280 quod

140 1284 367 1325 honestum
390 1285 456 1334 sit,
478 1285 613 1326 solum
646 1281 690 1324 id
720 1284 879 1325 bonum
901 1298 1005 1334 esse,
1026 1282 1098 1338 qui
1118 1282 1244 1332 dicat,
1271 1281 1574 1337 appetitionem

139 1355 279 1382 rerum
299 1341 352 1382 ad
372 1341 591 1383 vivendum
613 1340 1045 1390 accommodatarum,
1074 1353 1099 1379 a
1128 1348 1277 1379 natura
1306 1338 1538 1392 profectam
1557 1340 1571 1377 ?

139 1398 205 1439 Ita
223 1412 321 1438 cum
352 1411 401 1438 ea
431 1398 578 1438 volunt
605 1397 794 1447 retinere,
828 1412 922 1452 quae
951 1395 1154 1451 superiori
1185 1394 1402 1436 sententiae
1424 1408 1574 1434 conve-

140 1454 276 1504 niunt,
307 1454 348 1494 in
383 1453 627 1494 Aristonem
662 1453 878 1494 incidunt:
907 1467 1005 1494 eum
1040 1452 1084 1493 id
1120 1452 1290 1507 fugiunt
1308 1468 1319 1501 3
1352 1465 1394 1491 re
1425 1450 1573 1491 eadem

137 1509 385 1561 defendunt,
406 1525 500 1566 quae
528 1510 818 1565 Peripatetici3
850 1517 887 1541 31
903 1510 1027 1550 verba
1057 1517 1200 1549 tenent
1228 1508 1457 1557 mordicus,
1477 1522 1573 1562 quae

136 1581 279 1607 rursus
312 1566 414 1607 dum
450 1573 489 1598 32
509 1566 588 1607 sibi
621 1565 740 1607 evelli
768 1581 817 1607 ex
849 1566 996 1607 ordine
1019 1565 1183 1615 nolunt,
1204 1564 1457 1605 horridiores
1477 1578 1572 1604 eva-

135 1621 256 1673 dunt,
289 1624 534 1679 asperiores,
568 1623 755 1664 duriores
789 1632 832 1664 et
863 1623 1065 1672 oratione,
1093 1631 1136 1663 et
1165 1621 1370 1662 moribus.
1428 1622 1569 1677 Quam
1584 1630 1635 1672 79

134 1679 305 1720 illorum
337 1680 564 1730 tristitiam,
595 1688 722 1735 atque
752 1680 1020 1736 asperitatem
1053 1679 1218 1733 fugiens
1251 1676 1474 1728 Panaetius,
1496 1692 1572 1718 1160

133 1736 405 1777 acerbitatem
440 1736 754 1787 sententiarum,
790 1750 866 1777 1160
905 1735 1136 1777 disserendi
1175 1734 1313 1790 spinas
1351 1734 1570 1789 probavit:

133 1792 299 1848 fuitque
320 1794 364 1834 in
384 1793 515 1834 altero
545 1807 698 1848 genere
727 1793 884 1844 mitior,
905 1793 947 1834 in
967 1792 1101 1834 altero
1122 1791 1324 1832 illustrior
1342 1808 1351 1832 :
1383 1805 1568 1846 semper·
1582 1801 1614 1830 P·
1631 1798 1700 1821 121³-

136 1862 219 1905 que
237 1849 383 1890 habuit
398 1850 441 1890 in
463 1864 535 1890 ore
556 1850 787 1902 Platonem,
801 1849 1093 1898 Aristotelem,
1108 1849 1407 1897 Xenocratem,
1427 1847 1570 1888 Theo·
1583 1844 1611 1865 ²¹·

135 1905 369 1960 phrastum‚
406 1906 720 1958 Dicaearchum,
753 1917 801 1948 ut
834 1907 964 1962 ipsius
1003 1906 1158 1961 scripta
1193 1904 1420 1946 declarant.
1462 1919 1570 1959 quos

138 1961 308 2017 quidem
345 1963 423 2003 tibi
460 1962 645 2004 studiose
679 1973 722 2004 et
760 1963 985 2019 diligenter
1022 1961 1277 2013 tractandos,
1313 1975 1571 2016 magnopere

136 2032 303 2059 censeo.
363 2019 446 2060 Sed
474 2020 675 2075 quoniam
701 2020 1020 2076 advesperascit,
1049 2027 1092 2060 et
1124 2018 1229 2059 mihi
1256 2018 1308 2060 ad
1337 2018 1477 2058 villam
1503 2032 1568 2058 re·
1584 2028 1635 2060 60

137 2075 382 2117 vertendum
421 2083 512 2117 est:
551 2091 661 2117 1111110
696 2076 866 2132 quidem
900 2077 1128 2118 hactenus:
1159 2090 1298 2116 verum
1337 2075 1419 2115 hoc
1458 2074 1571 2114 idem

137 2145 250 2186 saepe
271 2132 487 2174 faciamus.
546 2133 640 2173 Nos
669 2147 781 2182 vero,
811 2133 945 2189 inquit
974 2133 1058 2173 ille.
1091 2147 1187 2173 nam
1219 2131 1319 2187 quid
1346 2146 1573 2187 possumus

138 2187 275 2228 facere
294 2189 471 2229 melius?
503 2198 547 2230 et
567 2188 674 2230 hanc
696 2189 866 2244 quidem
890 2190 1068 2245 primam
1091 2189 1255 2243 exigam
1278 2203 1302 2229 a
1322 2198 1364 2229 te
1384 2202 1572 2243 operam,

136 2253 185 2285 ut
205 2244 348 2286 audias
370 2260 454 2297 me,
477 2261 571 2301 quae
593 2260 618 2286 a
637 2255 678 2287 te
699 2246 813 2287 dicta
841 2254 951 2296 sunt,
972 2245 1248 2286 refellentem.
1280 2245 1353 2285 sed
1383 2259 1572 2284 memen-

138 2309 198 2349 to,
226 2309 284 2352 te,
306 2316 401 2358 quae
437 2317 514 2343 nos
546 2302 788 2353 sentiamus,
822 2303 963 2344 omnia
994 2302 1184 2358 probare,
1215 2301 1257 2341 ni
1290 2300 1405 2356 quod
1435 2300 1572 2341 verbis

137 2357 256 2398 aliter
276 2367 472 2401 utamur:
503 2359 606 2400 mihi
627 2368 769 2400 autem
800 2370 1031 2401 vestrorum
1065 2358 1168 2399 nihil
1201 2358 1383 2414 probari.
1442 2358 1572 2397 Scru-

136 2414 299 2468 pulum,
319 2415 504 2471 inquam,
535 2416 721 2458 abeunti.
752 2416 824 2457 sed
854 2416 1100 2458 videbimus.
1161 2416 1270 2471 Quae
1301 2429 1397 2455 cum
1435 2422 1573 2455 essent

136 2470 262 2522 dicta,
286 2472 569 2514 discessimus.

179 2589 216 2614 31
246 2583 337 2613 verba
367 2590 461 2614 tenent
490 2583 643 2622 mordicus]
674 2585 769 2615 Venit
798 2585 830 2614 in
918 2591 957 2615 :32
975 2584 1029 2614 sibi
1045 2584 1134 2614 evelli
1150 2595 1185 2613 ex
1201 2584 1298 2614 ordine
1313 2583 1424 2623 nolunt]
1445 2595 1480 2613 cx
1497 2584 1576 2614 ordi.

137 2633 292 2663 mentem,
319 2627 470 2657 excidisse
496 2638 558 2657 sua.
582 2628 624 2657 ita
647 2628 762 2657 melius
787 2638 833 2657 re·
875 2639 909 2657 ne
935 2628 1026 2657 nihili
1051 2635 1107 2658 est.
1131 2629 1260 2667 quidam
1288 2628 1367 2658 olim
1394 2628 1514 2658 edidere
1537 2639 1573 2657 ex

136 2670 287 2706 spondeat
310 2671 371 2700 hoc
400 2671 549 2709 superiori
579 2682 609 2700 re
634 2671 742 2708 eadem,
766 2681 833 2712 qua?
875 2682 932 2700 ore.
978 2671 1061 2701 Mihi
1085 2672 1206 2702 videtur
1226 2671 1336 2701 Cicero
1359 2671 1514 2710 scripsisse
1538 2682 1573 2699 ex

140 2711 340 2752 Peripatetici.
364 2713 433 2744 libri
449 2713 580 2753 quidam
596 2714 717 2744 addunt
730 2714 795 2744 sibi.
876 2713 1014 2745 oratione.

873 2891 956 2930 04
