1778 3095
226 98 306 132 302
585 94 841 134 TUSCUL.
871 96 1318 136 QUAESTIONUM

225 241 230 247 ,
275 210 388 239 tamen
407 201 443 239 in
462 201 523 239 isto
541 215 604 239 non
623 203 692 240 sint
709 204 833 248 omnia,
854 217 929 241 eum
948 213 980 241 et
997 218 1060 241 non
1084 205 1292 255 opinatarum
1311 210 1438 241 natura
1452 204 1662 242 considerata

274 255 498 306 intelligatur,
527 266 701 307 propterea
725 266 858 294 tantum
885 271 1012 307 magna
1043 258 1165 302 videri,
1195 258 1286 309 quod
1312 266 1444 308 quanta
1471 257 1550 301 sint,
1581 271 1663 308 con-J

274 309 444 346 siderandi
461 311 608 360 spatium
637 324 699 347 non
726 310 836 355 detur,
865 321 895 348 et
923 311 1022 361 qnasi
1047 312 1145 362 culpa
1173 321 1377 348 contractum
1396 324 1488 347 omne
1502 324 1565 347 non
1577 321 1659 361 pro-

272 363 387 401 visum
406 364 531 400 malum
549 363 723 401 videatur.
743 377 770 400 c.
792 371 856 401 22.
911 365 1034 402 Altera
1055 375 1141 415 pars
1166 365 1305 402 dolorem
1330 364 1562 401 voluntarium
1579 377 1658 402 esse.

271 417 389 454 nonin
408 427 534 453 natura
558 430 668 453 rerum
696 418 770 468 ipsa
797 418 914 462 situm,
942 431 985 454 ευ
1010 431 1044 454 eo
1071 418 1288 462 demonstrat,
1315 417 1405 469 quod
1428 431 1504 454 cum
1522 418 1660 455 accessit

274 470 327 508 ad
340 471 517 520 opinionem
537 471 653 520 magni
671 471 753 507 mali
779 471 888 507 altera
916 471 978 507 illa
1004 472 1119 521 opinio,
1146 473 1197 509 ad
1219 471 1360 520 (fficium
1378 472 1552 523 pertinere,
1568 483 1664 521 aegre

259 524 370 572 ferre,
401 522 490 574 quod
514 523 684 565 acciderit,
713 523 921 560 vehementer
949 534 1120 574 augeatur
1145 526 1360 576 aegritudinis
1383 534 1472 576 pert
1464 524 1607 561 zcrbatio.
1628 537 1658 561 c.

270 577 334 614 26.
354 591 405 627 sq.
465 577 579 613 Tertia
606 575 745 627 denique
771 576 829 613 hoc
855 583 1058 637 argumento
1080 591 1103 614 a
1130 589 1256 616 natura
1283 593 1395 616 rerum
1421 577 1658 628 aegrztudinem

269 639 428 674 remo-vet,
447 629 538 681 quod
546 629 714 678 (egritudo
726 629 807 677 fl’re
833 643 897 665 non
923 631 966 666 sit
993 630 1058 666 nisi
1076 644 1093 667 e
1109 633 1228 668 recenti
1247 632 1329 669 mali
1342 633 1497 683 opinione,
1515 643 1657 682 quaeque

268 681 394 720 habeat
427 683 599 733 quandam
633 683 874 724 viriditatem,
903 682 991 719 unde
1009 681 1096 729 fiat,
1131 693 1169 720 nt
1201 686 1267 735 ipse
1301 685 1368 722 dies
1401 685 1461 722 vel
1497 685 1657 721 maximae

266 736 465 786 aegritua'ini
483 735 654 772 medeatur
670 749 699 772 c.
721 743 786 773 31.
845 736 990 787 Reliqua
1013 736 1194 787 disputatio
1220 752 1249 775 c.
1269 744 1333 777 32.
1354 744 1418 776 33.
1441 747 1602 776 versatur
1621 738 1656 773 in

266 789 418 826 remediis
437 788 650 838 aegritudinis
668 788 854 826 tradendis.

171 892 198 939 1
213 868 445 949 QUIDN
447 898 541 939 AM
561 912 666 949 esse,
686 898 832 949 Brute,
855 912 991 939 causae
1009 906 1171 954 putem,
1189 913 1280 950 cur,
1296 913 1395 940 cum
1411 907 1653 941 constemus

180 967 197 997 1
214 970 264 996 ex
285 956 427 996 animo
443 964 485 996 et
503 969 693 1010 corpore,
710 955 898 1010 corporis
919 955 1093 996 curandi
1108 955 1340 1020 tuendique
1359 970 1486 997 causa
1511 965 1524 988 1
1536 972 1654 1013 quae-

213 1012 293 1053 sita
315 1012 368 1052 sit
397 1026 464 1052 ars
493 1012 585 1067 ejus
616 1019 741 1075 atque
771 1011 947 1063 utilitas,
978 1012 1156 1052 deorum
1185 1011 1520 1053 immortalium
1509 1027 1651 1055 mven-

211 1068 320 1110 tioni
340 1077 608 1109 consecrata:
641 1068 768 1108 31111111
791 1076 933 1108 autem
954 1068 1176 1118 medicina,
1210 1083 1288 1110 nec
1309 1077 1397 1109 tam
1418 1069 1654 1110 desiderata

211 1125 280 1175 sit,
311 1134 539 1181 antequam
573 1125 751 1175 inventa,
786 1139 863 1165 nec
893 1134 982 1165 tam
1016 1124 1144 1175 culta,
1172 1134 1449 1189 posteaquam
1479 1127 1654 1181 cognita

209 1191 288 1232 est,
310 1196 386 1222 nec
409 1191 493 1222 tam
517 1180 661 1221 multis
680 1189 802 1236 grata
824 1189 864 1221 et
886 1181 1077 1244 probata,
1099 1181 1292 1235 pluribus
1312 1182 1439 1222 etiam
1457 1191 1654 1246 suspecta

209 1246 254 1279 et
273 1238 430 1279 invisa?
464 1252 515 1278 an
547 1237 663 1301 quod
694 1237 882 1291 corporis
916 1237 1183 1291 gravitatem,
1218 1246 1261 1278 et
1294 1237 1485 1278 dolorem
1509 1239 1651 1279 animo

201 1294 461 1358 judicamus,
498 1294 627 1334 animi
657 1294 855 1333 morbum
889 1307 1066 1348 corpoie
1098 1308 1182 1334 non
1216 1294 1448 1335 sentimus?
1492 1294 1552 1336 ita
1590 1295 1652 1346 fit,

208 1359 258 1391 ut
277 1350 441 1391 animus
463 1349 514 1390 de
532 1364 575 1390 se
597 1350 685 1405 ipse
707 1358 798 1390 tum
813 1349 993 1405 judicet,
1022 1364 1119 1390 cum
1145 1349 1218 1390 id
1207 1364 1361 1414 ipsum,
1384 1365 1469 1407 quo
1483 1350 1653 1407 judica-

171 1415 292 1457 2tur,
315 1415 506 1462 aegrotet
567 1405 699 1448 Quod
729 1407 762 1446 si
792 1406 897 1447 tales
928 1421 1004 1447 nos
1034 1415 1186 1447 natura
1214 1407 1445 1473 genuisset,
1476 1417 1525 1449 ut
1554 1422 1649 1449 eam

206 1463 342 1528 ipsam
364 1463 530 1512 intueri,
551 1472 594 1503 et
614 1462 864 1518 perspicere,
889 1471 906 1494 2
922 1463 1153 1519 eademque
1173 1464 1335 1518 optima
1354 1463 1461 1504 duce
1477 1477 1648 1505 cursum

205 1520 302 1561 vitae
333 1520 540 1561 conficere
570 1534 824 1574 possemus:
855 1519 970 1560 haud
1005 1529 1094 1560 erat
1126 1534 1238 1570 sane,
1273 1520 1390 1576 quod
1423 1521 1646 1576 quisquam

205 1577 429 1625 lationem,
464 1591 513 1617 ac
549 1576 785 1616 doctrinam
823 1576 1066 1631 requireret.
1104 1583 1249 1616 3nunc
1286 1576 1482 1631 parvulos
1525 1577 1646 1617 nobis

204 1633 323 1675 dedit
342 1633 569 1697 igniculos,
587 1647 692 1688 quos
713 1632 902 1673 celerite1
922 1632 1043 1673 malis
1063 1633 1269 1683 moribus,
1291 1633 1646 1688 opinionibusque

203 1690 418 1746 depravati
448 1690 507 1730 510
542 1690 860 1754 restinguimus,
891 1697 939 1730 ut
969 1703 1178 1752 nusquam
1209 1697 1369 1730 naturae
1398 1689 1544 1730 lumen
1570 1704 1646 1745 ap-

201 1754 360 1802 pareat.
383 1756 480 1787 sunt
510 1746 621 1786 enim
651 1746 829 1800 ingeniis
860 1745 1014 1786 nostris
1045 1760 1205 1786 semma
1234 1745 1379 1787 innata
1407 1746 1643 1787 virtutum
1631 1778 1643 1797 ,

200 1818 297 1859 quae
318 1804 353 1843 si
372 1802 612 1844 adolescere
641 1802 802 1853 liceret,
834 1802 925 1857 ipsa
955 1816 1031 1842 nos
1062 1802 1116 1842 ad
1145 1802 1316 1842 beatam
1346 1802 1474 1842 vitam
1495 1811 1645 1843 natura

199 1859 464 1915 perduceret.
504 1873 615 1899 1111110
654 1868 813 1909 autem,
854 1857 980 1899 simul
1021 1868 1149 1914 atque
1189 1857 1292 1899 editi
1330 1858 1373 1898 111
1405 1859 1560 1908 lucem,
1601 1868 1645 1900 et

199 1916 385 1981 suscepti
420 1931 581 1965 sumus,
615 1916 656 1956 in
689 1916 807 1956 omni
841 1915 1044 1956 continuo
1076 1915 1293 1970 pravitate,
1327 1923 1370 1955 et
1402 1915 1443 1955 in
1476 1929 1643 1956 summa

154 1981 186 2012 b.
199 1973 449 2028 opinionum
470 1973 740 2037 perversitate
759 1986 998 2012 xersamur:
1030 1981 1079 2011 ut
1095 1986 1216 2026 paene
1233 1986 1331 2012 cum
1344 1971 1453 2012 lacte
1468 1971 1641 2012 nutricis

197 2044 383 2071 errorem
420 2030 578 2070 suxisse
626 2028 854 2069 videamur.
903 2043 1002 2069 cum
1048 2042 1144 2068 vero
1190 2028 1434 2083 parentibus
1474 2027 1642 2078 redditi,

195 2094 218 2118 4
240 2086 414 2127 demum
435 2085 647 2141 magistris
680 2085 823 2126 traditi
855 2099 1015 2134 sumus,
1047 2092 1138 2124 tum
1169 2084 1227 2125 ita
1257 2084 1376 2125 variis
1407 2084 1640 2125 imbuimur

197 2143 422 2193 erroribus,
442 2152 492 2184 ut
511 2141 683 2183 xanitati
713 2142 876 2191 1011135,
909 2152 953 2184 et
985 2140 1175 2196 opinioni
1203 2141 1461 2181 confirmatae
1493 2149 1642 2181 natura

148 2174 287 2280 {ipsa
325 2199 463 2241 cedat.
520 2198 749 2240 Accedunt
787 2199 914 2240 etiam
953 2203 1119 2255 Ροέῖεε.
1159 2198 1232 2254 qui
1264 2206 1394 2238 ⁵cum
1436 2211 1638 2252 magnam

239 2365 253 2388 1
281 2358 405 2400 quaesita
423 2358 459 2388 sit
474 2369 522 2387 ars
545 2357 615 2397 qius,
639 2364 728 2398 atque
741 2355 802 2397 zm]
821 2357 893 2387 Hoc
981 2363 1000 2386 4
1024 2355 1135 2384 demum
1152 2365 1229 2394 mag.
1253 2352 1305 2392 tta]
1325 2354 1349 2383 E
1367 2353 1430 2382 Ms.
1450 2352 1552 2383 Vatic.
1573 2352 1639 2382 dein

193 2411 260 2431 non
290 2403 372 2431 bene
403 2402 509 2431 habet.
555 2401 723 2430 Manutius
759 2400 894 2429 correxit
937 2399 1021 2428 dedit
1036 2399 1197 2433 Davisius,
1223 2398 1303 2426 bene
1327 2396 1449 2435 opinor.
1465 2395 1577 2424 demum
1594 2403 1640 2425 ta-

191 2455 254 2481 ars,
271 2451 359 2485 atque
379 2444 438 2484 ejus
459 2451 501 2473 ut.
548 2444 724 2472 Lambinus
742 2454 802 2479 ars,
819 2443 893 2483 ejus-
937 2452 1013 2471 rnen
1038 2441 1187 2480 explicari
1214 2446 1315 2478 potest
1342 2449 1407 2468 non
1433 2439 1639 2469 incommode

192 2498 248 2529 que
263 2487 388 2517 utilitas.
434 2487 513 2516 Dax
508 2496 582 2516 isius
605 2486 700 2515 verba
722 2497 820 2521 caus‹,1
845 2491 891 2513 zt-
936 2486 1065 2514 tandem
1092 2490 1123 2513 et
1145 2483 1263 2512 serius:
1290 2482 1352 2512 Ms.
1378 2481 1486 2511 Guelf.
1510 2491 1565 2520 pro
1589 2482 1638 2511 de-

192 2541 248 2572 que
263 2529 321 2569 (jus
337 2529 453 2558 utilitas
465 2530 570 2568 spuria
581 2535 611 2557 et
623 2529 776 2563 eiicienda
792 2534 891 2567 putat.
935 2538 1012 2556 mum
1040 2527 1134 2556 habet
1157 2524 1220 2562 vel,
1247 2526 1332 2564 quod
1357 2531 1402 2554 est
1428 2524 1634 2555 facillimum.

191 2582 280 2608 sane,
296 2573 322 2602 si
345 2582 382 2602 ea
404 2572 560 2608 abessent,
585 2571 666 2601 nihil
690 2578 769 2601 esset
792 2572 892 2601 offen·
935 2569 1042 2598 redditi
1066 2568 1236 2607 parentibus
1259 2569 1410 2598 dicuntur
1436 2567 1537 2603 liberi,
1557 2577 1635 2598 curn

190 2616 288 2646 sionis
306 2616 337 2645 in
354 2616 387 2644 h.
407 2615 427 2644 1.
934 2622 951 2642 0
978 2612 1126 2642 manibus
1153 2613 1285 2642 nutricis
1313 2618 1343 2641 et
1369 2610 1505 2640 aliarum
1535 2610 1636 2640 ancil-

235 2666 253 2689 2
278 2658 430 2699 eademque
456 2657 563 2696 optima
589 2654 673 2695 duce]
706 2656 813 2695 optima
844 2656 890 2685 of·
935 2655 1039 2685 larum
1070 2655 1108 2684 ad
1139 2662 1281 2693 parentes
1311 2655 1455 2690 redeunt,
1490 2653 1635 2693 cum-iis

191 2701 301 2731 fendit.
318 2711 336 2730 a
352 2701 521 2739 glossatore
536 2700 660 2729 videtur
675 2709 753 2729 0550.
933 2704 1099 2727 versantur
1115 2699 1176 2727 avc.

234 2751 252 2775 3
291 2754 365 2773 nune
411 2742 751 2782 parvulos—igniculos,
806 2740 886 2782 quos]
979 2750 994 2771 5
1021 2752 1083 2769 cnm
1113 2751 1150 2769 m.
1182 2739 1302 2778 speciem
1334 2745 1401 2779 prae
1431 2750 1459 2769 se
1489 2737 1631 2777 tulerunt]

196 2786 314 2817 Malim
331 2797 398 2828 quos
413 2796 479 2816 esse
495 2792 563 2825 post
584 2796 667 2815 nunc.
684 2791 754 2825 post
769 2784 892 2814 moribus
935 2783 1052 2814 Malim
1069 2781 1201 2813 tulerint.

192 2830 257 2862 MS.
274 2829 382 2861 Guelf.
398 2829 483 2860 addit
497 2827 634 2858 omnibus.
