1778 3095
563 126 745 164 LIBER
779 125 1071 162 QUINTUS.
1456 133 1532 166 233

116 237 176 279 nis
196 236 238 278 in
255 235 416 286 verbis3
447 247 528 289 ego
561 232 741 287 positam
772 231 814 272 in
843 245 888 272 re
917 232 1131 286 putabam.
1162 231 1197 273 si
1226 231 1324 273 satis
1354 234 1431 275 erit
1451 234 1533 276 hoc

114 303 372 350 perceptum,
390 292 432 332 in
450 303 536 345 quo
556 288 769 344 adjutores
799 288 961 328 Stoicos
990 288 1173 344 optimos
1204 287 1421 338 habemus,
1440 300 1531 332 tan·
1543 314 1574 344 p.
1592 311 1661 338 145,

115 361 202 391 tam
224 351 304 392 vim
333 362 422 389 esse
449 345 625 395 virtutis,
646 355 694 386 ut
724 345 878 393 omnia,
900 343 933 384 si
954 359 1005 385 ex
1026 345 1156 386 altera
1174 353 1291 400 parte
1310 356 1533 400 ponantur,
1544 357 1573 378 a.

115 421 166 447 ne
185 414 408 462 appareant
429 401 623 457 quidem:
655 416 751 442 cum
779 400 934 451 omnia,
964 416 1058 456 quae
1092 401 1152 441 illi
1178 402 1405 442 commoda
1424 412 1536 443 certe

114 463 260 503 dicunt
288 474 389 510 esse,
422 467 463 499 et
497 458 712 508 sumenda,
732 467 775 498 et
802 457 1010 512 eligenda,
1033 467 1075 498 et
1094 458 1335 513 praeposita,
1356 473 1451 514 quae
1481 459 1540 500 ita

115 518 328 566 definiunt,
358 525 402 556 ut
433 514 532 555 satis
562 528 719 570 magno
752 513 999 555 aestimanda
1029 515 1139 555 sint:
1171 514 1262 555 haec
1289 515 1421 569 igitur
1440 529 1539 557 cum

116 589 197 630 ego
216 582 279 614 tot
301 571 540 613 nominibus
570 586 594 611 a
625 571 775 611 Stoicis
805 570 1028 625 appellata,
1048 571 1198 626 partim
1221 572 1337 611 novis
1356 580 1398 612 et
1419 586 1539 612 com-

115 629 333 679 menticiis,
352 636 397 669 ut
419 629 496 668 ista
517 635 554 659 48
573 627 780 683 producta
799 637 840 667 et
858 627 1043 677 reducta,
1065 627 1219 683 partim
1237 627 1351 668 idem
1383 628 1540 683 signifi-

113 685 332 726 cantibus:
365 684 467 739 quid
494 684 603 725 enim
639 684 823 733 interest,
844 694 1013 738 expetas
1042 699 1094 724 an
1119 683 1251 739 eligas
1274 685 1286 724 ?
1322 684 1425 724 mihi
1445 686 1539 741 qui-

115 741 208 782 dem
231 742 358 782 etiam
379 741 532 782 lautius
552 739 727 789 videtur,
747 739 861 795 quod
883 740 1066 796 eligitur,
1085 749 1127 781 et
1147 741 1200 780 ad
1220 740 1335 796 quod
1353 740 1539 783 delectus

113 798 348 838 adhibetur.
380 797 467 847 sed,
488 811 583 838 cum
614 811 697 852 ego
728 797 806 837 ista
835 796 947 838 bona
978 797 1118 838 omnia
1137 796 1295 847 dixero,
1316 806 1356 829 44
1374 807 1538 839 tantum

113 855 252 905 refert,
287 869 414 910 quam
454 868 609 909 magna
644 853 780 894 dicam
798 869 808 894 ε
840 867 937 894 cum
968 852 1213 909 expetenda,
1248 869 1375 909 quam
1406 855 1539 898 valde.

113 911 175 951 sin
197 919 338 951 autem
368 924 444 951 nec
475 909 707 965 expetenda
735 924 819 965 ego
849 909 999 966 magis,
1022 925 1147 966 quam
1170 919 1216 950 tu
1235 910 1442 966 eligenda,
1463 927 1540 954 nec

111 966 183 1007 illa
203 967 331 1022 pluris
360 966 605 1008 aestimanda
624 980 722 1021 ego,
743 966 815 1021 qui
834 967 961 1017 bona,
989 981 1116 1023 quam
1151 976 1213 1016 tn,
1234 968 1305 1022 qui
1335 968 1541 1022 producta

114 1023 321 1078 appellas:
354 1023 495 1064 omnia
524 1023 603 1064 ista
631 1036 799 1063 necesse
828 1032 891 1064 est
923 1023 1150 1073 obscurari,
1171 1030 1209 1055 4⁵
1227 1037 1304 1064 nec
1325 1038 1540 1080 apparere,

114 1089 155 1120 et
176 1081 218 1120 in
240 1080 414 1131 virtutis,
435 1089 650 1135 tamquam
681 1079 724 1120 in
752 1079 850 1120 solis
876 1079 1030 1131 radios,
1051 1080 1274 1121 incurrere.
1333 1082 1395 1122 At
1414 1083 1600 1133 eni1n‚91

116 1151 199 1192 qua
227 1136 269 1177 in
299 1137 382 1177 vita
415 1146 479 1177 est
505 1136 664 1192 aliquid
696 1135 810 1186 mali,
830 1151 878 1177 ea
906 1151 995 1177 esse
1016 1137 1138 1177 beata
1157 1150 1242 1177 non
1261 1145 1416 1191 potest.
1474 1140 1543 1180 Ne

116 1207 236 1248 seges
257 1193 426 1248 quidem
457 1193 586 1249 igitur
616 1192 741 1247 spicis
769 1193 983 1243 uberibus,
1003 1203 1045 1234 et
1069 1193 1240 1244 crebris,
1262 1199 1302 1225 46
1317 1193 1350 1234 si
1371 1208 1542 1236 avenam

118 1249 281 1304 uspiam
301 1249 448 1290 videris
467 1266 477 1290 :
508 1263 585 1290 nec
614 1256 849 1289 mercatura
869 1259 1123 1304 quaestuosa,
1146 1250 1179 1289 si
1200 1250 1242 1290 in
1263 1250 1456 1291 maximis
1477 1252 1542 1292 lu-

115 1306 194 1346 cris
215 1313 251 1340 ⁴¹7
273 1319 420 1360 parum
442 1314 480 1337 48
496 1305 654 1361 aliquid
683 1305 825 1345 damni
855 1306 1121 1346 contraxerit.
1179 1307 1248 1346 An
1280 1306 1362 1347 hoc
1388 1322 1542 1362 usque-

120 1376 285 1416 quaque
307 1362 427 1402 aliter
445 1363 486 1402 in
507 1363 589 1402 vita
608 1363 620 1402 ?
654 1370 695 1402 et
717 1376 800 1401 non
822 1376 872 1402 ex
893 1362 1075 1403 maxima
1104 1371 1221 1417 parte
1241 1362 1293 1403 de
1314 1371 1403 1403 tota
1426 1363 1543 1419 judi-

118 1418 257 1458 cabis?
291 1433 343 1458 an
363 1417 539 1459 dubium
559 1427 637 1468 est,
654 1418 754 1473 quin
775 1418 901 1459 virtus
923 1418 982 1458 ita
999 1419 1226 1459 maximam
1247 1428 1407 1474 partem
1431 1420 1544 1461 obti-

117 1483 214 1514 neat
242 1473 284 1514 in
315 1474 439 1514 rebus
465 1474 674 1524 humanis,
695 1483 744 1514 ut
762 1474 942 1529 reliquas
962 1475 1114 1516 obruat
1131 1476 1144 1515 ?
1178 1484 1216 1508 49
1230 1475 1396 1516 audebo
1415 1476 1546 1532 igitur

115 1538 283 1579 caetera,
316 1545 409 1585 quae
441 1530 672 1571 secundum
707 1538 899 1570 naturam
932 1540 1044 1580 sunt,
1074 1531 1186 1571 bona
1215 1531 1438 1586 appellare,
1468 1548 1545 1574 nec

114 1585 307 1627 fraudare
327 1600 404 1627 suo
421 1586 548 1627 veteri
568 1586 752 1636 nomine,
770 1601 895 1640 quam
913 1586 1072 1642 aliquid
1094 1588 1281 1641 50potius
1302 1603 1455 1629 novum
1476 1604 1547 1630 ex-

114 1641 303 1696 quirere3
334 1643 495 1684 virtutis
524 1652 664 1684 autem
695 1642 1015 1697 amplitudinem
1048 1644 1167 1699 quasi
1197 1645 1239 1684 in
1269 1644 1398 1685 altera
1428 1645 1545 1686 librae

115 1697 232 1739 lance
260 1713 429 1754 ponere.
486 1699 673 1750 Terram,
695 1699 800 1740 mihi
830 1699 966 1750 crede,
987 1714 1036 1740 ea
1065 1700 1175 1751 lanx,
1193 1708 1235 1740 et
1255 1701 1386 1741 maria
1406 1701 1544 1757 depri-
1557 1709 1608 1750 92

116 1762 218 1795 met.
238 1770 402 1810 semper
420 1755 531 1796 enim
549 1771 599 1797 ex
619 1770 685 1806 eo,
703 1755 817 1811 quod
837 1756 1039 1797 maximas
1056 1766 1193 1812 partes
1210 1757 1410 1809 continet,
1428 1758 1549 1800 latis-¹

118 1811 305 1867 simeque
325 1812 527 1863 funditur,
547 1821 638 1854 tota
657 1827 722 1853 res
742 1812 990 1867 appellatur.
1010 1813 1189 1854 dicimus
1211 1814 1391 1870 aliquem
1414 1814 1546 1856 hilare

118 1867 265 1908 vivere.
286 1867 430 1923 igitur,
451 1868 485 1909 si
506 1868 635 1909 semel
663 1868 822 1910 tristior
850 1869 1025 1910 effectus
1044 1880 1120 1920 est,
1142 1869 1274 1912 hilara
1294 1871 1375 1911 vita
1395 1872 1546 1912 amissa

119 1924 207 1964 est?
238 1923 300 1964 At
319 1924 399 1964 hoc
419 1924 461 1964 in
482 1939 533 1965 eo
555 1926 620 1966 M.
645 1925 813 1976 Crasso,
835 1939 961 1980 quem
982 1926 1112 1967 semel
1142 1926 1199 1967 ait
1228 1927 1270 1967 in
1302 1927 1384 1968 vita
1408 1928 1544 1969 risisse
1556 1938 1588 1970 b.

117 1979 321 2031 Lucilius,
343 1995 427 2021 non
457 1981 653 2036 contigit,
674 1991 719 2022 ut
741 1995 789 2021 ea
809 1995 851 2022 re
872 1982 1011 2022 minus
1035 1982 1235 2038 ἀγέλας-ος,
1256 1992 1305 2024 ut
1330 1984 1389 2024 ait
1417 1984 1545 2037 idem,

117 2044 350 2077 vocaretur.
411 2037 673 2093 Polycratem
695 2037 882 2078 Samium
904 2038 1068 2079 felicem
1092 2039 1319 2094 appellant.
1352 2040 1454 2081 nihil
1475 2056 1546 2082 ac-

118 2091 276 2133 ciderat
294 2092 345 2143 ei,
368 2093 484 2148 quod
506 2093 650 2143 nollet,
672 2094 750 2134 nisi
779 2094 895 2148 quod
925 2095 1112 2145 anulum,
1135 2110 1220 2150 quo
1246 2096 1549 2150 delectabatur,

119 2148 161 2188 in
181 2163 294 2189 mare
316 2149 539 2205 abjecerat.
599 2151 716 2205 Ergo
745 2150 886 2190 infelix
906 2165 989 2191 una
1009 2152 1229 2193 molestia:
1259 2153 1358 2193 felix
1389 2169 1549 2207 rursus,

120 2205 269 2245 cumis
291 2206 377 2259 ipse
398 2205 546 2246 anulus
576 2206 616 2245 in
646 2206 887 2260 praecordiis
918 2207 1041 2260 piscis
1067 2208 1256 2248 inventus
1277 2218 1353 2249 est.
1414 2219 1449 2241 ⁵1
1471 2211 1549 2252 Ille

119 2275 231 2311 vero,
248 2261 283 2301 si
301 2262 497 2317 insipiens
507 2277 519 2313 3
545 2262 674 2317 (quod
690 2271 815 2312 certe,
834 2263 1033 2318 quoniam
1052 2273 1252 2319 tyrannus
1265 2268 1292 2316 2)
1318 2279 1550 2322 numquam

163 2381 201 2406 43
217 2375 355 2414 producta
370 2383 397 2404 er
409 2375 538 2415 reducta]
555 2376 636 2406 Sunt
651 2374 815 2415 προηγμένα
856 2378 925 2407 edd.
942 2388 987 2417 pr.
1003 2385 1094 2409 recte.
1110 2378 1206 2418 vulgo
1222 2378 1305 2408 male
1321 2378 1423 2418 ipsam.

120 2424 151 2447 et
166 2418 331 2458 ἀποπροηγ.
347 2428 420 2458 quae
443 2419 516 2449 alibi
539 2426 615 2449 sunt
630 2419 773 2458 producta
788 2426 815 2448 et
900 2427 936 2454 47
961 2427 1069 2460 parum
1093 2420 1210 2462 aliquid
1233 2421 1330 2450 damni
1357 2421 1548 2464 contraxerit]

121 2460 237 2498 rejecta,
255 2468 285 2490 et
306 2462 350 2491 sic
373 2462 495 2492 videtur
517 2462 701 2501 legendum,
718 2470 772 2491 aut
787 2463 812 2492 si
855 2461 930 2492 Non
946 2464 1048 2502 placet
1059 2471 1176 2502 parum.

121 2502 187 2532 sola
202 2503 367 2544 προηγμένα
379 2504 479 2534 voluit
493 2506 681 2544 exprimere,
694 2512 729 2534 ut
746 2513 815 2543 post
900 2512 940 2536 48
957 2506 1073 2547 aliquid
1092 2504 1206 2546 damni]
1233 2506 1332 2537 Credo
1353 2516 1466 2538 verum
1485 2517 1550 2538 esse

121 2552 168 2574 est
190 2552 305 2584 expetas
320 2558 357 2576 an
372 2546 475 2585 eligas,
495 2548 645 2587 praecipua
661 2556 696 2577 ut
711 2547 814 2587 place—

123 2589 177 2617 bat
192 2589 318 2619 Davisio
334 2599 350 2619 e
367 2590 422 2625 IV,
441 2595 492 2620 26.

167 2638 207 2661 44
236 2638 348 2661 tantum
383 2631 487 2673 refert]
519 2633 609 2662 Forte
643 2632 815 2672 legendum

126 2679 230 2703 tamen.

168 2723 206 2746 45
233 2717 356 2746 nec—in
383 2715 522 2755 virtutes]
555 2718 639 2747 Bene
667 2718 816 2750 Davisius

126 2758 248 2796 corrigit
262 2760 396 2797 virtutis,
415 2766 448 2788 ut
463 2761 646 2799 respondeat
661 2760 736 2791 solis.

171 2804 210 2829 46
231 2801 255 2829 si
276 2812 399 2831 avenam
420 2803 530 2841 uspiam
552 2803 675 2842 videris]
703 2805 816 2844 uspiam

127 2842 244 2872 habent
259 2843 337 2875 Mss.
348 2846 478 2883 quidam
501 2847 585 2884 apud
604 2846 771 2878 Davisium
787 2855 817 2878 et

851 2548 947 2586 parvi
963 2561 991 2579 a.
1009 2550 1037 2579 d.

901 2598 941 2623 49
957 2591 1061 2621 audebo
1085 2591 1176 2631 igitur
1199 2590 1305 2630 cetera]
1324 2599 1416 2621 cetera
1431 2592 1518 2622 abest
1533 2602 1552 2623 ²

860 2633 939 2663 Mss.
971 2636 1061 2673 regiis
1090 2634 1158 2664 Par.
1190 2634 1366 2673 delevitque
1397 2635 1552 2665 Aleman-

859 2686 932 2712 nus,
949 2678 1003 2716 qui
1019 2686 1036 2707 a
1051 2677 1189 2707 Victorio
1203 2687 1270 2707 esse
1284 2678 1360 2707 dicit
1375 2678 1529 2708 additum.

904 2728 943 2750 50
964 2719 1070 2759 potius]
1100 2720 1230 2750 Videtur
1255 2730 1320 2750 esse
1343 2720 1446 2750 alieno
1467 2720 1552 2757 loco,

858 2770 888 2792 et
908 2769 978 2802 post
1003 2762 1124 2799 nomine,
1149 2763 1347 2802 ponendum,
1371 2770 1408 2794 ut
1430 2770 1460 2793 et
1480 2764 1553 2793 fecit

859 2807 1017 2838 Davisius.

905 2855 941 2881 51
960 2847 1010 2877 ille
1021 2847 1104 2886 vero]
1120 2845 1308 2887 Polycrates.
