1778 3095
530 155 706 196 LIBER
745 154 1082 193 SECUNDUS.
1442 161 1514 192 505

95 265 351 307 contrarium
375 263 528 306 rationi
549 271 592 305 et
610 262 870 311 constantiae,
891 277 1016 316 quam
1040 262 1231 302 fortuna:
1266 267 1313 300 ut
1341 261 1443 301 mihi
1465 276 1517 302 ne

95 322 135 362 in
162 322 287 363 deum
316 321 486 378 quidem
514 318 663 361 cadere
690 318 889 366 videatur,
910 326 957 358 ut
978 318 1094 367 sciat,
1116 316 1217 372 quid
1237 331 1350 366 casn,
1371 327 1411 357 et
1433 318 1517 358 for-

97 378 206 419 tuito
227 379 415 419 futurum
437 377 503 417 sit.
561 375 605 416 Si
625 374 735 416 enim
756 374 849 424 scit,
870 382 982 414 certe
1002 374 1105 413 illud
1121 373 1294 413 eveniet.
1326 373 1387 412 sin
1406 384 1516 415 certe

95 435 268 485 eveniet,
286 433 398 476 nulla
413 433 582 474 fortuna
596 439 673 472 est.
693 440 756 471 est
772 440 913 471 autem
931 430 1111 470 fortuna.
1132 444 1267 470 rerum
1286 429 1415 483 igitur
1429 431 1516 470 for-

94 490 296 532 tuitarum
327 489 442 530 nulla
466 496 529 529 est
554 487 794 543 praesensio.
853 487 943 527 Aut
972 487 1004 527 si
1033 499 1160 540 negas
1179 500 1269 526 esse
1288 487 1515 537 fortunam,
1533 495 1578 535 19

95 554 138 586 et
160 547 316 597 omnia,
339 555 485 600 10quae
505 544 624 594 fiunt,
646 557 824 600 quaeque
849 543 989 583 futura
1016 550 1127 590 sunt,
1149 556 1199 581 ex
1219 543 1333 582 omni
1354 542 1518 583 aeterni-

94 610 181 644 tate
201 602 369 644 definita
389 601 492 642 dicis
513 615 604 641 esse
624 600 803 642 fataliter
815 615 827 650 3
851 608 969 640 muta
989 597 1274 639 definitionem
1296 598 1517 640 divinatio-

94 659 172 709 nis,
193 673 316 714 quam
339 656 507 698 dicebas
526 656 850 712 praesensionem
872 670 962 696 esse
982 669 1119 696 rerum
1142 654 1423 695 fortuitarum.
1472 656 1517 697 Si

92 714 204 756 enim
225 713 327 755 nihil
347 713 434 756 fieri
454 721 609 769 potest,
629 713 732 754 nibil
750 711 952 762 accidere,
975 710 1077 752 nihil
1103 710 1279 761 evenire,
1302 710 1379 751 nisi
1402 711 1518 767 quod

92 770 146 811 ab
177 770 293 811 omni
328 771 559 811 aeternitate
590 778 753 811 certum
780 768 919 820 fuerit,
950 782 1039 809 esse
1070 768 1259 808 futurum
1289 775 1381 808 rato
1406 777 1517 808 tem-

92 840 220 882 pore:
252 841 346 882 quae
377 834 517 882 potest
543 841 633 867 esse
663 826 860 867 fortuna?
896 839 978 881 qua
1007 823 1186 874 sublata,
1208 823 1280 879 qui
1307 823 1427 864 locus
1453 833 1518 865 est

91 883 361 924 divinationi?
394 898 488 939 quae
510 898 535 924 a
554 891 596 924 te
617 882 883 923 fortuitarum
906 895 1043 922 rerum
1063 889 1126 921 est
1145 880 1258 921 dicta
1276 880 1517 936 praesensiO.

91 954 347 995 quamquam
367 940 551 990 dicebas,
572 939 727 989 omnia,
749 952 843 993 quae
869 937 1026 988 fierent,
1046 937 1236 978 futurave
1256 946 1409 988 essent,
1428 937 1518 978 fato

89 996 309 1037 contineri.
369 995 495 1036 Anile
526 1009 623 1036 sane
654 1003 696 1036 et
726 995 896 1050 plenum
926 993 1230 1049 superstitionis
1260 993 1335 1034 fati
1363 1008 1516 1035 nomen

90 1052 242 1108 ipsum.
263 1052 335 1093 sed
350 1060 490 1093 tamen
503 1051 616 1107 apud
633 1051 798 1092 Stoicos
813 1050 865 1091 de
880 1050 962 1091 isto
980 1050 1067 1091 fato
1087 1049 1221 1091 multa
1235 1049 1445 1102 dicuntur,
1462 1050 1514 1091 de
1528 1059 1561 1090 b.

92 1123 177 1164 quo
197 1108 324 1149 alias:
342 1123 467 1159 nunc,
489 1108 604 1163 quod
624 1122 791 1149 necesse
812 1115 889 1148 est.
931 1107 974 1147 Si
995 1106 1136 1148 omnia
1157 1106 1268 1147 fato:
1291 1106 1391 1162 quid
1411 1107 1513 1147 mihi
1529 1108 1562 1155 8

91 1164 291 1206 divinatio
322 1164 519 1220 prodest?
567 1164 696 1221 Quod
723 1164 834 1205 enim
866 1163 915 1213 is,
948 1164 1019 1219 qui
1045 1163 1214 1213 divinat,
1244 1163 1447 1217 praedicit,
1473 1163 1515 1204 id
1528 1181 1580 1213 20

90 1235 187 1262 vero
216 1221 404 1262 futurum
430 1229 492 1262 est
511 1237 521 1262 ε
552 1231 599 1262 ut
620 1236 670 1262 ne
690 1220 794 1261 illud
816 1219 984 1276 quidem
1007 1220 1149 1270 sciam,
1170 1219 1292 1275 quale
1315 1219 1382 1270 sit,
1402 1219 1517 1275 quod

91 1277 360 1334 Dejotarum,
384 1287 418 1310 11
434 1278 712 1319 necessarium
729 1285 934 1326 nostrum,
951 1290 1002 1316 ex
1021 1276 1167 1316 itinere
1189 1276 1329 1330 aquila
1347 1291 1517 1317 revoca-

93 1334 164 1376 vit.
195 1334 268 1390 qui
298 1334 376 1376 nisi
401 1334 648 1385 revertisset,
667 1335 710 1375 in
734 1347 785 1375 eo
811 1333 997 1374 conclavi
1024 1333 1063 1373 ei
1086 1333 1327 1374 cubandum
1356 1333 1518 1384 fuisset,

91 1390 208 1446 quod
227 1391 417 1446 proxima
440 1399 563 1432 nocte
584 1390 894 1432 corruit.·ruina
913 1389 1042 1444 igitur
1062 1403 1285 1444 oppressus
1304 1398 1426 1430 esset.
1456 1389 1519 1430 At

91 1447 135 1488 id
162 1461 311 1503 neque,
333 1448 366 1488 si
393 1448 527 1489 fatum
557 1447 707 1498 fuerat,
733 1446 972 1502 effugisset:
1004 1460 1093 1495 nee,
1121 1446 1153 1486 si
1182 1460 1266 1485 non
1296 1445 1447 1496 fuerat,
1477 1446 1519 1487 in

91 1518 188 1544 eum
227 1518 370 1545 casum
403 1500 630 1545 incidisset.
689 1503 807 1545 Quid
842 1517 944 1558 ergo
980 1502 1148 1558 adjuvat
1182 1502 1408 1543 divinatio?
1446 1512 1519 1543 aut

92 1560 194 1615 quid
214 1568 291 1610 est,
311 1561 425 1616 quod
446 1575 514 1601 me
534 1569 727 1601 moveant
748 1567 819 1600 aut
836 1568 982 1611 sortes,
998 1569 1069 1599 aut
1089 1568 1198 1609 exta,
1214 1569 1288 1599 aut
1306 1559 1392 1599 ulla
1411 1573 1519 1613 prae-

93 1616 222 1657 dictio
241 1617 254 1657 ?
288 1616 321 1657 si
347 1617 458 1657 enim
487 1617 618 1657 fatum
640 1616 734 1667 fuit,
754 1616 906 1656 classes
928 1615 1074 1670 populi
1105 1615 1281 1655 Romani
1305 1615 1416 1656 bello
1439 1617 1521 1656 Pu-

93 1673 188 1713 nico
220 1673 370 1728 primo,
391 1673 563 1714 alteram
594 1673 831 1727 naufragio,
855 1671 1029 1713 alteram
1059 1686 1084 1711 a
1115 1671 1252 1711 Poenis
1281 1670 1522 1726 depressam

92 1729 290 1770 interire:
323 1731 450 1770 etiam
486 1730 519 1770 si
550 1729 781 1784 tripudium
812 1727 1063 1769 solistimum
1094 1727 1199 1782 pulli
1230 1727 1440 1779 fecissent,
1470 1729 1521 1768 L.

91 1785 220 1826 Junio
242 1794 284 1826 et
304 1787 348 1826 P.
371 1786 525 1827 Clodio
546 1786 789 1827 consulibus
809 1784 962 1825 classes
983 1793 1126 1825 tamen
1148 1783 1401 1825 interissent.
1434 1784 1522 1835 Sin,

93 1855 192 1882 cum
214 1842 408 1897 auspiciis
428 1843 765 1897 obtemperatum
785 1851 910 1891 esset,
926 1841 1155 1882 interiturae
1177 1841 1328 1881 classes
1350 1855 1432 1882 non
1453 1840 1521 1881 fu-

94 1906 231 1948 erunt,
260 1913 343 1939 non
373 1898 618 1939 interierunt
647 1898 748 1938 fato.
778 1897 902 1938 vultis
931 1906 1072 1938 autem
1104 1896 1245 1937 omnia
1274 1897 1376 1938 fato.
1407 1897 1524 1938 nulla

93 1954 223 2009 igitur
253 1963 317 1996 est
343 1954 554 1996 divinatio.
613 1954 743 2010 Quod
774 1954 807 1995 si
836 1953 968 1994 fatum
1001 1953 1095 2004 fuit,
1123 1953 1235 1994 bello
1269 1953 1425 1994 Punico
1456 1960 1580 1994 „se-21

94 2010 234 2052 cundo
255 2011 483 2052 exercitum
512 2011 659 2066 populi
687 2010 864 2051 Romani
885 2009 938 2050 ad
959 2009 1096 2050 lacum
1117 2009 1438 2050 Thrasimenum
1458 2010 1522 2050 in-

96 2067 246 2108 terire:
279 2082 377 2108 num
412 2067 455 2108 id
485 2067 603 2108 vitari
633 2067 786 2122 potuit,
808 2066 841 2107 si
870 2066 1098 2107 Flaminius
1129 2066 1279 2107 consul
1303 2066 1351 2106 iis
1377 2067 1523 2121 signis,

93 2123 225 2179 iisque
265 2124 474 2179 auspiciis,
511 2124 662 2178 quibus
701 2137 890 2178 pugnare
930 2122 1247 2178 prohibebatur,
1284 2123 1488 2177 paruisset
1507 2124 1520 2163 ?

99 2188 264 2220 127certe
295 2181 446 2234 potuit.
505 2181 597 2220 Aut
624 2179 752 2234 igitur
773 2194 857 2220 non
879 2179 967 2219 fato
988 2178 1143 2219 interiit
1164 2180 1394 2220 exercitus:
1427 2193 1523 2219 mu-

94 2236 172 2277 tari
193 2236 302 2276 enim
326 2237 411 2277 fata
431 2251 513 2277 non
532 2245 707 2291 possunt
725 2252 734 2276 z
765 2246 852 2285 aut,
871 2235 905 2275 si
926 2235 1013 2275 fato
1030 2250 1041 2285 3
1062 2235 1178 2290 quod
1199 2243 1309 2275 certe
1332 2235 1446 2275 vobis
1465 2235 1526 2276 ita

94 2292 316 2333 dicendum
345 2301 433 2335 est:
464 2293 590 2333 etiam
620 2293 654 2332 si
681 2292 1009 2346 obtemperasset
1035 2291 1245 2346 auspicii3‚
1266 2289 1376 2331 idem
1399 2305 1523 2332 even-

96 2358 238 2390 turum
259 2349 418 2390 fuisset.
465 2349 552 2389 Ubi
572 2356 636 2389 est
656 2349 785 2403 igitur
806 2348 1005 2388 divinatio
1026 2347 1104 2388 ista
1124 2347 1390 2388 Stoicorum?
1414 2362 1525 2402 quae,

95 2405 131 2445 si
159 2405 245 2446 fato
276 2406 419 2446 omnia
446 2405 565 2455 fiunt,
586 2405 687 2445 nihil
716 2419 792 2445 nos
825 2404 1053 2445 admonere
1072 2412 1228 2459 potest,
1249 2412 1297 2444 ut
1318 2403 1526 2444 cautiores

96 2461 240 2502 simus.
270 2476 444 2517 quoquo
469 2462 581 2502 enim
609 2461 739 2501 modo
767 2475 843 2501 nos
864 2461 1130 2515 gesserimus,
1154 2461 1224 2501 fiet
1243 2470 1384 2500 tamen
1406 2459 1526 2509 illud,

96 2517 211 2574 quod
229 2518 418 2559 futurum
441 2527 517 2559 est.
549 2517 612 2559 sin
639 2527 779 2558 autem
814 2517 857 2558 id
891 2525 1029 2572 potest
1049 2516 1174 2568 flecti,
1196 2516 1358 2557 nullum
1379 2525 1443 2557 est
1463 2515 1526 2556 fa-

141 2671 180 2694 10
203 2662 367 2705 quaefiunt,
384 2664 550 2704 quaequef.
567 2662 660 2704 suun]
679 2664 728 2694 An
743 2664 788 2703 fi·
832 2663 906 2693 alibi
923 2670 1097 2702 utrumque
1112 2663 1290 2701 conjungit.

96 2707 260 2742 ant—sint,
278 2713 312 2735 ut
328 2706 395 2735 aliis
410 2706 511 2736 locis?
888 2713 924 2736 1¹2
959 2713 1034 2734 certe
1057 2705 1167 2744 potuit]
1196 2706 1338 2735 Pearcius
1362 2704 1429 2733 addi
1458 2702 1528 2732 vult

142 2757 176 2779 ll
212 2749 398 2778 necessarium
435 2748 572 2786 nostrum]
614 2750 670 2780 Ed.
707 2750 788 2778 Ven.
833 2760 905 2778 non.-
929 2756 1003 2778 certe
1029 2760 1081 2777 non
1105 2748 1212 2788 potuit.
1237 2754 1387 2776 neutrum
1414 2746 1526 2784 placet,

101 2791 386 2832 meat-familiarem
403 2802 432 2821 n.
455 2792 600 2821 Davisius
616 2800 790 2830 utrumque
834 2801 892 2820 nec
919 2798 1030 2830 aptum
1055 2798 1101 2820 est
1128 2790 1316 2825 sententiae3
1349 2796 1450 2817 totum
1475 2789 1527 2816 de-

99 2835 131 2864 in
164 2835 241 2864 Mss.
272 2834 395 2873 reperit,
426 2834 583 2872 ediditque
602 2834 791 2874 familiarem
834 2834 966 2863 lendum
989 2840 1076 2872 puto.
1101 2842 1176 2862 nam
1202 2832 1358 2871 responsio
1373 2838 1417 2860 est
1433 2831 1464 2860 in
1481 2839 1528 2860 se-

99 2883 222 2907 nostrum
245 2883 272 2906 et
295 2876 491 2907 necessarium.
515 2883 544 2906 ct
567 2877 676 2907 Cicero
694 2877 790 2907 etiam
835 2876 1016 2913 quentibus.

829 2928 946 2970 003
