1778 3095
574 146 759 184 LIBER
785 147 1065 187 TERTIUS.
1479 155 1553 188 505

123 251 271 294 manis.
292 252 386 295 haec
404 253 515 295 enim
534 252 639 293 mihi
658 267 708 293 ex
727 260 801 293 tua
830 253 1055 307 partitione
1086 260 1247 296 restant
1272 252 1373 295 duo.
1395 255 1448 296 de
1464 256 1561 311 qui·

122 308 201 349 bus
235 310 269 350 si
305 311 420 351 vobis
457 309 631 360 videtur,
661 310 897 350 accuratius
936 309 1224 351 disserendum
1266 320 1386 365 puto.
1447 312 1560 354 Mihi

123 379 236 416 vero,
256 367 393 422 inquit
410 366 613 415 Velleius,
633 365 754 407 valde
770 365 931 407 videtur
947 383 956 406 :
990 381 1087 406 nam
1101 375 1143 407 et
1158 366 1319 421 majora
1336 377 1532 421 exspecto
1549 385 1560 418 ;

124 431 168 462 et
183 421 263 473 his,
285 438 379 477 quae
400 423 512 464 dicta
543 430 655 473 sunt,
685 421 953 463 vehementer
982 423 1200 463 assentior.
1259 423 1370 464 Tum
1390 423 1562 473 Balbus,

127 477 399 534 Interpellare
430 488 488 529 te,
520 479 671 534 inquit,
709 477 855 530 Cotta,
891 478 1004 520 nolo.
1039 478 1110 519 sed
1147 493 1363 521 sumemus
1398 487 1564 535 tempus

126 533 254 576 aliud.
275 535 450 576 efficiam
471 535 665 590 profecto
685 542 722 569 93
737 543 785 576 ut
805 536 976 577 fateare.
1037 534 1123 576 Sed
1143 537 1169 562 >f
1191 537 1216 562 ’ἢ
1239 537 1264 562 ³⁷⁶

687 626 808 663 Multa
827 626 958 663 desunt.

242 690 466 739 Nequaquam
487 689 574 725 istuc
592 689 676 726 istac
695 690 756 726 ibit
773 706 785 726 .·
814 704 941 740 magna
959 691 1044 727 inest
1062 690 1212 727 certatio.

235 743 329 779 Nam
346 753 382 778 ut
401 755 459 792 ego
478 743 546 779 illis
565 743 783 793 supplicarem
798 751 899 780 tanta
920 743 1204 795 blandiloquentia
1222 746 1244 779 ?

127 817 272 859 Niobe
297 831 499 872 parumne
529 817 767 858 ratiocinari
794 817 973 868 videtur,
995 826 1036 859 et
1058 818 1138 858 sibi
1157 817 1248 873 ipsa
1268 817 1469 858 nefariam
1491 808 1566 874 pess
1580 789 1652 841 26

71 919 73 921 ,
129 884 237 915 stem
255 873 514 914 machinari?
550 882 588 908 94
608 874 719 915 Illud
739 889 835 915 vero
858 889 984 929 quam
1007 874 1157 916 callida
1177 874 1338 916 ratione
1355 876 1368 915 ?
1580 872 1611 931 Ρζ
1632 868 1681 897 ⁷³·

1579 914 1597 934 a

239 971 275 996 9⁵
296 964 363 1013 Qui
382 963 455 1000 volt
474 976 552 1007 esse,
571 962 661 1014 quod
675 963 748 1000 volt
763 979 773 1008 3
803 964 854 1000 ita
873 962 935 1000 dat
953 977 986 1001 se
1003 977 1068 1008 res,
1083 973 1122 1000 ut
1140 975 1269 1015 operam
1288 963 1397 1003 dabit.
1582 948 1634 986 66

132 1049 221 1108 Qui
240 1058 304 1090 est
323 1062 463 1089 versus
486 1047 675 1089 omnium
701 1047 928 1088 seminator
947 1048 1157 1090 malorum
1175 1066 1184 1090 ε

237 1140 299 1176 Ille
317 1148 518 1176 transversa
539 1148 642 1176 mente
660 1138 741 1176 mihi
755 1137 849 1175 hodie
868 1137 1009 1175 tradidit
1029 1139 1195 1189 repagula
1212 1156 1224 1176 .-

247 1192 375 1242 Quibus
396 1206 453 1242 ego
472 1193 557 1228 iram
576 1206 699 1228 omnem
720 1191 902 1235 recludam,
922 1201 1023 1242 atque
1040 1193 1091 1229 illi
1104 1194 1280 1244 perniciem
1299 1193 1386 1231 dabo
1399 1210 1412 1231 .·

240 1246 335 1283 Mihi
355 1259 520 1290 maerorcs,
542 1246 591 1282 illi
609 1246 734 1282 luctum
749 1262 761 1282 .-
791 1246 929 1282 evitium
950 1246 1012 1289 illi,
1032 1247 1183 1283 exsilium
1206 1247 1296 1285 mihi.

133 1321 260 1362 Hanc
281 1319 472 1361 videlicet
501 1320 722 1370 rationem,
752 1334 878 1375 quam
911 1333 984 1360 vos
1014 1319 1154 1380 divipo
1181 1321 1388 1362 beneficio
1409 1321 1574 1363 homini

134 1377 274 1417 solum
295 1377 495 1418 tributam
521 1376 675 1427 dicitis,
703 1376 848 1417 bestiae
879 1390 962 1416 non
992 1375 1163 1418 habent.
1221 1378 1407 1420 Videsne
1428 1378 1573 1433 igitur,
1587 1379 1638 1425 67

135 1443 296 1489 quanto
325 1448 498 1474 munere
525 1433 701 1474 deorum
733 1433 864 1474 simus
893 1432 1059 1473 affecti?
1093 1442 1221 1490 atque
1249 1434 1395 1476 eadem
1419 1434 1578 1476 Medea

134 1498 313 1545 patrem,
334 1490 597 1545 patriamque
618 1490 785 1545 fugiens
804 1505 814 1530 ε

349 1588 577 1629 —postquam
589 1587 690 1630 pater

239 1632 512 1682 Appropinquat‚
522 1633 677 1682 jamque,
692 1644 792 1683 paene
810 1641 848 1669 ut
866 1633 1174 1684 comprehendatur,
1189 1642 1310 1686 parat,

243 1686 393 1722 Puerum
412 1687 536 1722 interea
555 1685 745 1730 obtruncat,
769 1686 979 1738 membraque
997 1688 1205 1724 articulatim
1225 1688 1366 1733 dividit,

242 1739 375 1789 Perque
393 1752 490 1788 agros
507 1739 633 1789 passim
651 1739 812 1789 dispergit
831 1751 943 1790 corpus
961 1757 972 1776 .·
1002 1741 1041 1777 id
1057 1755 1096 1777 ca
1111 1742 1245 1790 gratia,

250 1792 308 1835 Ut,
323 1791 404 1828 dum
425 1793 498 1828 nati
518 1792 694 1842 dissipatos
711 1802 807 1829 artus
826 1803 976 1844 captaret
988 1805 1129 1844 parens,

245 1846 326 1895 Ipsa
342 1846 466 1881 interea
486 1846 647 1895 effugeret
663 1862 674 1881 .·
705 1846 798 1882 illum
817 1856 856 1882 ut
871 1861 990 1884 maeror
1010 1847 1161 1884 tardaret
1180 1848 1271 1899 sequi
1287 1863 1297 1891 ;

250 1897 324 1935 Sibi
343 1898 486 1934 salutem
506 1908 544 1934 ut
551 1898 731 1945 familiari
746 1909 878 1951 pareret
892 1900 1086 1950 parricidia.

145 1984 260 2026 Huic
301 1991 350 2024 ut
388 1982 540 2034 scelus,
577 1983 636 2024 sic
676 1998 728 2024 ne
768 1983 875 2025 ratio
915 1984 1085 2040 quidem
1125 1985 1275 2027 defuit.
1334 1986 1478 2043 Quid?
1512 1986 1582 2029 ille
1595 1995 1646 2034 σε

141 2042 328 2082 funestas
348 2039 494 2094 epulas
527 2039 644 2080 fratri
669 2054 943 2096 comparans,‚
964 2056 1103 2083 nonne
1132 2052 1268 2084 versat
1297 2041 1381 2084 huc
1411 2052 1455 2084 et
1482 2044 1583 2086 illuc

142 2096 406 2153 cogitatione
426 2096 633 2137 rationem
651 2097 664 2137 ?

250 2188 371 2235 Major
391 2186 472 2223 mihi
490 2187 601 2230 moles,
623 2186 731 2233 majus
751 2187 951 2224 miscendum
970 2199 1018 2225 est
1038 2189 1177 2232 malum,

252 2242 334 2290 ‚Qui
350 2241 441 2277 illius
460 2239 614 2277 acerbum
633 2253 688 2276 cor
705 2240 920 2285 contundam,
938 2250 970 2278 et
989 2243 1212 2293 comprimam.

145 2318 240 2359 Nec
271 2324 412 2357 tamen
442 2314 513 2355 ille
547 2313 636 2378 ipse
670 2322 736 2355 est
768 2315 1098 2369 praetereundus,
1131 2316 1204 2372 qui
1237 2331 1322 2358 non
1352 2325 1416 2359 sat
1435 2302 1663 2360 habuit—⁶27

146 2373 376 2429 conjugem
397 2371 576 2412 illexisse
597 2385 639 2410 m
661 2380 881 2426 stuprum:
913 2372 966 2413 de
984 2388 1069 2428 quo
1087 2381 1214 2424 recte,
1232 2381 1275 2414 et
1294 2373 1505 2417 verissime
1521 2375 1586 2417 lo-

149 2431 292 2485 quitur
310 2430 468 2469 Atreus
487 2445 495 2468 :

262 2518 360 2568 Quod
376 2532 410 2554 re
426 2518 460 2554 in
475 2530 603 2554 summa
621 2530 786 2553 summum
806 2530 874 2554 esse
893 2517 1040 2556 arbitror

257 2572 440 2615 Paralum,
461 2582 581 2607 matres
600 2571 820 2621 coinquinari,
839 2572 952 2620 regias
968 2587 978 2614 ς

261 2624 493 2661 Contaminari
513 2625 644 2675 stirpem
662 2640 672 2666 3
702 2623 875 2662 admisceri
883 2637 1006 2674 genus.
1599 2636 1632 2668 b,

198 2740 235 2766 93
259 2740 292 2762 ut
303 2731 439 2773 fateare]
465 2732 596 2763 Consuli
620 2734 809 2765 hominibus
830 2743 849 2763 a
936 2742 974 2766 95
1000 2734 1059 2764 Qui
1081 2735 1151 2764 vult
1174 2747 1240 2772 esse,
1272 2737 1349 2777 quod
1367 2736 1449 2775 vult]
1474 2737 1587 2767 Addidi

153 2776 221 2806 Diis
239 2778 297 2806 &a
892 2786 970 2806 cum
986 2778 1114 2807 Davisio
1131 2789 1198 2817 esse,
1216 2780 1301 2818 quod
1322 2779 1375 2809 ille
1397 2780 1429 2809 in
1445 2779 1587 2819 pluribus

199 2827 238 2851 94
262 2818 343 2848 Illud
383 2829 453 2847 vero
491 2817 562 2857 Βία]
603 2819 774 2859 Sequentia
810 2819 849 2850 ad
894 2820 972 2851 Mss.
989 2821 1112 2859 reperit.

156 2862 305 2893 Medeam
321 2862 486 2901 pertinent.
