1768 3095
552 79 729 117 LIBER
758 68 1083 116 QUARTUS.
1472 61 1520 114 5⁵

89 187 144 228 ris
175 186 386 238 omnibus,
417 194 589 227 centum
620 184 883 226 Alexandros
913 182 1102 240 ejusdem
1132 182 1249 223 modi
1274 183 1407 224 facere
1437 200 1521 225 non

91 245 260 298 posset?
293 247 374 299 q'ua
403 242 532 297 igitur
563 243 734 283 notione
764 241 1051 282 discerneres?
1085 239 1201 296 Quid
1231 240 1265 280 si
1293 240 1389 280 73in
1408 241 1521 295 ejus·
1534 252 1585 289 36

88 299 304 341 demmodi
323 313 415 340 cera
436 307 606 339 centum
623 298 761 354 sigilla
782 299 862 338 hoc
879 297 1034 338 annulo
1065 297 1342 351 impressero?
1376 310 1520 351 ecquae

89 357 242 411 poterit
262 357 302 397 in
324 355 591 410 agnoscendo
612 369 702 396 esse
721 354 935 395 distinctio
956 355 969 394 ?
1002 368 1053 394 an
1074 353 1150 394 tibi
1169 352 1248 393 erit
1269 353 1519 408 quaerendus

89 413 324 454 annularius
358 412 501 467 aliqui,
535 412 733 467 quoniam
770 410 1038 467 gallinarium
1074 410 1263 450 invenisti
1292 408 1518 450 Deliacum

87 468 220 519 illum,
242 475 280 504 74
298 468 369 524 qui
389 483 465 509 ova
485 469 762 524 agnosceret?
796 467 879 508 Sed
909 466 1084 508 adhibes
1115 475 1247 507 artem
1272 465 1517 507 advocatam
1532 472 1598 525 ⁶27

86 525 210 566 etiam
233 524 436 565 sensibus.
468 525 606 580 pictor
633 524 759 575 videt,
787 540 881 580 quae
915 539 990 564 nos
1022 537 1105 564 non
1136 522 1353 563 videmus:
1384 531 1441 573 et,
1462 522 1518 563 si-

86 582 173 622 mul
189 581 344 622 inflavit
363 581 534 632 tibicen,
554 596 579 622 a
599 582 734 637 perito
754 595 922 622 carmen
942 580 1203 636 agnoscitur.
1261 578 1404 621 Quid?
1436 579 1519 620 hoc

85 651 221 677 nonne
250 637 413 679 videtur
439 647 586 679 contra
613 647 654 679 te
682 638 830 689 valere,
859 637 893 678 si
926 637 1013 677 sine
1040 635 1206 691 magnis
1236 636 1436 687 artificiis,
1466 636 1520 676 ad

83 707 175 748 quae
207 694 329 749 pauci
360 694 581 745 accedunt,
612 694 744 736 nostri
772 693 941 750 quidem
971 693 1152 749 generis,
1171 692 1419 743 admodum,
1442 706 1519 733 nec

81 749 231 800 videre,
262 765 337 791 nec
372 751 516 792 audire
544 753 798 806 possumus?
831 751 927 792 Jam
963 750 1087 799 75illa
1118 750 1332 804 praeclara,
1360 758 1519 805 quanto

80 806 255 849 artificio
279 816 389 848 esset
420 822 563 849 sensus
595 817 777 859 nostros,
795 816 1081 863 mentemque,
1101 815 1142 847 et
1170 816 1303 847 totam
1327 814 1519 846 constru-

79 863 261 904 ctionem
294 864 476 905 hominis
507 864 709 906 fabricata
741 867 902 914 natura,
923 878 998 905 cur
1026 878 1109 904 non
1130 864 1401 904 extimescam
1424 863 1517 918 opi-

80 919 206 961 nandi
235 921 547 962 temeritatem?
580 922 775 962 Etiamne
808 921 890 961 hoc
921 921 1126 961 affirmare
1159 928 1295 975 potes,
1322 920 1517 970 Luculle,
1530 929 1579 969 87

79 990 168 1017 esse
199 976 379 1033 aliquam
413 977 511 1029 vim,
546 992 643 1018 cum
676 977 899 1034 prudentia
930 986 972 1018 et
1002 976 1180 1018 consilio
1211 977 1384 1024 scilicet,
1422 991 1517 1031 quae

81 1033 257 1084 finxerit,
278 1034 356 1085 vel,
376 1043 424 1075 ut
443 1043 518 1075 tuo
540 1035 667 1076 verbo
696 1044 804 1084 utar,
825 1049 919 1090 quae
948 1034 1151 1075 fabricata
1183 1033 1236 1074 sit
1261 1033 1478 1073 hominem
1496 1034 1509 1073 ?

77 1089 212 1144 qualis
240 1091 322 1132 ista
353 1090 512 1132 fabrica
546 1093 638 1132 est?
673 1092 745 1132 ubi
775 1091 995 1132 adbibita?
1040 1090 1240 1145 quando?
1282 1091 1390 1130 cur?
1431 1104 1517 1145 quo

79 1146 210 1187 modo
229 1148 242 1187 ?
275 1155 508 1189 tractantur
531 1148 610 1189 ista
630 1148 847 1203 ingeniose
867 1165 875 1189 :
908 1147 1178 1202 disputantur
1196 1147 1330 1191 etiam.
1346 1146 1518 1201 elegan-

77 1211 154 1243 ter.
186 1203 366 1259 denique
396 1204 614 1245 videantur
643 1219 755 1255 sane,
777 1219 829 1245 ne
862 1204 1121 1245 affirmentur
1147 1203 1293 1248 modo.
1353 1203 1436 1244 Sed
1463 1203 1516 1243 de

77 1258 261 1315 physicis
283 1275 397 1310 mox,
415 1268 458 1300 et
476 1261 647 1316 quidem
668 1262 723 1301 ob
745 1275 837 1301 eam
860 1275 1046 1310 causam,
1067 1274 1119 1300 ne
1140 1268 1201 1310 tu,
1217 1261 1289 1316 qui
1309 1259 1421 1302 idem
1444 1274 1513 1301 me

75 1315 285 1356 facturum
308 1316 451 1371 paullo
471 1326 568 1358 ante
586 1317 751 1367 dixeris,
771 1317 934 1364 vjdeare
964 1317 1180 1357 mentitus.
1212 1316 1284 1357 sed
1305 1325 1353 1356 ut
1373 1316 1427 1356 ad
1447 1331 1510 1367 ea,
1523 1336 1552 1365 p.
1567 1334 1619 1359 22.

75 1385 169 1425 quae
196 1372 372 1413 clariora
399 1382 510 1422 sunt,
541 1374 729 1414 veniam:
767 1387 830 1414 res
857 1374 948 1429 jam
981 1372 1191 1414 universas
1225 1372 1478 1428 profundam
1497 1380 1550 1422 3³·

74 1427 126 1467 de
157 1428 311 1483 quibus
343 1429 555 1470 volumina
586 1429 761 1484 impleta
789 1438 886 1470 sunt
918 1445 1001 1470 non
1027 1444 1050 1469 a
1076 1429 1228 1470 nostris
1259 1429 1414 1479 solum,
1436 1430 1510 1470 sed

73 1483 197 1524 etiam
233 1499 257 1525 a
290 1484 548 1542 Chrysippo.
581 1486 634 1527 de
665 1501 750 1541 quo
780 1486 896 1541 queri
929 1486 1066 1526 solent
1098 1485 1257 1526 Stoici:
1289 1485 1392 1526 dum
1421 1495 1510 1527 stu-

73 1539 190 1581 diose
222 1542 364 1582 omnia
394 1542 669 1597 'conquisierit
702 1552 851 1583 contra
884 1557 1042 1593 sensus,
1073 1550 1115 1582 et
1152 1542 1511 1597 perspicuitatem,

72 1606 300 1653 contraque
319 1613 489 1639 omnem
512 1599 877 1650 consuetudinem,
898 1608 1127 1654 contraque
1148 1599 1369 1649 rationem,
1392 1606 1430 1635 76
1447 1599 1511 1654 ip-

72 1667 164 1694 sum
186 1654 266 1695 sibi
285 1656 626 1711 respondentem,
648 1656 886 1697 inferiorem
916 1656 1075 1696 fuisse:
1106 1656 1248 1712 itaque
1277 1656 1332 1696 ab
1363 1670 1413 1696 eo
1443 1670 1510 1696 ar-

71 1720 233 1751 matum
264 1725 354 1753 esse
386 1711 664 1753 Carneadem.
724 1714 786 1753 Ea
815 1722 914 1753 sunt
942 1712 1169 1768 ejusmodi,
1191 1727 1285 1767 quae
1306 1727 1330 1752 a
1350 1722 1390 1753 te
1411 1712 1505 1753 dili-
1521 1715 1569 1747 83

69 1768 317 1820 gentissime
348 1777 526 1809 tractata
556 1779 666 1809 sunt.
698 1768 1015 1820 dormientium,
1044 1779 1087 1810 et
1115 1769 1440 1819 vinolentorum,
1465 1777 1508 1809 et

70 1823 322 1865 furiosorum
346 1825 429 1865 visa
448 1825 723 1866 imbecilliora
752 1840 843 1866 esse
873 1826 1058 1876 dicebas,
1079 1840 1205 1881 quam
1228 1826 1506 1881 vigilantium,

69 1879 293 1931 siccorum,
315 1896 525 1922 sanorum.
557 1897 642 1936 quo
669 1883 826 1923 modo?
859 1883 957 1937 quia
985 1897 1083 1923 cum
1108 1893 1376 1936 experrectus
1396 1894 1507 1924 esset

69 1935 245 1986 Ennius,
280 1952 362 1983 non
390 1937 546 1978 diceret
577 1952 619 1978 se
652 1939 800 1979 vidisse
834 1940 1091 1989 Homerum,
1119 1938 1193 1979 sed
1222 1939 1355 1980 visum
1385 1953 1502 1980 esse:

65 1991 260 2033 Alcmaeo
279 2003 437 2044 autem,

176 2072 245 2109 Sed
263 2073 341 2109 mihi
361 2076 553 2125 neutiquam
570 2088 624 2110 cor
642 2076 810 2113 consentit.

66 2145 228 2187 Similia
247 2146 300 2187 de
319 2148 552 2189 vinolentis.
612 2149 747 2191 Quasi
778 2149 999 2205 quisquam
1030 2157 1171 2204 neget,
1192 2158 1235 2191 et
1262 2149 1334 2205 qui
1358 2163 1503 2205 exper-

65 2212 204 2243 rectus
237 2204 302 2254 sit,
337 2219 433 2245 eum
469 2205 657 2256 soxnnia3
689 2214 745 2255 et,
776 2205 897 2261 cujus
928 2207 1044 2247 furor
1075 2205 1327 2257 consederit,
1355 2215 1502 2260 putare

66 2273 150 2299 non
169 2260 296 2301 fuisse
315 2275 363 2302 ea
384 2276 492 2312 vera,
511 2277 605 2318 quae
625 2271 763 2303 essent
793 2262 871 2303 sibi
901 2262 986 2303 visa
1014 2262 1055 2306 in
1086 2262 1242 2303 furore.
1302 2261 1385 2303 Sed
1415 2276 1500 2303 non

63 2314 106 2356 id
138 2317 307 2371 agitur:
339 2324 376 2354 77
396 2327 501 2368 tum,
534 2333 632 2359 cum
663 2318 870 2368 videntur,
904 2333 988 2375 quo
1025 2318 1155 2359 modo
1187 2317 1419 2369 videantur,
1455 2317 1500 2360 id

105 2434 143 2463 78
162 2428 192 2457 in
207 2428 403 2468 ‹jusdemmodi
418 2428 497 2470 cera]
517 2432 567 2461 Sic
586 2438 669 2461 recte
693 2431 756 2461 Da·
799 2433 931 2461 haerent.
947 2432 1000 2462 illa
1015 2438 1091 2462 sunt
1107 2431 1253 2471 praeelara
1270 2422 1364 2468 ad'id,
1381 2438 1418 2461 ut
1433 2430 1501 2462 nonv

54 2471 158 2501 -visius
169 2481 245 2502 cum
263 2473 419 2503 Lambino
434 2474 529 2504 dedit.
799 2476 1020 2512 extimescam,
1038 2482 1162 2514 propter
1177 2484 1249 2513 quae
1266 2483 1330 2504 non
1348 2476 1498 2506 extimes-

105 2520 144 2548 74
161 2515 212 2555 qui
235 2526 292 2544 ova
312 2516 495 2556 cognosceret]
526 2517 603 2547 Mss.
626 2517 755 2556 quidam
799 2527 870 2547 eam
888 2519 946 2548 &m
992 2518 1029 2548 In
1045 2518 1181 2557 vulgatis
1197 2518 1306 2547 vitiose
1327 2525 1395 2557 post
1411 2525 1496 2547 natu-

60 2564 228 2596 agnoseeret.
247 2559 275 2588 id
300 2560 411 2599 recepi.
455 2560 601 2590 Davisius
621 2561 757 2599 conjecit
800 2571 833 2589 ra
849 2568 1009 2600 punctum
1023 2562 1177 2600 scripturn
1192 2567 1248 2590 est.

59 2599 243 2638 dignosceret.
258 2602 311 2631 sed
327 2603 421 2632 verbo
436 2603 603 2642 agnoscendi
615 2613 707 2642 supra
721 2604 753 2632 in
841 2609 881 2639 76
906 2604 997 2643 ipsum
1021 2604 1076 2632 sibi
1099 2603 1306 2643 respondentem
1330 2602 1493 2642 irfiriorem

61 2641 188 2672 Musieo
203 2654 279 2674 usus
294 2650 340 2674 est
355 2652 385 2675 et
400 2652 480 2676 mox'
500 2646 620 2683 Cicero,
637 2647 669 2675 in
688 2646 753 2685 gal·
786 2645 899 2686 fuisse]
919 2648 938 2677 i.
956 2656 983 2677 e.
1007 2656 1056 2683 ea,
1080 2657 1153 2685 quae
1176 2653 1285 2676 contra
1306 2655 1415 2676 sensus
1434 2648 1492 2675 ἃς.

59 2683 170 2715 linario
200 2686 413 2720 internoscendi.
438 2696 599 2729 agnosceret
621 2698 664 2719 sc.
696 2699 752 2719 cu·
796 2689 945 2727 attulerit,
964 2700 1028 2720 non
1045 2684 1116 2720 satis
1133 2691 1293 2726 refutasse,
1307 2696 1400 2728 atque
1417 2690 1492 2719 adeo

56 2727 174 2769 jusque
191 2730 327 2767 gallinae.
796 2741 814 2761 a
828 2733 997 2773 semetipso
1014 2734 1134 2762 victum
1152 2741 1228 2762 esse.

103 2775 141 2803 75
159 2770 212 2799 illa
224 2772 480 2810 praeclara‚-cur
494 2785 546 2804 non
570 2774 751 2804 extimescam
840 2781 877 2810 77
897 2782 969 2811 tum,
994 2786 1057 2805 cum
1079 2776 1249 2811 videantur,
1270 2784 1323 2815 quo
1346 2774 1423 2803 modo
1444 2772 1494 2802 vi»

57 2823 82 2841 o.
99 2811 138 2852 t.]
157 2813 281 2846 Ultima
302 2825 379 2846 cum
402 2816 455 2846 illa
471 2816 620 2857 praeclara
640 2818 684 2850 sic
699 2827 754 2849 co·
795 2817 915 2860 dentur]
932 2819 1060 2849 Haesere
1076 2820 1106 2848 in
1124 2820 1186 2848 hoc
1207 2819 1263 2847 viri
1287 2818 1381 2852 doctiy
1400 2823 1491 2846 recte,

797 2872 873 2911 24
