1778 3095
555 136 745 174 LIBER
783 137 1023 176 PRIMUS.
1429 146 1504 187 557

83 243 219 300 gravis
238 252 280 286 et
301 243 495 300 pestilens
514 244 655 284 futura
674 244 752 284 sit:
785 243 847 283 sin
872 244 1044 286 illustris
1069 253 1113 286 et
1142 242 1356 300 perlucida
1386 247 1508 288 stella

84 301 337 355 apparuerit,
358 299 594 356 significari,
615 300 770 340 coelum
802 313 891 339 esse
923 308 1046 342 tenue
1073 314 1324 357 purumque,
1345 310 1387 342 et
1407 317 1505 357 pro-

83 366 228 410 pterea
257 357 434 398 salubre.
488 355 763 397 Democritus
792 365 934 396 autem
964 367 1119 407 censet,
1151 356 1358 411 sapienter
1387 358 1504 399 insti-
1521 369 1589 402 131

84 412 215 453 tuisse
235 423 405 462 vetereS‚
424 421 471 453 ut
493 411 724 453 hostiarum
745 411 1056 453 immolatarum
1076 413 1379 468 inspicerentur
1398 423 1506 466 exta,

85 481 266 522 quorum
298 484 347 510 ex
374 468 521 508 habitu
546 476 670 523 atque
691 482 742 508 ex
760 468 905 508 colore
922 477 1012 508 tum
1035 469 1302 521 salubritatis,
1324 479 1415 510 tum
1434 485 1507 525 pe-

85 524 278 566 stilentiae
301 526 420 580 signa
437 524 593 580 percipi
611 541 621 575 3
656 538 973 580 nonnumquam
993 525 1133 575 etiam,
1156 540 1248 580 quae
1269 526 1322 566 sit
1341 526 1403 566 vel
1423 535 1507 567 ste-

85 579 216 621 rilitas
246 595 458 636 agrorum,
488 581 552 621 vel
582 581 771 622 fertilitas
801 581 955 621 futura.
992 595 1085 635 quae
1116 582 1150 622 si
1179 595 1203 621 a
1232 590 1381 622 natura
1408 597 1507 637 pro-

84 635 209 688 fecta,
240 637 470 678 observatio
504 646 630 693 atque
664 652 764 678 usus
800 637 971 692 agnovit
989 653 1000 687 3
1035 638 1170 678 multa
1200 638 1344 678 afferre
1372 640 1510 692 potuit

85 691 189 742 dies,
221 708 312 748 quae
346 693 711 734 animadvertendo
744 701 1012 734 notarentur:
1054 704 1101 735 ut
1133 693 1203 734 ille
1237 694 1507 746 Pacuvianus,

86 748 160 802 qui
190 748 233 788 in
267 749 429 805 Chryse
459 750 659 806 physicus
688 749 914 799 inducitur,
944 750 1117 791 minime
1147 758 1339 791 naturam
1369 765 1508 792 rerum

84 817 290 858 cognosse
310 805 510 847 videatur.

193 885 287 922 Nam
306 886 392 930 istis,
413 887 470 936 qui
488 886 638 935 linguam
659 887 778 923 avium
796 886 999 936 intelligunt,

192 939 342 989 Plusque
359 953 400 975 ex
419 940 524 975 alieno
534 940 643 986 jecore
660 940 808 989 sapiunt,
829 953 928 989 quam
948 953 989 976 ex
1006 953 1075 982 suo,

193 996 233 1021 66
252 993 373 1041 Magis
391 992 606 1036 audiendum,
626 1006 727 1043 quam
746 992 1006 1029 auscultandum
1023 1006 1141 1030 censeo.

90 1062 179 1161 Qui·
206 1065 375 1161 qulaeso?
408 1079 505 1106 cum
527 1065 629 1121 ipse,
650 1066 792 1122 paucis
814 1065 1070 1121 interpositis
1090 1065 1290 1117 versibus,
1312 1065 1424 1108 dicas
1445 1082 1511 1108 sa-

87 1129 139 1161 tis
177 1134 258 1161 ucu
275 1130 395 1162 ente:

199 1189 375 1240 Quidquid
390 1198 437 1227 est
456 1189 526 1234 hoc,
544 1191 652 1227 omnia
671 1191 816 1236 animat,
824 1192 973 1240 format,
994 1192 1069 1234 alit,
1090 1200 1206 1241 auget,
1223 1201 1326 1236 creat,

191 1243 325 1293 Sepelit,
344 1244 520 1294 recipitque
539 1244 573 1280 iu
590 1257 656 1280 sese
673 1245 781 1280 omnia
798 1261 810 1280 .·
837 1245 1043 1295 omniumque
1060 1244 1143 1281 idem
1162 1254 1210 1282 est
1222 1255 1324 1295 pater
1338 1262 1350 1281 .-

194 1295 406 1347 Indidemque
423 1296 548 1341 eadem,
568 1311 644 1348 quae
662 1298 815 1334 oriuntur
834 1298 873 1334 de
891 1299 1029 1348 integro,
1049 1308 1149 1349 atque
1166 1298 1271 1335 eodem
1289 1298 1452 1337 occidunt.

87 1368 204 1424 Quid
239 1377 302 1409 est
332 1369 475 1425 igitur,
508 1384 596 1420 cur,
633 1384 731 1411 cum
763 1370 914 1411 domus
950 1371 1003 1411 sit
1033 1371 1222 1411 omnium
1253 1386 1350 1422 una,
1380 1387 1512 1428 eaque

87 1426 340 1477 communis,
371 1440 552 1482 cumque
580 1427 707 1467 animi
738 1427 956 1468 hominum
987 1441 1150 1482 semper
1175 1428 1341 1478 fuerint,
1359 1429 1512 1470 futuri-

87 1496 171 1537 que
201 1482 295 1533 sint,
317 1497 390 1523 cur
419 1483 462 1532 ii,
490 1482 591 1538 quid
620 1497 670 1523 ex
699 1498 866 1539 quoque
895 1484 1068 1534 eveniat,
1098 1491 1140 1524 et
1169 1484 1270 1539 quid
1301 1500 1511 1541 quamque
1523 1501 1554 1531 p.
1574 1499 1642 1525 10⁸.

86 1552 175 1578 rem
206 1539 425 1594 significet,
454 1540 688 1594 perspicere
716 1554 799 1580 non
826 1541 1014 1595 possint?
1049 1542 1156 1581 Haec
1186 1541 1331 1592 habui,
1362 1542 1552 1598 inquit,²²·

85 1595 139 1637 de
158 1596 409 1637 divinatione
426 1611 519 1651 quae
540 1596 735 1637 dicerem.

143 1654 270 1694 Nunc
290 1652 361 1693 illa
382 1653 580 1702 testabor,
600 1667 684 1692 non
705 1666 773 1692 me
793 1653 1027 1708 sortilegos,
1044 1668 1181 1710 neque
1197 1668 1284 1704 eOS,
1302 1654 1373 1709 qui
1394 1670 1510 1710 quae-
1527 1658 1599 1689 132

88 1717 177 1751 stus
198 1724 323 1751 causa
343 1709 613 1758 hariolentur‚
631 1723 683 1749 ne
702 1709 1026 1765 psychomantia
1044 1711 1230 1766 quidem,
1250 1711 1401 1766 quibus
1421 1713 1512 1766 Ap-

88 1766 182 1821 pius
201 1767 360 1807 amicus
380 1775 476 1807 tuus
494 1765 557 1806 uti
575 1765 753 1816 solebat,
773 1779 1017 1821 agnoscere.

198 1847 275 1882 Non
295 1844 394 1882 habeo
411 1845 550 1896 denique
567 1847 666 1882 nauci
685 1847 846 1882 Marsum
864 1860 1039 1896 augurem,

197 1900 276 1936 Non
293 1899 431 1936 vicanos
451 1898 651 1949 haruspices,
669 1913 731 1935 nou
747 1899 787 1935 de
805 1900 887 1935 circo
905 1901 1097 1950 astrologos,

198 1953 276 1989 Non
294 1953 414 1989 Isiacos
434 1953 633 1998 conjectores,
646 1966 709 1988 non
727 1953 915 2003 interpretes
933 1955 1106 1991 somnium.

197 2007 275 2042 Non
293 2006 376 2042 enim
397 2015 474 2041 sunt
492 2007 515 2041 z'z'
535 2015 595 2042 aut
611 2006 760 2048 scientia,
780 2015 842 2042 aut
859 2016 933 2043 arte
951 2007 1074 2051 divini,

199 2059 270 2096 Sed
283 2060 495 2109 superstitiosi
514 2068 627 2102 vates,
648 2059 911 2110 impudentesque
928 2060 1058 2097 harioli.

196 2114 272 2149 Aut
287 2113 418 2156 inertes,
437 2119 499 2148 aut
516 2113 639 2156 insani,
661 2122 720 2148 aut
740 2113 860 2163 quibus
878 2124 1005 2162 egestas
1024 2115 1163 2164 imperat
1178 2130 1188 2149 .·

202 2166 270 2215 Qui
287 2164 350 2202 sibi
369 2165 520 2202 semitam
537 2179 599 2202 uon
618 2167 766 2216 sapiunt,
787 2166 885 2203 alteri
905 2177 1090 2204 monstrant
1109 2168 1203 2204 viam
1220 2184 1232 2204 .-

203 2218 334 2268 Quibus
354 2218 495 2256 divitias
508 2219 714 2269 pollicentur,
731 2219 776 2256 ab
795 2221 835 2256 iis
854 2219 1047 2256 drachmam
1068 2222 1129 2271 ipsi
1139 2230 1271 2272 petunt.

202 2272 255 2309 De
272 2272 323 2309 his
340 2272 472 2309 divitiis
491 2272 554 2308 sibi
572 2272 736 2309 deducant
753 2272 961 2320 drachmam,
983 2273 1124 2311 reddant
1142 2283 1261 2312 cetera.

92 2347 236 2403 Atque
268 2345 360 2387 haec
392 2346 562 2402 quidem
594 2346 767 2396 Ennius,
801 2347 871 2402 qui
905 2348 1047 2402 paucis
1082 2357 1178 2389 ante
1214 2349 1397 2390 versibus
1427 2364 1516 2393 esse

92 2402 193 2445 deos
221 2412 377 2454 censet,
397 2403 470 2443 sed
498 2417 570 2443 eos
595 2417 679 2443 non
707 2418 852 2443 curare
879 2404 1088 2459 opinatur,
1109 2405 1209 2460 quid
1238 2415 1338 2462 agat
1367 2406 1518 2449 huma—

93 2473 195 2500 num
216 2474 364 2515 genus.
420 2460 517 2514 Ego
546 2470 702 2510 autem,
721 2459 792 2515 qui
821 2468 865 2500 et
888 2475 1031 2501 curare
1058 2461 1250 2512 arbitror,
1276 2471 1319 2504 et
1346 2478 1517 2505 monere

92 2516 235 2566 etiam,
256 2530 304 2556 ac
325 2515 458 2556 multa
484 2515 722 2571 praedicere,
744 2516 924 2567 levitate,
944 2517 1139 2568 vanitate,
1159 2519 1319 2560 malitia
1336 2520 1517 2572 exclusa,

91 2571 388 2613 divinationem
409 2573 558 2627 probo.
619 2573 729 2614 Quae
751 2587 848 2613 cum
867 2573 1037 2615 dixisset
1058 2575 1258 2631 Quintus.
1318 2576 1518 2618 Praeclare

93 2636 141 2670 tu
162 2627 347 2684 quidem,
366 2628 550 2684 inquam,
571 2637 753 2684 paratus·

539 2705 698 2746 Desunt
714 2717 848 2761 pauca
867 2706 1072 2762 quaedam.

135 2812 176 2838 66
210 2806 312 2847 Magis
342 2805 511 2836 audiendum
547 2817 633 2847 quam
663 2807 787 2838 auscult.
830 2808 999 2845 audiendo,
1012 2819 1128 2849 nempe
1142 2811 1285 2840 studium
1295 2816 1325 2839 et
1336 2812 1453 2850 cupido
1466 2820 1522 2840 au-

94 2848 201 2891 tenm]
219 2850 292 2882 Plus
307 2857 353 2880 est
369 2851 401 2879 in
417 2848 624 2880 auscultando
640 2859 739 2890 quarn
756 2852 788 2881 in
831 2851 935 2887 diendi
951 2858 981 2886 et
997 2853 1159 2889 inclinatio
1175 2853 1213 2882 ad
1228 2853 1419 2884 credendum
1439 2855 1494 2883 &c
