1778 3095
212 149 293 190 406

600 151 676 189 DE
705 151 960 200 NATURA
989 152 1256 192 DEORUM

210 263 358 308 tatem,
379 259 450 314 qui
471 259 740 313 animantem,
760 261 1058 314 immortalem,
1078 271 1121 304 et
1149 261 1331 304 eundem
1362 260 1548 314 beatum,
1569 278 1641 306 roe

211 314 390 355 tundum
411 329 501 357 esse
519 318 660 368 velint,
683 318 798 373 quod
816 333 865 360 ea
886 319 1022 360 f'orma
1046 319 1177 361 ullam
1199 327 1324 374 neget
1345 332 1435 360 esse
1455 320 1639 375 pulcrio-

208 384 298 410 rem
322 371 452 413 Plato.

513 373 575 415 At
605 374 709 415 mihi
740 376 803 416 vel
832 376 1024 431 cylindri,
1044 376 1108 418 vel
1137 375 1341 432 quadrati,
1363 375 1426 415 vel
1445 375 1557 427 coni,
1576 376 1642 420 vel

208 428 439 482 pyramidis
468 429 630 472 videtur
657 445 747 472 esse
777 432 1014 472 formosior.

1075 433 1185 474 Quae
1215 446 1312 473 vero
1342 430 1540 473 tribuitur
1557 432 1642 473 vita

208 483 279 524 isti
299 485 479 526 rotundo
500 486 608 527 deo?
642 502 791 542 nempe
823 496 871 528 ut
898 502 947 528 ea
974 487 1187 530 celeritate
1208 496 1550 543 contorqueatur,
1572 488 1641 529 cui

209 554 285 595 par
306 541 420 581 nulla
440 556 491 582 ne
512 543 691 598 cogitari
712 543 881 599 quidem
902 544 1051 598 possit.

1110 546 1158 584 In
1180 559 1262 600 qua
1284 559 1367 585 non
1389 543 1522 595 video,
1544 543 1640 584 ubi-

210 610 307 636 nam
338 612 456 639 mens
486 608 696 649 constans,
717 608 757 641 et
789 599 872 639 vita
898 600 1021 641 beata
1049 601 1182 654 possit
1207 601 1408 642 insistere.
1440 600 1641 656 quodque

211 652 252 692 in
274 662 417 695 nostro
438 669 613 709 corpore
641 656 675 695 si
705 654 878 695 minima
905 669 955 696 ex
981 664 1098 711 parte
1119 657 1390 711 significetur,
1411 658 1639 699 molestum

123 727 153 756 p.
172 709 295 751 7-sit:
337 724 411 751 cur
445 711 526 751 hoc
562 711 672 752 idem
710 726 793 753 non
824 711 1027 753 habeatur
1057 712 1281 753 molestum
1312 713 1355 754 in
1384 713 1642 760 deols-'terra

169 766 319 806 ³³·enim
344 767 547 821 profecto,
569 767 766 822 quoniam
789 781 882 821 pars
906 768 1054 808 mundi
1082 777 1160 817 est,
1179 783 1273 823 pars
1303 778 1367 811 est
1398 770 1524 811 etiam
1556 769 1639 810 dei.

207 822 343 878 Atqui
375 831 495 863 terrae
523 823 725 864 maximas
755 823 961 878 regiones,
983 824 1289 874 inhabitabiles,
1309 834 1436 881 atque
1460 825 1640 866 incultas

206 878 409 928 videmus,
432 878 546 934 quod
568 893 661 934 pars
681 894 824 920 earum
845 880 1025 936 appulsu
1052 880 1151 921 solis
1180 881 1390 932 exarserit,
1411 896 1505 937 pars
1524 882 1640 924 obri-

205 934 347 989 guerit
381 934 485 984 nive,
523 936 769 991 pruinaque,
801 936 1036 993 longinquo
1073 937 1171 978 solis
1207 938 1420 978 abscessu.
1461 953 1569 993 quae,
1603 938 1638 979 si

205 991 390 1031 mundus
418 1000 482 1032 est
510 992 626 1042 deus,
649 993 848 1048 quoniam
877 1003 1015 1048 partes
1045 993 1193 1034 mundi
1222 1002 1333 1044 sunt,
1353 993 1421 1035 dei
1449 995 1640 1036 membra

206 1047 355 1101 partim
379 1047 579 1099 ardentia,
601 1048 755 1104 partim
776 1050 1019 1105 refrigerata
1040 1058 1079 1082 38
1094 1049 1271 1090 dicenda
1291 1059 1402 1092 sunt.

143 1110 192 1141 ’75

263 1103 408 1159 Atque
436 1104 527 1145 haec
558 1105 729 1161 quidem
760 1115 908 1157 vestra,
923 1107 1081 1147 Lucili.
1112 1113 1152 1140 39
1170 1106 1310 1162 qualia
1337 1120 1435 1148 vero
1466 1106 1562 1157 sint,
1584 1105 1639 1154 ab

205 1158 358 1201 ultimo
379 1171 567 1215 repetam
589 1162 867 1216 superiorum.
926 1162 1079 1204 Thales
1098 1163 1209 1203 enim
1230 1162 1440 1212 Milesius,
1461 1163 1533 1219 qui
1551 1163 1638 1218 pri-'

205 1229 300 1257 mus
332 1216 384 1257 de
412 1218 565 1258 talibus
593 1220 717 1259 rebus
748 1218 953 1274 quaesivit,
973 1234 1127 1274 aquam
1148 1219 1251 1259 dixit
1271 1233 1362 1260 esse
1383 1219 1549 1260 initium
1569 1216 1638 1260 're-

205 1287 314 1322 rum,
337 1273 460 1315 deum
483 1284 638 1325 autem,
661 1289 754 1315 eam
774 1283 975 1326 mentem,
997 1284 1037 1308 40
1054 1290 1147 1330 quae
1175 1290 1226 1316 ex
1252 1290 1362 1331 aqua
1386 1284 1539 1316 cuncta
1559 1275 1637 1316 fin-

203 1337 338 1383 geret.

399 1338 435 1361 41
454 1330 498 1370 Si
518 1329 576 1370 dii
596 1340 773 1385 possunt
793 1345 884 1371 esse
903 1340 942 1366 42
961 1331 1048 1372 sine
1066 1346 1190 1372 sensu
1209 1339 1253 1372 et
1272 1340 1409 1383 motu,
1426 1346 1502 1373 cur
1516 1346 1638 1387 aquae

203 1385 409 1440 adjunxit,
432 1386 465 1427 si
485 1386 576 1441 ipsa
594 1402 713 1428 mens
733 1396 924 1429 constare
947 1397 1089 1443 potest
1109 1402 1257 1428 vacans
1283 1390 1485 1444 corpore?
1518 1388 1638 1429 Ana-

201 1440 411 1483 ximandri
430 1451 573 1484 autem
593 1443 736 1499 opinio
759 1452 837 1495 est,
858 1444 1019 1486 nativos
1040 1459 1129 1485 esse
1152 1445 1269 1494 deos,
1284 1445 1424 1500 longis
1442 1444 1638 1485 interval-

202 1497 254 1538 lis
275 1499 472 1548 orientes,
494 1499 833 1557 occidentesque,
855 1515 1012 1557 eosque
1044 1501 1367 1542 innumerabiles
1393 1515 1484 1544 esse
1511 1516 1637 1542 mun-

206 1553 297 1595 dos.
358 1555 441 1597 Sed
473 1571 548 1596 nos
579 1556 721 1608 deum,
744 1557 823 1598 nisi
851 1558 1168 1613 sempiternum,
1189 1558 1424 1613 intelligere
1445 1560 1516 1613 qui
1536 1572 1636 1613 pos-5

143 1616 195 1658 26
207 1624 351 1653 sumus
369 1613 382 1653 ?
417 1613 518 1654 Post
537 1613 835 1665 Anaximenes,
851 1619 948 1656 aera
967 1614 1093 1656 deum
1115 1614 1275 1665 statuit,
1297 1628 1481 1670 eumque
1499 1614 1637 1670 gigni,

246 1767 285 1791 38
301 1760 419 1790 dicenda
434 1760 511 1800 sunt]
530 1762 593 1793 MS.
608 1762 640 1792 in
656 1763 704 1793 ed.
722 1764 756 1793 L.
771 1762 898 1792 ducenda

201 1811 277 1833 stitit.

246 1853 286 1879 39
309 1846 409 1888 qualia
431 1857 501 1876 vero
524 1844 596 1886 sint]
616 1848 687 1878 Hoc
702 1859 766 1878 non
783 1858 897 1878 conve·

202 1889 250 1923 nit
265 1899 374 1919 sensu:
393 1899 469 1919 nam
487 1891 517 1919 in
534 1900 622 1928 seqq.
640 1901 704 1921 non
720 1892 896 1928 dijudican-

202 1934 254 1962 t'ur
268 1934 438 1972 superiora,
455 1934 507 1963 sed
523 1932 658 1963 aliorum
674 1935 837 1964 sententiae
853 1935 898 1963 af-

202 1976 359 2012 feruntur,
376 1977 460 2006 unde
484 1985 547 2005 non
573 1977 656 2005 male
680 1987 696 2006 e
720 1977 805 2006 libris
828 1977 898 2015 qui-

201 2018 337 2048 busdam
367 2019 489 2058 scriptis
522 2019 670 2049 Davisius
700 2021 798 2056 dedit,
829 2030 898 2058 pro-

199 2061 296 2090 bante
312 2067 342 2091 et
356 2068 507 2101 sequente
523 2062 660 2091 Buherio
675 2075 680 2091 ι
706 2062 807 2103 qualia
829 2073 899 2091 vero

201 2103 263 2132 alia
280 2103 336 2132 sint
349 2116 359 2133 .·
384 2111 419 2134 ut
435 2111 464 2134 et
481 2104 543 2133 Ms.
561 2105 591 2134 in
610 2114 708 2144 marg.
725 2107 774 2137 ed.
791 2106 824 2135 L.
841 2107 898 2136 ha-

201 2147 267 2183 bet,
296 2157 352 2186 pro
379 2158 443 2187 quo
471 2146 583 2178 malim
612 2147 674 2177 alia
700 2159 770 2178 vero
797 2148 898 2189 qualia

201 2196 270 2219 smt.

208 2239 210 2242 ’
246 2240 286 2263 4ο
310 2242 374 2272 quae
390 2242 426 2261 ex
441 2244 469 2262 a.
487 2243 511 2262 c.
522 2232 666 2272 fingeret]
685 2233 868 2273 Anfinxerit
879 2233 896 2262 .P

202 2276 250 2305 ed.
270 2275 355 2304 Med.
371 2276 514 2314 gigneret.

246 2325 281 2347 41
309 2317 346 2347 Si
360 2318 402 2346 dii
414 2324 530 2357 possunt
546 2329 753 2348 esse—vacans
769 2317 892 2357 corpore]

201 2360 241 2390 In
258 2362 319 2390 hoc
337 2360 405 2390 loco
421 2361 511 2391 valde
532 2361 713 2391 laborarunt
727 2362 783 2390 viri
799 2363 895 2397 docti,

201 2403 353 2434 vitiosum
368 2403 477 2434 locum
490 2404 681 2442 judicantes,
696 2411 731 2433 ut
745 2410 775 2433 et
792 2404 897 2433 Euhe-

202 2447 279 2481 rius,
295 2447 349 2484 qui
365 2447 432 2477 sine
448 2447 534 2485 libris
549 2447 669 2486 scriptis
683 2447 791 2485 corrigi
809 2456 897 2485 posse

203 2490 338 2527 negavit.
384 2489 488 2519 Causa
505 2490 564 2518 fuit
588 2490 620 2518 in
644 2490 784 2528 ignorato
802 2490 897 2519 modo

202 2531 350 2569 loquendi
368 2531 587 2567 Ciceroffiano,
598 2533 631 2561 in
644 2532 805 2562 nectendis
821 2541 897 2561 con-

202 2574 385 2606 ditionibus.
430 2575 531 2604 Locus
561 2584 656 2606 sanus
685 2581 743 2610 est,
774 2582 897 2613 praeter-

150 2634 155 2637 -
202 2626 302 2654 quam
330 2617 360 2645 in
386 2627 451 2646 uno
474 2617 580 2647 verbo.
625 2617 750 2655 Nempe
774 2617 896 2653 Cicero,

203 2668 280 2692 curn
293 2659 417 2689 duobus
431 2660 699 2694 antecedentibus,
711 2666 745 2689 ut
759 2660 790 2688 in
805 2661 897 2690 seho-

203 2701 240 2731 lis
257 2701 444 2740 loquuntur,
463 2703 571 2738 utitur,
591 2711 787 2740 consequens
804 2704 898 2732 inter-

202 2745 282 2774 dum
310 2745 389 2773 inter
411 2755 447 2774 ea
470 2746 614 2775 medium
637 2745 735 2784 ponit.
760 2752 795 2774 ut
817 2746 850 2776 h.
876 2745 897 2775 l.

201 2796 281 2817 cum
305 2797 371 2817 esse
396 2788 540 2825 debebat,
566 2787 592 2816 si
620 2787 674 2816 Dii
698 2794 813 2826 possunt
841 2798 896 2817 esse

201 2829 261 2858 sine
283 2840 362 2858 sensu
384 2841 418 2859 ac
440 2837 516 2859 motu
540 2837 566 2858 ct
589 2830 651 2869 ipsa
673 2841 748 2859 mens
770 2837 911 2862 constare„

197 2878 290 2915 polest
304 2883 414 2903 vacans
429 2880 539 2914 corpore
547 2885 557 2913 3
574 2884 624 2903 cur
638 2883 724 2914 aquae
734 2872 895 2914 adjunxit?

940 1772 984 1793 sc.
999 1762 1128 1793 Thales.
1171 1762 1294 1792 Similia
1317 1761 1386 1792 loca
1407 1768 1483 1792 sunt
1502 1771 1556 1801 pro
1574 1761 1638 1791 Mi-

941 1806 1013 1836 lone
1041 1815 1070 1835 e.
1094 1813 1144 1836 251.
1169 1806 1204 1835 Si
1230 1804 1370 1834 Milonem
1396 1805 1636 1834 times—armata

941 1856 991 1877 est.
1027 1849 1125 1878 Tusc.
1152 1849 1191 1884 V,
1217 1855 1246 1878 S.
1279 1848 1357 1877 Nam
1387 1858 1450 1876 cum
1477 1847 1636 1884 statuisset,

940 1892 1075 1927 verbera,
1088 1897 1405 1929 tormenta—magnam
1418 1890 1482 1919 vim
1494 1889 1639 1919 hahere—-

941 1945 994 1963 non
1011 1941 1051 1962 est
1066 1944 1150 1962 ausus
1167 1933 1240 1962 elate
1256 1940 1283 1961 c!
1298 1932 1391 1972 ample
1405 1932 1495 1974 loqui,
1510 1943 1572 1962 cum
1583 1933 1636 1962 lm-

941 1976 1050 2005 militer
1065 1976 1236 2017 demisseque
1255 1976 1381 2005 sentiret.

986 2026 1024 2049 42
1049 2019 1108 2048 sine
1123 2030 1202 2048 sensu
1217 2029 1252 2047 ac
1267 2017 1357 2056 motu]
1380 2025 1456 2047 motu
1477 2019 1558 2048 edidi
1581 2028 1638 2061 pro

942 2062 1070 2100 vulgato
1086 2069 1200 2097 menreg
1224 2068 1260 2091 ut
1282 2067 1313 2090 et
1334 2063 1367 2091 in
1391 2068 1533 2092 mentem
1550 2063 1638 2092 venit

943 2106 1093 2141 Buherio,
1109 2105 1162 2144 qui
1185 2112 1292 2134 tamen
1316 2114 1381 2135 non
1403 2105 1526 2143 probat,
1561 2105 1637 2144 Epi-

942 2148 1019 2179 curei
1049 2148 1147 2183 Deos,
1179 2154 1363 2186 mentesque
1400 2148 1560 2177 humanas
1595 2157 1636 2178 ex

944 2191 1074 2220 materia
1097 2196 1238 2220 constare
1264 2191 1422 2228 dicebant,
1447 2196 1477 2220 et
1503 2199 1635 2220 sensum

940 2243 1005 2263 esse
1021 2244 1060 2263 ex
1077 2242 1185 2263 motu:
1204 2234 1288 2263 unde
1303 2233 1433 2273 semiferi
1448 2239 1536 2261 motus
1551 2233 1635 2272 apud

941 2276 1123 2306 Lucretium
1139 2276 1198 2310 ΠΙ,
1217 2283 1289 2306 240.
1311 2278 1416 2314 itaque
1434 2281 1465 2304 et
1480 2285 1498 2305 a
1513 2275 1634 2305 Velleio

940 2330 1032 2348 sensus
1049 2326 1075 2347 et
1091 2326 1180 2347 motus
1192 2319 1383 2357 junguntur.
1400 2325 1430 2347 et
1444 2318 1523 2347 infra
1539 2327 1566 2347 c.
1584 2326 1634 2349 11.

941 2369 1029 2390 motus
1050 2361 1273 2401 sensuijmrcms
1295 2368 1323 2390 ct
1345 2361 1486 2390 continens
1507 2361 1634 2392 dicitur.

940 2405 978 2438 In
1011 2405 1250 2443 reprehensione
1279 2410 1387 2435 autem
1411 2403 1561 2440 Platonis,
1587 2405 1634 2433 ‹li-

939 2454 1030 2483 sertc,
1047 2447 1171 2477 sublato
1187 2455 1325 2485 corpore,
1339 2446 1406 2476 tolli
1422 2456 1532 2476 sensus
1545 2446 1634 2483 dicit,

941 2499 966 2520 c-
988 2496 1038 2520 1³3.
1082 2490 1244 2519 Sententia
1267 2490 1360 2527 igitur
1382 2489 1443 2519 loci
1466 2489 1564 2527 hujus
1589 2496 1636 2519 est

940 2534 1028 2562 haec:
1066 2532 1152 2562 Male
1179 2533 1252 2561 facit
1276 2531 1405 2567 Thales,
1429 2541 1506 2561 cum
1533 2533 1634 2563 menti

939 2575 1065 2610 divinae,
1080 2575 1170 2613 eique
1183 2575 1374 2613 incorporeae
1386 2584 1504 2613 aquarn
1520 2576 1634 2613 adjun-

939 2618 983 2655 git
998 2629 1003 2645 :
1028 2627 1125 2655 quam
1143 2617 1197 2647 illa
1211 2618 1325 2647 sentire
1344 2628 1408 2647 non
1433 2624 1544 2657 potest,
1558 2619 1633 2657 quia

940 2667 985 2689 est
1001 2660 1068 2689 siue
1084 2667 1186 2696 metu,
1203 2661 1256 2699 qui
1281 2660 1312 2689 in
1328 2660 1434 2690 solum
1451 2670 1563 2699 corpus
1581 2670 1633 2690 ca-

940 2703 996 2732 dit.
1027 2710 1117 2731 mente
1143 2711 1250 2733 autem
1277 2702 1370 2741 plane
1394 2703 1536 2732 alienum
1566 2713 1633 2737 esse

940 2746 1017 2774 hinc
1047 2752 1184 2784 apparet,
1215 2746 1300 2784 quod
1333 2755 1391 2776 nec
1419 2745 1549 2782 Thales,
1573 2755 1633 2781 nec

938 2789 1108 2826 quisquam
1121 2789 1241 2824 statuit,
1253 2789 1337 2818 Deos
1350 2798 1415 2819 esse
1430 2788 1497 2818 sine
1513 2796 1632 2819 mente.

938 2832 1004 2860 sine
1028 2840 1154 2869 corpore
1176 2841 1242 2861 esse
1264 2832 1396 2869 quidam
1418 2831 1577 2870 dicebant,
1596 2837 1633 2873 ut¹

937 2873 1066 2911 Thales,
1083 2883 1147 2905 non
1163 2876 1231 2906 sine
1247 2880 1365 2905 mente.
