1778 3095
634 51 812 90 LIBER
847 50 1125 89 TERTIUS.
1523 59 1600 93 315

166 161 280 202 bona
298 161 471 203 sentires
488 174 592 211 esse,
607 175 701 215 quae
722 166 860 200 essent
879 158 1052 199 homine
1072 157 1333 213 dignissima.
1383 161 1598 218 Pythago·
1618 160 1683 214 17

165 232 233 259 ras
250 219 354 260 mihi
376 219 433 259 sic
455 217 623 267 diceret,
641 225 714 257 aut
734 217 942 265 Socrates,
963 224 1037 255 aut
1058 214 1199 256 Plato:
1231 215 1348 270 Ouid
1361 217 1503 272 jaces?
1527 228 1600 262 aut
1611 232 1664 270 36

166 274 269 330 quid
305 276 478 316 maeres?
511 282 584 314 aut
614 288 690 314 cur
725 272 981 322 succumbiS,
1017 271 1217 327 cedisque
1252 273 1462 313 fortunae?
1506 290 1600 329 quae

165 332 390 386 pervellere
426 340 468 371 te
506 330 681 371 forsitan
714 329 915 384 potuerit,
949 338 992 369 et
1028 343 1244 392 pungere:
1288 336 1328 365 70
1341 343 1425 369 non
1460 333 1602 384 potuit

166 398 280 429 certe
312 388 414 428 vires
444 387 652 441 frangere.
682 401 838 441 magna
868 386 926 426 vis
947 394 1010 425 est
1031 386 1072 425 in
1094 385 1331 427 virtutibus.
1361 400 1430 426 eas
1451 387 1600 437 excita,

166 445 201 485 si
222 446 331 485 forte
351 443 582 484 dormiunt.
606 443 697 499 jam
731 442 808 484 tibi
842 442 975 483 aderit
994 442 1188 497 princeps
1210 442 1430 506 fortitudo,
1453 450 1487 478 71
1506 459 1600 499 quae

165 511 208 541 te
241 501 380 541 animo
414 509 532 541 tanto
563 514 652 540 esse
686 509 829 555 cogat,
860 508 910 540 ut
934 498 1091 550 omnia,
1118 513 1212 553 quae
1244 499 1406 554 possint
1438 499 1601 542 homini

163 558 339 607 evenire,
361 566 620 607 contemnas,
643 566 685 597 et
716 571 792 611 pro
822 555 954 596 nihilo
984 564 1120 610 putes.
1151 555 1287 596 aderit
1309 557 1600 610 temperantia,

164 628 258 668 quae
279 622 342 653 est
364 613 511 654 eadem
534 613 794 663 moderati03
826 627 850 652 a
881 627 949 653 me
978 612 1149 667 quidem
1169 612 1314 667 paullo
1337 622 1432 653 ante
1454 614 1599 668 appel-

161 669 248 710 lata
268 670 515 725 frugalitas?
549 685 643 725 quae
676 679 717 710 te
749 670 940 724 turpiter,
962 678 1005 709 et
1034 669 1225 724 nequiter
1245 670 1383 711 facere
1403 669 1507 710 nihil
1528 684 1601 725 pa-

160 725 304 767 tiatur.
344 727 461 768 Quid
482 735 544 768 est
566 735 707 767 autem
730 726 922 782 nequius,
941 735 1013 766 aut
1031 726 1194 780 turpius
1215 727 1468 767 effaeminato
1486 726 1598 768 viro?

162 797 213 823 ne
235 783 405 839 justitia
431 783 603 839 quidem
636 783 743 823 sinet
762 792 804 823 te
827 783 905 823 ista
924 782 1085 823 facere:
1119 791 1157 819 72
1177 783 1245 824 cui
1266 783 1487 823 minimum
1509 798 1601 824 esse

161 839 323 881 videtur
352 841 393 881 in
422 841 501 881 hac
529 854 655 881 causa
681 839 794 880 loci:
833 854 927 894 quae
961 850 1102 879 tamen
1132 840 1190 880 ita
1220 839 1345 891 dicet,
1376 839 1600 895 dupliciter

158 910 250 937 esse
271 905 313 937 te
335 897 554 953 injustum,
573 912 670 938 cum
691 906 734 937 et
753 896 934 937 alienum
957 904 1142 951 appetas,
1161 896 1232 951 qui
1251 896 1441 937 mortalis
1461 907 1599 947 natus,

159 954 446 994 conditionem
466 954 653 1010 postules
672 953 990 1004 immortalium,
1008 962 1049 993 et
1069 953 1250 1008 graviter
1270 954 1392 1003 feras,
1409 963 1465 1004 te,
1483 954 1598 1009 quod

160 1011 363 1051 utendum
386 1011 612 1066 acceperis,
633 1010 878 1051 reddidisse.
929 1009 1165 1050 Prudentiae
1186 1024 1282 1051 vero
1303 1010 1404 1065 quid
1425 1024 1600 1066 respon·
1610 1018 1660 1059 37

159 1067 294 1118 debis,
318 1067 486 1119 dicenti,
514 1068 711 1108 virtutem
743 1081 830 1107 sese
860 1081 950 1108 esse
980 1076 1243 1131 contentam,
1268 1081 1354 1122 quo
1382 1067 1513 1107 modo
1545 1067 1598 1108 ad

159 1125 267 1165 bene
288 1125 523 1176 vivendum,
554 1125 612 1166 sic
641 1133 683 1165 et
707 1124 760 1164 ad
787 1124 938 1165 beate?
972 1139 1066 1179 quae
1088 1124 1122 1164 si
1142 1123 1399 1164 extrinsecus
1421 1123 1599 1179 religata

160 1181 355 1236 pendeat,
384 1191 426 1222 et
460 1197 544 1222 non
575 1181 733 1222 oriatur
764 1196 788 1221 a
816 1195 874 1231 se,
897 1190 939 1221 et
964 1195 1107 1220 rursus
1136 1180 1189 1221 ad
1220 1195 1263 1221 se
1292 1190 1534 1231 revertatur,
1556 1190 1599 1222 et

159 1237 303 1278 omnia
322 1254 396 1279 sua
416 1239 637 1294 complexa
658 1238 762 1278 nihil
782 1246 942 1293 quaerat
963 1237 1131 1278 aliunde
1148 1254 1157 1278 ι
1190 1252 1274 1277 non
1295 1237 1502 1292 intelligo,
1522 1252 1598 1279 cur

159 1305 233 1335 aut
262 1295 394 1336 verbis
427 1304 514 1336 tam
546 1295 815 1335 vehementer
846 1294 1045 1342 ornanda,
1067 1303 1139 1334 aut
1165 1308 1208 1334 re
1231 1303 1451 1349 tantopere
1471 1308 1595 1349 expe-

158 1351 286 1392 tenda
306 1351 506 1392 videatur.
555 1351 625 1392 Ad
645 1351 736 1391 haec
759 1352 870 1391 bona
890 1365 957 1391 me
977 1351 1010 1391 si
1031 1365 1214 1400 revocas,
1237 1351 1432 1405 Epicure,
1453 1365 1596 1406 pareo,

157 1421 324 1463 sequor,
348 1418 446 1449 utor
466 1418 508 1449 te
528 1408 620 1462 ipso
640 1408 762 1457 duce,
785 1408 1008 1448 obliviscor
1039 1407 1166 1447 etiam
1199 1408 1425 1457 malorum,
1450 1417 1498 1448 ut
1521 1407 1596 1463 ju-

157 1463 245 1514 bes,
278 1479 413 1520 eoque
444 1465 622 1514 facilius,
654 1464 771 1520 quod
800 1478 850 1505 ea
880 1478 930 1504 nc
961 1464 1002 1504 in
1035 1464 1156 1504 malis
1191 1463 1362 1518 quidem
1399 1464 1597 1519 ponenda

157 1534 322 1562 censeo.
355 1521 426 1562 sed
446 1521 630 1562 traducis
652 1521 931 1575 cogitationes
954 1534 1068 1560 meas
1095 1520 1149 1561 ad
1176 1520 1427 1575 voluptates.
1459 1523 1592 1576 quas?

155 1577 360 1633 corporis,
380 1578 521 1629 credo,
542 1587 615 1618 aut
637 1593 730 1633 quae
753 1586 925 1633 propter
946 1591 1100 1632 corpus
1122 1577 1186 1617 vel
1207 1576 1509 1628 recordatione,
1529 1579 1595 1619 vel

156 1648 230 1689 spe
250 1636 506 1690 cogitentur.
538 1634 744 1690 numquid
770 1643 834 1675 est
861 1633 1002 1675 aliud?
1037 1643 1202 1675 rectene
1224 1634 1477 1688 interpretor
1498 1648 1593 1675 sen-

155 1692 329 1732 tentiam
353 1694 499 1732 tuam?
533 1691 681 1732 Solent
701 1691 814 1731 enim
843 1691 912 1731 isti
941 1705 1097 1746 negare
1121 1706 1196 1731 nos
1219 1690 1469 1746 intelligere,
1492 1691 1593 1747 quid
1607 1700 1657 1732 38

154 1747 269 1788 dicat
295 1749 517 1804 Epicurus.
548 1749 629 1789 hoc
660 1747 775 1799 dicit,
797 1757 841 1789 et
860 1748 941 1788 hoc
959 1747 1031 1788 ille
1051 1748 1273 1798 acriculus,
1294 1762 1362 1788 me
1382 1748 1593 1799 audiente,

155 1804 338 1846 Athenis
374 1820 499 1846 senex
540 1806 674 1855 Zeno,
708 1805 885 1846 istorum
924 1804 1208 1854 acutissimus,
1244 1805 1513 1855 contendere,
1551 1814 1636 1846 etp
1656 1815 1727 1842 199.

154 1875 311 1916 magna
330 1876 430 1903 voce
451 1862 589 1903 dicere
619 1861 812 1902 solebat.
841 1876 937 1902 eum
961 1876 1051 1902 esse
1072 1861 1261 1911 beatum,
1285 1862 1357 1917 qui
1378 1860 1637 1917 praesenti-²³·

154 1917 235 1958 bus
258 1919 540 1974 voluptatibus
561 1919 781 1968 frueretur,
802 1918 1117 1974 confideretque
1144 1933 1188 1958 se
1209 1918 1434 1959 fruiturum
1458 1929 1532 1959 aut
1552 1918 1596 1960 in

154 1976 286 2026 omni,
309 1986 382 2016 aut
402 1976 444 2016 in
466 1990 622 2030 magna
640 1983 757 2030 parte
777 1975 886 2026 vitae,
907 1975 1053 2016 dolore
1070 1989 1154 2015 non
1174 1975 1499 2016 interveniente:
1523 1984 1597 2016 aut

155 2031 189 2072 si
220 2032 498 2082 interveniret,
534 2033 566 2072 si
603 2046 793 2073 summus
827 2033 951 2082 foret,
981 2032 1172 2072 futurum
1205 2032 1400 2073 brexem:
1434 2032 1467 2073 si
1485 2046 1596 2096 pro·

153 2087 336 2139 ductior,
356 2089 451 2144 plus
486 2089 730 2130 habiturum
755 2089 948 2153 jucundi,
970 2103 1097 2144 quam
1123 2088 1254 2130 mali:
1286 2089 1377 2130 haec
1398 2088 1591 2144 cogitan-

152 2153 241 2186 tem
262 2146 352 2187 fore
372 2146 560 2196 beatum,
580 2146 814 2201 praesertim
836 2146 870 2186 si
890 2154 932 2186 et
954 2153 990 2181 73
1007 2155 1103 2187 ante
1121 2145 1329 2201 perceptis
1349 2146 1472 2186 bonis
1491 2160 1593 2186 con-

151 2210 296 2243 tentus
331 2211 455 2253 esset,
490 2217 567 2243 nec
602 2211 799 2253 mortem,
835 2217 910 2243 nec
945 2201 1046 2243 deos
1080 2202 1385 2243 extimesceret.
1445 2201 1593 2243 Habes
1613 2199 1676 2247 18

153 2258 335 2300 formam
355 2260 527 2315 Epicuri
557 2260 650 2300 vitae
682 2260 832 2310 beatae,
852 2259 986 2300 verbis
1008 2258 1192 2299 Zenonis
1213 2273 1473 2323 expressam,
1489 2258 1593 2299 nihil
1605 2273 1657 2316 39

152 2325 202 2357 ut
231 2317 365 2382 possit
399 2317 558 2372 negari.
618 2316 735 2373 Ouid
764 2318 896 2371 ergo?
930 2315 1110 2371 hujusne
1140 2315 1235 2356 vitae
1269 2315 1519 2371 propositio,
1551 2323 1594 2356 et

153 2373 360 2428 cogitatio
391 2384 465 2415 aut
493 2359 706 2430 Thyesten
740 2373 876 2414 letare
908 2372 1079 2429 poterit,
1105 2381 1179 2413 aut
1206 2372 1393 2423 AEetam,
1423 2371 1476 2413 de
1507 2387 1593 2428 quo

198 2491 238 2521 70
262 2497 314 2515 non
329 2487 425 2525 potui!
445 2486 532 2526 certe]
556 2487 703 2516 Davisius
721 2493 848 2526 poterat.
891 2487 981 2517 Junt.
997 2486 1071 2516 Ald.
1085 2486 1214 2516 Nlanut.
1229 2485 1308 2527 loqui
1323 2496 1339 2515 e
1356 2486 1436 2516 les.
1452 2486 1530 2516 Pall.
1548 2497 1594 2517 re-

153 2539 217 2560 non
236 2529 329 2559 male.
348 2531 401 2559 sed
417 2536 447 2559 et
462 2530 629 2568 vulgatum
645 2531 726 2559 bene
743 2530 849 2560 habet.
891 2531 1017 2559 vocavit
1047 2530 1212 2559 Gruterus.
1265 2531 1382 2559 Sensus
1412 2536 1470 2565 est,
1499 2530 1593 2567 cujus

198 2580 234 2608 71
261 2583 326 2614 quae
350 2580 377 2601 te
399 2584 426 2602 a.
451 2580 474 2602 t.
498 2584 553 2602 esse
568 2572 663 2612 cogat]
682 2579 764 2611 cogat
778 2573 849 2603 dedi
892 2573 1038 2603 officium
1062 2574 1100 2602 ad
1124 2573 1207 2602 hanc
1232 2582 1361 2603 causam
1388 2582 1452 2602 non
1471 2572 1593 2602 videtur

152 2625 208 2654 pro
230 2623 318 2654 coget.
343 2625 419 2645 narn
446 2615 487 2645 ita
510 2616 665 2653 elegantia
688 2615 850 2646 latinitatis
893 2617 1057 2656 pertinere.

153 2658 291 2696 postulat
313 2665 344 2688 et
364 2658 456 2688 series
479 2659 649 2689 orationis:
673 2668 750 2688 nam
766 2665 847 2698 post,
938 2665 975 2694 73
1001 2665 1068 2687 ante
1084 2657 1229 2697 perceptis
1252 2655 1344 2697 bonis]
1363 2657 1415 2687 Sic
1431 2657 1500 2686 edd.
1516 2662 1592 2686 vett.

153 2708 223 2739 post
238 2702 322 2732 idem
338 2701 445 2737 aderit,
459 2707 505 2731 est
521 2702 771 2742 quae—patiatur.
891 2702 975 2732 Aldi.
999 2702 1069 2731 aliae
1086 2700 1170 2730 male
1179 2702 1337 2741 praeceptis
1352 2707 1389 2732 ut
1402 2701 1418 2730 J
1424 2707 1493 2731 unt
1507 2699 1592 2738 quod

200 2749 237 2777 72
261 2745 307 2772 cui
323 2745 473 2773 minimum
488 2756 512 2773 e.
529 2755 562 2774 v.
578 2744 608 2772 in
631 2744 685 2774 hac
707 2756 793 2774 causa
809 2743 848 2773 Io·
892 2746 1013 2786 repetiit
1028 2745 1194 2776 Gruterus·

155 2785 220 2827 qui]
249 2786 355 2817 Immo
382 2786 448 2825 Ioci,
473 2793 509 2817 ut
531 2787 651 2818 habent
676 2788 747 2819 edd.
773 2793 849 2817 vett.
