1778 3095
533 157 540 162 -
591 141 772 180 LIBER
798 142 1074 181 TERTms
1487 149 1568 191 507

133 258 247 293 reat:
280 264 370 302 nec,
391 251 427 292 si
445 251 494 301 is,
511 235 583 305 qui
603 249 780 305 accepit,
800 248 907 290 bene
927 250 1075 302 utitur,
1095 249 1285 292 idcirco
1274 265 1324 301 18,
1345 252 1416 306 qui
1434 253 1567 305 dedit,

135 309 270 349 amice
289 308 418 349 dedit.
473 307 586 348 Quae
616 306 728 347 enim
758 305 908 356 libido,
936 319 1031 361 quae
1057 307 1241 358 avaritia,
1261 308 1378 371 quod
1406 309 1566 352 facinus
1579 316 1626 358 71

135 375 210 406 aut
241 365 466 420 suscipitur
494 363 573 404 nisi
601 362 779 404 consilio
810 370 951 417 capto,
983 371 1057 403 aut
1084 364 1172 404 sine
1203 363 1333 405 animi
1343 375 1498 429 motu,
1525 377 1569 408 et

135 421 408 476 cogitatione,
438 420 481 461 id
514 427 592 471 est,
625 420 801 470 ratione,
830 418 1075 474 perficitur?
1109 433 1204 459 nam
1238 419 1375 460 omnis
1410 422 1569 485 opinio,

136 481 243 518 ratio
263 487 341 528 est,
360 486 403 518 et
420 475 592 531 quidem
614 477 728 517 bona
746 475 868 526 ratio,
890 476 923 516 si
943 490 1062 516 vera:
1093 475 1206 516 mala
1230 486 1387 528 autem,
1412 493 1446 518 sl
1465 479 1571 519 falsa

136 544 198 574 est
216 534 373 589 opinio.
432 532 514 573 Sed
545 548 569 574 a
598 533 679 573 deo
709 541 875 574 tantum
907 532 1112 572 rationem
1143 532 1364 584 habemus,
1386 534 1419 574 si
1440 535 1570 576 modo

137 590 368 631 habemus:
400 590 556 630 bonam
583 599 725 631 autem
756 589 976 638 rationem,
998 598 1071 630 aut
1090 603 1173 629 non
1193 590 1367 653 bonam,
1388 605 1413 630 a
1435 591 1570 632 nobis.

138 662 222 687 non
252 646 379 695 enim,
399 655 448 687 ut
474 647 775 701 patrimonium
806 645 1070 701 relinquitur,
1098 646 1157 686 sic
1187 646 1293 686 ratio
1324 646 1487 688 homini
1508 656 1573 689 est

136 703 339 744 beneficio
360 702 535 744 deorum
559 703 670 744 data.
729 702 845 760 Quid
866 703 975 744 enim
999 702 1141 767 potius
1163 702 1407 743 hominibus
1429 704 1572 745 dedis-

137 769 244 810 sent,
264 759 299 800 si
319 759 367 799 iis
397 774 547 800 nocere
579 760 834 801 voluissent?
866 759 1082 824 injustitiae
1113 768 1270 810 autem,
1291 760 1573 815 intemperan-

136 817 222 865 tiae,
245 816 482 858 timiditatis
504 831 597 872 quae
619 817 778 857 semina
797 827 949 866 essent,
970 816 1004 856 si
1023 815 1088 856 his
1108 816 1216 857 vitiis
1237 816 1345 857 ratio
1366 831 1451 857 non
1473 817 1574 858 sub-

137 874 278 913 esset?
319 873 479 914 Medea
517 874 663 924 modo,
698 882 741 913 et
770 873 927 913 Atreus
958 873 1402 914 commemorabantur
1435 889 1460 914 a
1497 888 1573 915 no-
1587 875 1659 929 29

137 929 218 980 bis,
237 929 418 970 heroicae
437 944 642 985 personae,
664 929 766 970 inita
795 929 1085 984 subductaque
1107 929 1282 980 ratione,
1305 930 1464 972 nefaria
1483 945 1575 972 sce-

138 985 225 1026 lera
245 986 511 1027 meditantes.
569 985 715 1027 Ouid?
748 985 934 1026 levitates
965 985 1156 1036 comicae,
1176 1000 1380 1040 parumne
1413 1002 1577 1042 semper
1589 990 1647 1031 70

140 1042 182 1082 in
201 1043 362 1139 riguo->ne
382 1044 624 1084 versantur?
657 1056 861 1099 parumne
891 1042 1102 1083 subtiliter
1130 1042 1318 1098 disputat
1337 1043 1437 1085 ille
1428 1059 1470 1085 1n
1490 1046 1578 1086 Eu-

140 1113 221 1140 nuc
255 1113 281 1139 o

367 1180 451 1230 quid
465 1181 573 1231 igilur
578 1181 719 1229 faciam
734 1184 755 1217 ?

256 1234 426 1279 Exclusit,
447 1244 611 1272 revocat:
640 1235 770 1272 redeam
790 1239 811 1272 ,ἓ
841 1250 917 1278 non,
937 1235 966 1272 si
984 1247 1034 1270 me
1053 1233 1206 1270 obsecret.

144 1320 224 1361 Ille
240 1334 337 1360 vero
357 1320 399 1360 in
419 1319 681 1376 Synephebis
703 1320 1060 1361 Academicmum
1082 1332 1200 1359 more
1219 1326 1368 1359 contra
1388 1333 1583 1360 commu-

144 1391 241 1418 nem
275 1377 519 1432 opinionem
551 1391 636 1417 non
670 1377 836 1418 dubitat
854 1390 1043 1432 pugnare
1074 1376 1252 1426 ratione,
1275 1375 1346 1431 qui
1379 1374 1420 1415 in
1450 1390 1586 1417 amore

145 1448 313 1484 summo,
335 1448 573 1488 summaque
595 1433 730 1474 {nomia
749 1449 766 1473 s
772 1449 871 1474 clave
890 1449 971 1474 esse
992 1432 1109 1483 dicit,
1595 1443 1628 1473 b.

252 1526 433 1561 Parentem
453 1523 572 1560 habere
590 1538 750 1567 avarum,
771 1524 953 1575 illcpidmn,
974 1525 1007 1560 in
1027 1522 1143 1559 liberos

254 1577 450 1625 Difficilem,
468 1578 525 1627 qui
543 1588 574 1613 te
592 1592 650 1614 nec
668 1588 769 1623 amet,
791 1592 848 1614 nec
863 1577 997 1614 studeat
1018 1577 1079 1613 tui.

147 1663 292 1719 Atque
313 1661 412 1703 huic
433 1661 672 1703 incredibili
691 1662 909 1704 sententiae
928 1660 1183 1703 ratiunculas
1205 1660 1398 1716 suggerit
1416 1678 1426 1702 ε
1600 1674 1651 1715 73

255 1756 331 1790 Aut
352 1761 388 1788 tu
408 1752 502 1788 illum
508 1753 635 1801 fructu
642 1753 761 1801 fallas
779 1769 792 1789 .·
822 1762 884 1790 aut
898 1765 960 1804 per
977 1753 1108 1789 litteras

256 1810 408 1844 Avertas
428 1806 567 1856 aliquod
582 1820 694 1843 nomen
710 1823 721 1842 .·
752 1817 813 1843 aut
826 1818 886 1858 per
903 1807 1073 1844 servolum

255 1860 434 1896 Percutias
442 1859 624 1910 pavidum.
647 1869 822 1910 postremo,
842 1875 863 1897 a
878 1872 981 1910 parco
995 1870 1095 1911 patre

263 1913 363 1962 Quod
374 1926 502 1957 sumas,
524 1922 647 1963 quanto
665 1913 807 1964 dissipas
826 1913 981 1951 libentius
998 1917 1020 1950 ?

154 1998 358 2054 Idemque
391 1997 558 2038 facilem
599 2006 643 2038 et
679 1998 895 2039 liberalem
930 2007 1109 2054 patrem,
1139 1997 1462 2040 incommodum
1500 2012 1591 2039 esse

152 2056 311 2099 amanti
333 2055 418 2096 filio
436 2054 652 2110 disputat:
685 2069 812 2111 quem

261 2149 379 2198 Neque
397 2160 460 2196 quo
471 2155 573 2197 pacto
579 2144 729 2193 fallam,
747 2159 849 2197 neque
867 2145 953 2196 quid
966 2145 1042 2182 inde
1058 2146 1229 2194 auferam,

262 2202 336 2237 Nee
354 2213 449 2250 quem
469 2199 579 2236 dolum
599 2199 648 2236 ad
662 2212 752 2243 cum,
774 2209 835 2236 aut
853 2199 1041 2236 machinam
1060 2200 1260 2244 commoliar,

265 2255 340 2291 Scio
359 2252 556 2304 quidquam.
585 2253 636 2289 ita
653 2266 758 2289 omnes
777 2267 860 2290 meos
878 2252 978 2295 dolos,
984 2253 1168 2300 fallacias,

265 2307 470 2356 Praestf'gias
497 2306 759 2356 10οΡ7γεηὶ77ν77
778 2306 988 2343 commoditas
1003 2307 1130 2356 patris.

160 2393 276 2450 Quid
306 2407 408 2448 ergo
439 2391 507 2432 isti
536 2390 655 2432 doli?
688 2391 791 2447 quid
821 2390 1058 2431 machinae?
1091 2390 1194 2446 quid
1219 2390 1411 2441 fallaciae,
1431 2392 1596 2446 praesti-

160 2451 358 2505 giaeque?
392 2463 495 2489 num
530 2448 618 2488 sine
653 2449 815 2488 latione
847 2462 938 2488 esse
973 2449 1235 2503 potuerunt?
1270 2448 1308 2489 O
1344 2447 1595 2503 praeclarum

163 2521 317 2547 munus
337 2505 542 2546 deorum
533 2505 540 2530 ¹
575 2514 623 2546 ut
645 2504 844 2545 Phormio
862 2504 996 2560 possit
1016 2503 1167 2555 dicere,

272 2595 358 2634 Cedo
377 2609 495 2633 senem.
515 2596 592 2642 jam
609 2596 772 2632 instructa
789 2595 870 2633 mihi
888 2604 967 2632 sunt
985 2595 1020 2632 in
1038 2594 1132 2631 corde
1150 2594 1286 2631 consilia
1304 2595 1428 2632 omnia.

164 2683 247 2725 Sed
267 2696 464 2723 exeamus
485 2696 507 2721 e
525 2681 715 2723 theatro:
746 2681 960 2722 veniamus
982 2681 1023 2721 in
1046 2681 1201 2732 forum,
1230 2690 1240 2713 1
1259 2681 1415 2723 fessum
1436 2681 1469 2721 it
1490 2694 1595 2735 prae-
1610 2671 1682 2720 30

211 2804 270 2828 loo
280 2796 406 2836 praestin
407 2794 466 2833 xit]
485 2795 590 2834 Vulgo
607 2796 690 2826 male
704 2802 784 2835 prsae
787 2795 859 2824 trin·
902 2796 997 2826 edidit
1029 2796 1216 2830 Lambinus,
1245 2795 1337 2824 bene.
1374 2793 1486 2824 imitati
1523 2801 1600 2824 sunt

166 2839 223 2868 xit.
905 2839 1060 2868 Buherius
1087 2846 1116 2868 et
1146 2838 1304 2867 Davisius.
1348 2837 1439 2866 Cotta
1466 2846 1530 2866 non
1560 2837 1599 2866 ad

212 2889 225 2912 1
243 2892 346 2911 sessum
363 2882 381 2910 i
378 2878 521 2921 μαῖον]
540 2881 591 2909 Sic
607 2891 622 2909 e
640 2880 858 2910 Ms.Memn1.
899 2881 1112 2918 judicandum
1135 2886 1238 2919 vocat,
1255 2880 1308 2910 sed
1326 2880 1367 2909 ad
1389 2879 1600 2917 audiendum,
