1778 3095
499 128 679 165 LIBER
719 126 1055 164 SECUNDUS.
1430 128 1504 170 577

74 235 128 278 de
158 245 342 293 pectore,
373 244 416 279 et
453 236 494 277 in
528 249 654 276 omne
687 248 839 289 corpus
875 234 1020 285 diviso,
1059 241 1101 274 et
1140 231 1358 274 mitificato
1391 233 1503 285 cibo,

73 304 222 335 cantus
253 296 390 344 edere,
412 293 552 349 quiete
578 291 748 332 satiatos
767 307 776 331 z
808 290 879 345 qui
901 290 1070 344 quidem
1101 288 1265 331 silentio
1285 289 1435 339 noctis,
1456 300 1507 331 ut

73 350 131 392 ait
166 351 335 401 Ennius,
359 352 496 391 favent.
526 346 717 388 faucibus
745 347 873 387 russis
894 357 1035 396 cant-a,
1056 346 1288 401 plausuque
1307 356 1505 400 premunt

73 407 174 447 alas.
236 407 346 448 Cum
378 407 506 462 igitur
533 404 615 444 hoc
648 403 801 444 animal
829 412 914 443 tam
943 402 995 442 sit
1023 416 1222 443 canorum
1244 416 1320 442 sua
1339 412 1504 456 sponte,

70 463 173 518 quid
198 463 239 504 in
261 474 444 504 mentem
475 461 583 501 venit
617 459 866 501 Callistheni
895 458 1046 508 dicere,
1069 457 1177 498 deos.
1191 458 1313 513 gallis
1333 458 1502 513 signum

70 519 236 561 dedisse
265 518 472 568 cantandi,
503 533 599 558 cum
631 518 674 557 id
704 516 766 557 vel
798 526 960 565 natura,
987 514 1047 555 vel
1082 529 1200 554 casus
1229 514 1391 555 efficere
1422 529 1500 569 po-
1515 523 1546 553 b.

70 576 249 617 tuisset?
283 575 539 630 Sanguinem
572 574 727 629 pluisse
752 572 914 613 senatui
948 571 1184 612 nuntiatum
1211 580 1288 620 est,
1318 579 1498 612 atratum
1514 572 1583 626 27

68 633 193 673 ctiam
217 633 385 674 fluvium
410 631 577 672 fluxisse
599 629 802 685 sanguine
816 645 829 680 3
861 629 1037 670 deorum
1064 626 1235 668 sudasse
1254 626 1476 668 simulacra
1492 644 1563 677 ²58

70 703 170 729 num
193 703 333 729 censes
363 689 427 728 his
457 687 614 729 nuntiis
638 686 815 736 Thalen,
835 694 907 726 aut
927 685 1239 739 Anaxagoram,
1260 692 1333 724 aut
1353 698 1502 739 quem-

67 759 194 800 quam
224 745 447 801 physicum
479 744 736 785 crediturum
772 743 926 783 fuisse?
960 755 1036 782 nec
1066 741 1176 782 enim
1209 740 1394 795 sanguis,
1426 755 1501 781 nec

66 800 208 849 sudor,
230 802 307 842 nisi
335 817 358 842 e
388 816 563 856 corpore
592 809 667 841 est.
690 799 763 841 sed
785 808 827 840 et
848 798 1105 840 decoloratio
1126 797 1321 853 quaedam
1353 811 1405 837 ex
1424 797 1501 837 ali-

66 871 149 912 qua
167 859 422 913 contagione
441 866 604 898 terrena
624 856 804 897 maxime
834 863 973 911 potest
993 854 1206 910 sanguinis
1229 853 1374 894 similis
1395 868 1500 905 esse,

66 923 108 954 et
129 914 283 955 humor
303 915 482 970 allapsus
503 914 772 963 extrinsecus,
794 921 842 952 ut
868 912 910 952 in
930 912 1115 952 tectoriis
1134 910 1320 951 videmus
1341 919 1499 960 austro,

65 970 260 1011 sudorem
284 971 452 1011 imitari.
500 971 645 1025 Atque
666 969 758 1010 haec
778 969 820 1009 in
842 968 956 1009 bello
976 967 1096 1022 plura
1115 976 1157 1007 et
1176 967 1339 1023 majora
1356 967 1501 1008 viden-

63 1034 134 1067 tur
163 1028 437 1068 timentibus:
469 1026 616 1067 eadem
647 1040 731 1066 non
762 1034 848 1066 tam
882 1023 1269 1065 animadvertuntur
1308 1024 1350 1064 in
1381 1038 1499 1079 pace.

64 1084 224 1124 accedit
254 1083 357 1124 illud
385 1084 527 1133 etiarn,
549 1082 665 1139 quod
686 1083 727 1124 in
748 1091 866 1122 metu
886 1090 928 1122 et
947 1081 1134 1136 periculo
1155 1095 1253 1121 cum
1273 1080 1501 1122 creduntur

63 1139 241 1190 facilius,
263 1144 353 1180 tum
385 1140 601 1195 finguntur
628 1140 858 1193 impunius.
915 1139 1010 1179 Nos
1046 1147 1188 1178 autem
1210 1137 1268 1177 ita
1288 1137 1411 1187 leves,
1434 1146 1498 1178 at·
1511 1146 1562 1186 59

62 1209 143 1250 que
175 1196 472 1237 inconsiderati
511 1211 670 1246 snmus,
702 1204 765 1246 ut,
799 1195 832 1236 si
868 1210 1008 1235 mures
1040 1193 1292 1235 corroserint
1323 1193 1496 1249 aliquid,

62 1267 243 1307 quorum
283 1262 346 1294 est
384 1268 491 1308 opus
532 1253 614 1294 hoc
653 1267 801 1301 unum,
838 1262 1076 1293 monstrum
1115 1260 1326 1306 putemus.
1384 1251 1499 1291 Ante

59 1323 155 1349 vero
187 1310 421 1350 Marsicum
451 1310 626 1360 bellum,
657 1309 772 1364 quod
805 1309 977 1364 clypeos
1009 1307 1199 1357 Lanuvii,
1230 1317 1277 1347 ut
1307 1322 1331 1347 a
1361 1317 1403 1348 te
1435 1317 1499 1348 est

59 1365 236 1409 dictum.
258 1381 398 1407 mures
426 1368 641 1416 rosissent,
662 1367 892 1417 maximum
922 1364 964 1405 id
990 1373 1232 1419 portentum
1256 1363 1497 1420 haruspices

57 1436 148 1462 esse
169 1423 377 1464 dixerunt.
399 1423 517 1478 quasi
545 1438 640 1464 vero
663 1423 892 1478 quidquam
914 1422 1089 1470 intersit,
1109 1435 1263 1470 mures,
1285 1420 1395 1461 diem
1419 1435 1496 1461 no-

56 1487 166 1520 ctem
200 1480 360 1535 aliquid
389 1480 597 1529 rodentes,
628 1489 759 1529 scuta,
794 1494 845 1519 an
879 1479 1016 1518 cribra
1054 1477 1320 1518 corroserint.
1378 1478 1494 1518 Nam

56 1535 91 1575 si
132 1536 212 1576 ista
251 1537 479 1591 sequimur,
510 1536 625 1592 quod
666 1536 850 1576 Platonis
883 1535 1075 1575 Politiam
1110 1548 1243 1589 nuper
1279 1533 1391 1588 apud
1428 1547 1497 1574 me

55 1599 97 1625 49
110 1607 251 1633 mures
284 1603 566 1643 corroserunt,
589 1593 640 1633 de
671 1591 888 1648 republica
909 1591 1035 1632 debui
1056 1590 1376 1646 pertimescere:
1408 1600 1496 1640 aut,

56 1648 91 1689 si
116 1649 286 1703 Epicuri
309 1649 360 1689 de
388 1649 620 1704 Voluptate
648 1650 753 1690 liber
779 1663 896 1689 rosus
926 1656 1049 1697 esset,
1071 1656 1264 1702 putarem
1285 1661 1495 1687 annonam

55 1705 99 1746 in
120 1705 297 1745 macello
319 1706 519 1746 cariorem
543 1706 647 1746 fore.
706 1706 776 1745 An
798 1719 894 1744 vero
917 1704 987 1744 illa
1015 1718 1089 1744 nos
1113 1712 1284 1752 terrent,
1307 1703 1341 1743 si
1361 1699 1578 1758 quan-28

57 1762 113 1802 do
140 1762 279 1817 aliqua
306 1770 551 1816 portentosa
579 1772 652 1803 aut
683 1777 735 1803 ex
765 1760 926 1816 pecude
955 1770 1029 1800 aut
1048 1775 1098 1800 ex
1120 1759 1291 1800 homine
1312 1769 1409 1800 nata
1430 1760 1559 1806 ‹ii-60

55 1820 236 1859 cuntur?
272 1833 451 1873 quorum
487 1818 692 1868 omnium,
730 1832 781 1858 ne
818 1818 895 1857 sim
931 1816 1113 1871 longior,
1150 1831 1234 1856 una
1273 1816 1379 1856 ratio
1417 1826 1493 1857 est.

55 1875 262 1930 quidquid
295 1875 407 1915 enim
440 1875 586 1925 oritur,
623 1874 932 1930 qualecumque
967 1882 1044 1922 est,
1078 1887 1247 1913 causam
1283 1872 1437 1913 habeat
1470 1887 1495 1913 a

56 1940 205 1972 natura
231 1946 399 1971 necesse
426 1941 489 1972 est
505 1948 514 1971 ι
532 1940 594 1972 'ut
613 1932 741 1972 etiam
763 1931 796 1970 si
817 1938 969 1985 praeter
995 1929 1345 1970 consuetudinem
1365 1929 1494 1970 exsti-

53 1988 165 2038 terit,
189 1997 339 2043 praeter
367 1996 557 2028 naturam
589 1997 732 2028 tamen
760 2001 844 2027 non
871 1986 1005 2041 possit
1035 1985 1245 2026 exsistere.
1307 1985 1491 2026 Causam

53 2045 186 2100 igitur
215 2044 467 2099 investigato
498 2045 539 2084 in
572 2059 615 2085 re
645 2059 766 2094 nova,
796 2051 922 2097 atque
952 2042 1203 2092 admirabili,
1225 2043 1258 2083 si
1288 2051 1424 2097 potes.
1456 2043 1491 2083 si

51 2101 211 2143 nullam
245 2101 451 2155 reperies:
483 2100 587 2141 illud
614 2109 754 2141 tamen
784 2099 1047 2154 exploratum
1079 2098 1248 2149 habeto,
1277 2098 1380 2138 nihil
1401 2098 1531 2144 fierip.
1549 2113 1618 2136 121.

50 2157 239 2213 potuisse
267 2158 354 2197 sine
388 2172 513 2198 causa.
532 2175 540 2198 :
572 2158 765 2213 eumque
779 2170 979 2206 errorem,
1001 2169 1129 2210 quem
1151 2155 1228 2195 tibi
1250 2155 1308 2195 rei
1328 2155 1527 2196 novitasa·

49 2214 252 2264 attulerit,
276 2224 434 2254 naturae
460 2214 619 2254 ratione
644 2213 856 2268 depellito.
878 2212 936 2253 ita
955 2221 998 2252 te
1028 2226 1104 2252 nec
1137 2220 1258 2252 terrae
1280 2211 1487 2262 fremitus,

50 2285 127 2311 nec
157 2270 249 2311 caeli
281 2270 502 2321 discessus,
524 2284 599 2311 nec
626 2270 831 2326 lapideus,
852 2278 925 2309 aut
956 2268 1210 2323 sanguineus
1238 2268 1385 2319 imber,
1408 2282 1486 2309 nec

48 2327 242 2382 trajectio
264 2327 409 2376 stellael‚
432 2341 506 2367 nec
526 2327 637 2368 faces
659 2328 754 2368 visae
784 2325 1017 2367 terrebunt.
1075 2326 1272 2381 Quorum
1293 2324 1484 2365 omnium
1499 2329 1545 2366 61

49 2398 195 2424 causas
224 2384 258 2424 si
287 2399 311 2424 a
341 2383 584 2439 Chrysippo
614 2398 814 2439 quaeram,
840 2382 929 2437 ipse
955 2381 1025 2423 ille
1053 2381 1318 2422 divinationis
1340 2392 1487 2422 auctor

48 2454 280 2494 numquam
316 2440 389 2480 illa
421 2440 531 2481 dicet
562 2440 674 2481 facta
705 2439 896 2490 fortuito,
927 2438 1247 2493 naturalemque
1278 2438 1486 2479 rationem

49 2496 241 2537 omnium
263 2496 422 2537 reddet.
447 2496 551 2537 nihil
571 2496 684 2538 enim
705 2496 794 2537 fieri
815 2495 904 2537 sine
924 2510 1051 2536 causa
1071 2504 1236 2550 potest:
1270 2509 1347 2535 nec
1367 2495 1486 2550 quic-

49 2567 176 2608 quam
213 2552 272 2602 fit,
292 2553 406 2607 quod
439 2553 524 2594 fieri
557 2568 640 2594 non
668 2562 824 2608 potest.
851 2566 941 2602 nee,
964 2552 998 2592 si
1026 2551 1069 2592 id
1089 2552 1250 2592 factum
1271 2560 1349 2602 est,
1370 2550 1488 2607 quod

48 2608 188 2664 potuit
225 2608 325 2659 fieri,
358 2617 599 2663 portentum
635 2610 762 2651 debet
795 2608 939 2650 videri.
977 2608 1093 2649 nulla
1126 2608 1256 2663 igitur
1291 2616 1486 2663 portenta

47 2674 159 2707 sunt.
218 2666 331 2706 Nam
364 2665 411 2713 si,
442 2666 557 2721 quod
586 2681 679 2708 raro
711 2667 770 2718 fit,
800 2665 842 2707 id
872 2673 1115 2721 portentum
1146 2665 1383 2720 putandum
1408 2672 1485 2712 est,

91 2818 132 2845 49
155 2822 247 2841 mures
267 2809 455 2851 corroserunt]
477 2812 540 2849 Sic,
556 2812 606 2843 vel
622 2824 743 2843 corrose-
784 2813 860 2842 bent
874 2813 1005 2851 vulgati.
1024 2820 1055 2843 at
1071 2812 1148 2844 illud
1160 2812 1277 2842 habent
1295 2809 1356 2840 ΜΞ.
1377 2808 1482 2837 Guelf-

47 2862 115 2885 tan!
139 2854 323 2894 legendum,
346 2865 409 2884 non
434 2855 611 2894 corroserint,
636 2858 742 2887 utha-
785 2862 815 2885 et
832 2855 901 2885 edd.
918 2862 993 2885 vett.

107 2909 220 2939 von.
246 2910 314 2938 1v.
337 2911 376 2939 P.
396 2911 430 2938 1.
827 2910 850 2937 r>
873 2910 900 2950 p
