1778 3095
244 140 324 175 584
692 137 769 175 DE
803 134 1230 175 DIVINATIONE

245 244 469 295 vinaffione,
491 243 690 286 imbecilli
711 244 839 286 animi
859 245 1147 301 superstitiosa
1166 246 1244 286 ista
1263 243 1527 300 concipiant?
1552 251 1591 280 ⁶9
1607 261 1675 287 ve-

185 313 234 344 82
246 316 339 341 rum
376 301 577 366 dispicere
610 316 693 341 non
724 303 896 357 possint.
956 304 1010 358 Οι
1013 318 1063 342 1ae
1094 309 1234 343 antem
1265 311 1327 342 est
1358 301 1463 341 inter
1493 316 1674 365 augures

245 358 492 399 conveniens
522 367 563 399 et
593 357 821 413 conjuncta
850 345 1082 399 constantia
1098 361 1110 397 ³
1144 358 1196 399 ad
1226 357 1357 399 nostri
1384 373 1548 414 augurii
1572 372 1675 399 con-

246 416 512 456 suetudinem
537 415 640 455 dixit
662 415 834 465 Ennius,

355 495 440 531 Cum
456 495 561 531 tonuit
583 495 711 531 levum
733 494 809 531 bene
829 502 1016 545 tempestate
1034 508 1161 532 serena.

242 579 303 619 At
325 586 363 614 70
382 580 638 620 Homericus
671 579 844 634 Ulysses
872 578 985 633 apud
1015 579 1227 619 Achillem
1255 594 1432 644 querens
1451 579 1503 621 de
1523 579 1674 621 feroci-

242 643 328 676 tate
349 636 646 692 Trojanorum,
666 650 807 675 nescio
829 634 944 690 quid,
967 636 1047 675 hoc
1069 635 1196 676 modo
1220 637 1409 678 nuntiat:

348 717 513 767 Prospem
534 716 668 766 Jupiter
685 714 735 751 his
754 713 1090 764 dextrisfitlgoribus
1109 714 1188 751 adit.

243 802 308 842 Ita
336 802 455 842 nobis
484 801 650 841 sinistra
671 799 875 849 videntur,
897 799 1052 855 Grajis,
1074 808 1116 840 et
1136 799 1323 841 barbaris
1345 800 1504 852 dextra,
1525 802 1677 844 melio-

241 873 299 898 ra.
360 858 633 920 Quamquam
670 856 782 897 haud
815 856 979 911 ignom,
1012 871 1106 911 quae
1140 857 1252 897 bona
1280 857 1375 905 sint,
1407 857 1570 899 sinistra
1599 873 1675 900 nos

241 914 411 954 dicere:
447 921 481 949 71
504 914 631 954 etiam
662 913 695 953 si
727 912 872 953 dextra
904 913 998 954 sint.
1060 912 1142 953 Sed
1173 921 1284 954 certe
1310 913 1441 954 nostri
1464 914 1675 956 sinistrum

242 971 575 1021 nominaverunt,
605 970 847 1025 externique
883 969 1091 1019 dextrum,
1120 970 1216 1025 quia
1247 970 1496 1026 plerumque
1527 971 1676 1013 melius

181 1026 284 1069 831d
308 1027 540 1068 videbatur.
600 1028 707 1067 Haec
738 1034 894 1081 quanta
923 1025 1126 1066 dissensio
1157 1027 1246 1067 est?
1280 1026 1410 1083 Quid,
1439 1027 1555 1083 quod
1585 1027 1677 1069 aliis

243 1084 388 1124 avibus
407 1092 598 1134 utuntur,
616 1083 706 1124 aliis
729 1083 883 1137 signis?
907 1083 1025 1123 aliter
1044 1083 1188 1123 observ
1183 1093 1279 1132 ant,
1297 1083 1377 1124 alia
1396 1083 1674 1139 respondent?

244 1155 328 1180 non
367 1155 534 1181 necesse
571 1150 635 1180 est
665 1140 798 1190 fateri,
838 1147 875 1176 7·2
893 1139 1045 1195 partim
1082 1139 1233 1180 horum
1264 1154 1403 1180 errore
1433 1149 1676 1196 susceptum

160 1196 232 1243 40
243 1211 348 1245 esse,
368 1198 519 1252 partim
541 1197 834 1252 superstitione
856 1196 989 1237 multa
1014 1196 1227 1236 fallendo?
1261 1197 1406 1252 Atque
1435 1196 1500 1237 his
1531 1211 1677 1252 super-

243 1254 484 1294 stitionibus
516 1268 598 1294 non
630 1252 831 1293 dubitasti
865 1253 991 1293 etiam
1025 1253 1167 1293 omina
1201 1253 1444 1309 adjungere.
1502 1254 1679 1295 AEmilia

243 1310 403 1360 Paullo,
427 1311 592 1351 Persam
616 1309 795 1364 perisse3
827 1309 940 1365 quod
971 1319 1090 1365 pater
1121 1324 1247 1350 omen
1281 1310 1472 1365 accepit:
1505 1309 1679 1351 Caecilia

242 1367 396 1407 sororis
420 1367 512 1407 filiae
535 1366 654 1407 sedes
676 1380 769 1407 suas
790 1366 967 1406 tradere.
1025 1367 1120 1407 Jam
1143 1366 1227 1417 illa,
1251 1368 1401 1407 Favete
1423 1366 1604 1422 linguis:
1635 1375 1678 1408 et

240 1423 579 1479 praerogativam,
602 1438 726 1463 omen
751 1423 1055 1464 comitiorum:
1087 1423 1170 1463 hoc
1192 1432 1272 1474 est,
1291 1423 1427 1478 ipsum
1458 1437 1547 1464 esse
1575 1438 1679 1465 con-

239 1488 304 1519 tra
330 1495 375 1520 se
402 1481 622 1534 copiosum
655 1490 698 1520 et
730 1479 948 1520 disertum.
980 1479 1149 1535 quando
1179 1480 1306 1530 enim,
1336 1480 1408 1520 illa
1438 1480 1676 1531 observans,

241 1536 385 1591 quieto
405 1546 447 1577 et
476 1537 608 1577 libero
634 1536 775 1576 animo
796 1551 885 1577 esse
906 1536 1076 1591 poteris,
1096 1545 1142 1577 ut
1163 1536 1215 1577 ad
1235 1551 1322 1578 rem
1344 1536 1569 1600 gerendam
1594 1552 1678 1577 non

241 1593 580 1648 superstitionem
603 1592 772 1643 habeas,
795 1592 867 1634 sed
897 1593 1101 1633 rationem
1131 1593 1314 1634 ducem?
1347 1594 1485 1633 itane?
1521 1593 1556 1633 si
1585 1594 1677 1648 quis

241 1649 399 1704 aliquid
420 1664 471 1690 ex
493 1665 567 1691 sua
589 1665 647 1700 re,
668 1658 794 1705 atque
826 1664 875 1690 ex
905 1664 982 1690 suo
1015 1664 1205 1690 sermone
1226 1649 1390 1697 dixerit,
1413 1656 1454 1689 et
1475 1648 1565 1704 ejus
1586 1664 1678 1690 ver-

110 1727 140 1755 p.
157 1720 228 1746 126·
241 1705 344 1746 bum
366 1706 538 1761 aliquod
566 1714 662 1770 apte
691 1706 889 1747 ceciderit
917 1706 971 1746 ad
1006 1705 1061 1755 id,
1083 1705 1198 1761 quod
1221 1720 1339 1761 ages,
1360 1715 1432 1746 aut
1453 1705 1678 1760 cogitabis,

201 1768 229 1789 ὅ·
242 1776 292 1803 ea
321 1777 385 1804 res
416 1763 491 1803 tibi
524 1772 595 1803 aut
627 1762 822 1803 timorem
854 1762 1011 1812 afferet,
1043 1772 1117 1802 aut
1146 1762 1433 1802 alacritatem?
1469 1760 1579 1802 Cum
1609 1763 1676 1804 M.

178 1806 228 1840 84
244 1819 421 1860 Crassus
450 1819 680 1860 exercitum
707 1818 919 1859 Brundisii
938 1819 1189 1872 imponeret,
1211 1818 1411 1873 quidam
1402 1833 1443 1858 m
1463 1826 1589 1873 portu
1608 1833 1678 1860 ca-

240 1876 347 1917 ricas
376 1877 527 1916 Cauno
556 1875 750 1917 advectas
782 1875 977 1924 vendens,
1002 1874 1210 1925 Cauneas,
1230 1874 1488 1916 clamitabat.
1546 1875 1678 1916 Dica-

239 1947 351 1983 mus,
382 1932 415 1973 si
448 1932 601 1986 placet,
635 1932 845 1973 monitum
882 1940 972 1972 tum
1004 1932 1056 1972 ab
1087 1946 1138 1972 eo
1171 1931 1386 1981 Crassum,
1418 1940 1596 1981 caveret,
1624 1946 1676 1974 ne

240 1989 318 2030 iret
338 2006 346 2030 :
379 2004 462 2029 non
483 1989 611 2029 fuisse
632 1988 878 2042 periturum,
901 1988 935 2028 si
956 1988 1087 2028 omini
1108 1988 1327 2043 paruisset.
1359 1989 1468 2030 Quae
1490 1988 1523 2029 si
1545 1989 1678 2030 susci·
1722 2033 1728 2042 .

239 2046 420 2100 piamus,
442 2045 560 2100 pedis
589 2045 763 2086 offensio
785 2045 921 2094 nobis,
943 2053 986 2086 et
1006 2045 1201 2101 abruptio
1223 2044 1431 2100 corrigiae,
1452 2054 1494 2086 et
1514 2054 1679 2087 sternu-

240 2111 429 2143 tamenta
447 2110 571 2143 erunt
591 2101 861 2142 observanda.

298 2159 441 2199 Sortes
470 2166 642 2208 restant,
667 2167 709 2198 et
740 2157 961 2199 Chaldaei:
993 2166 1041 2199 ut
1068 2158 1122 2199 ad
1152 2166 1265 2199 vates
1294 2157 1521 2209 veniamus,
1551 2167 1593 2200 et
1623 2159 1676 2200 ad

158 2213 223 2262 41
244 2215 419 2256 somnia.
478 2214 718 2255 Dicendum
755 2215 885 2270 igitur
920 2223 1043 2270 putas
1076 2215 1128 2256 de
1159 2215 1358 2256 sortibus.
1416 2215 1533 2271 Quid
1563 2215 1675 2256 enim

180 2288 228 2320 85
244 2286 334 2313 sors
354 2273 443 2313 est?
466 2271 579 2312 idem
599 2271 926 2327 propemodum,
946 2271 1060 2327 quod
1078 2272 1249 2321 micare,
1269 2271 1384 2328 quod
1401 2272 1508 2313 talos
1520 2271 1677 2336 jacere,

243 2328 359 2384 quod
381 2338 581 2370 tesseras:
620 2328 801 2383 quibus
792 2343 834 2369 m
855 2328 978 2369 rebus
1000 2329 1213 2369 temeritas
1233 2338 1275 2369 et
1295 2343 1429 2377 casus,
1449 2342 1532 2368 non
1553 2328 1675 2378 ratio,

242 2399 318 2426 nec
354 2385 577 2426 consilium
614 2385 734 2426 valet.
776 2393 867 2426 tota
903 2400 968 2426 res
1001 2394 1063 2426 est
1098 2385 1264 2426 inventa
1298 2384 1488 2433 fallaciis,
1521 2393 1594 2426 aut
1623 2383 1677 2425 ad

241 2450 467 2496 quaestum,
488 2450 561 2483 aut
580 2441 635 2483 ad
655 2442 1010 2497 superstitionem,
1031 2451 1104 2483 aut
1123 2441 1177 2483 ad
1198 2455 1395 2482 errorem.
1453 2440 1612 2496 Atque,
1627 2449 1676 2484 ut

285 2571 326 2598 69
348 2576 451 2595 verum
466 2566 539 2604 disp.
563 2577 615 2595 non
629 2566 752 2604 possins!
771 2566 876 2605 Vulgo
892 2572 938 2596 est
981 2567 1040 2595 dus
1057 2575 1166 2604 nepos,
1183 2572 1213 2595 et
1229 2565 1440 2596 Alemannus.
1470 2566 1618 2596 Davisius
1634 2567 1677 2597 ait

237 2615 363 2648 possunt.
403 2616 432 2637 at
463 2609 542 2638 illud
572 2609 690 2638 habent
729 2609 805 2638 Mss.
840 2610 936 2638 etiarn
980 2618 1045 2637 esse
1063 2608 1187 2647 lapsum
1200 2609 1374 2638 memoriae.
1419 2609 1464 2638 Sit
1480 2608 1522 2638 ita
1536 2621 1542 2637 :
1565 2615 1674 2640 tamen

242 2652 349 2681 Guelf.
366 2658 396 2681 et
410 2652 480 2681 edd.
497 2658 570 2681 vett.
587 2657 681 2690 atque
697 2652 737 2681 ita
755 2652 855 2681 forma
868 2661 936 2681 ora·
980 2651 1179 2690 corrigendus
1201 2659 1247 2681 est
1269 2661 1361 2682 error.
1384 2661 1461 2682 nam
1478 2652 1588 2682 Cicero
1604 2662 1675 2682 mo-

241 2695 333 2724 tionis
351 2694 498 2733 postulat.
980 2695 1065 2723 nitus
1082 2694 1145 2733 ipse
1161 2696 1352 2724 correxisset.

285 2744 324 2772 70
350 2737 432 2767 Hom.
455 2735 576 2777 Ulysses]
604 2736 654 2766 Sic
676 2736 745 2765 libri
762 2742 835 2765 vett.
852 2736 935 2765 testi·
1024 2742 1058 2771 71
1087 2738 1173 2766 etiam
1198 2737 1221 2766 si
1245 2738 1349 2766 dextra
1375 2734 1448 2776 sint]
1475 2737 1495 2767 i.
1513 2746 1541 2767 e.
1563 2738 1601 2767 ad
1619 2738 1674 2768 de-

238 2780 299 2810 bus
324 2780 483 2816 Manum,
508 2780 648 2815 Mureto,
673 2780 841 2814 Lambino,
869 2788 933 2808 non
978 2785 1081 2810 xtram
1101 2790 1247 2811 manum-

239 2823 322 2862 Ajax
339 2833 373 2853 ut
388 2823 484 2862 vulgo
500 2823 610 2853 editur.
635 2829 664 2852 et
679 2828 755 2852 sunt
769 2822 862 2851 verba
878 2822 936 2851 ista
1023 2829 1061 2857 72
1080 2824 1193 2863 partim
1219 2821 1330 2862 horum]
1360 2823 1401 2853 V.
1425 2821 1514 2854 ClaV.
1541 2823 1574 2855 in
1597 2829 1673 2864 par-²

241 2866 364 2907 Ulyssis
379 2876 444 2897 non
460 2867 576 2906 Ajucis.
622 2866 683 2896 Sed
699 2872 728 2897 et
744 2866 864 2896 edidere
879 2864 935 2896 Al·
978 2864 1042 2896 tim.
