1732 3105
363 128 525 166 ACAD.
543 106 757 165 oUAEsT.
779 127 932 164 LIBER
952 125 1165 164 PRIMUS.
1459 133 1481 164 ⁵

100 230 242 274 tinacia,
261 227 322 266 sed
344 226 545 264 obscuritate
571 238 682 262 rerum
710 234 916 268 commotum,
935 233 967 260 et
991 235 1166 261 revocasse
1192 222 1286 260 illam
1313 222 1484 260 veteribus

99 283 249 321 omnibus
267 288 463 331 usurpatam
491 279 532 316 de
557 278 655 315 rebus
678 279 827 316 omnibus
845 277 1027 315 dubitandi
1046 277 1322 320 consuetudinem,
1341 276 1486 327 nihilque

99 337 224 374 dixisse
248 335 326 372 sciri
347 344 454 384 pos-se,
472 346 511 369 ne
538 332 577 368 id
601 332 707 383 ipsum
727 332 874 383 quidem,
892 331 980 382 quod
998 332 1151 369 Socrates
1168 330 1357 380 excepisset.
1373 330 1419 376 cf.
1438 331 1483 366 L.

101 391 154 428 II.
171 404 199 428 c.
219 395 281 427 24.
338 388 441 424 Hanc
458 399 525 422 esse
542 386 762 424 Academiam
781 399 905 422 novam
923 385 1142 436 appellatam,
1161 391 1193 420 et
1208 383 1258 421 ad
1277 382 1485 421 Carneadem

94 442 303 495 perductam.
323 455 355 478 c.
375 447 436 479 13.

50 522 130 594 ΙΝ
149 550 344 592 Cumano
360 564 494 606 nuper
513 564 611 591 cum
631 562 801 590 mecum
816 546 988 587 Atticus
1009 554 1152 587 noster
1171 554 1294 597 esset,
1315 545 1485 587 nuntia·
1504 547 1525 585 1

50 618 141 650 tum
158 616 225 648 est
244 606 365 648 nobis
382 615 395 638 1
412 622 436 647 a
454 607 520 648 M.
542 608 745 655 Varrone,
771 604 931 646 venisse
960 618 1058 644 eum
1089 603 1226 644 Roma
1254 602 1388 659 pridie
1415 617 1484 644 ve·
1502 613 1517 644 1

52 664 174 720 speri,
204 673 248 705 et
277 663 356 704 nisi
385 662 437 704 de
465 664 530 704 via
560 664 693 704 fessus
722 669 844 711 esset,
864 661 1067 701 continuo
1087 659 1141 700 ad
1159 675 1235 701 nos
1263 669 1487 701 venturum

51 720 192 762 fuisse.
224 719 339 776 quod
359 735 457 761 cum
477 720 753 768 audissemus,
773 716 934 758 nullam
953 731 1118 758 moram
1138 715 1487 772 interponendam

50 777 300 833 putavimus,
336 777 439 832 quin
472 777 707 818 videremus
739 774 972 824 hominem,
1007 773 1228 815 nobiscum
1259 782 1302 814 et
1335 772 1487 814 studiis

49 833 220 885 eisdem,
240 843 284 874 et
308 842 514 875 vetustate
541 833 736 874 amicitiae
766 832 1058 888 conjunctum.
1088 830 1232 886 itaque
1261 830 1487 871 confestim

50 889 104 931 ad
123 905 221 932 eum
241 891 298 931 ire
317 891 596 946 perreximus:
627 889 902 945 paullumque
932 902 1031 929 cum
1057 896 1074 918 2
1092 888 1183 943 ejus
1203 886 1301 928 villa
1319 887 1487 928 abesse-

50 961 160 997 mus,
194 948 331 1002 ipsum
363 948 417 988 ad
449 963 524 988 nos
555 948 791 988 venientem
822 944 1026 986 vidimusz
1058 953 1185 1000 atque
1215 943 1336 985 illum
1365 958 1487 984 com-

50 1003 175 1060 plexi,
196 1013 244 1045 ut
262 1019 355 1045 mos
375 1004 609 1045 amicorum
638 1012 716 1053 est,
741 1010 757 1034 3
776 1002 874 1043 satis
902 1016 1000 1042 eum
1019 1001 1152 1056 longo
1185 1000 1405 1042 intervallo
1433 999 1487 1041 ad

51 1075 171 1101 suam
191 1060 328 1102 villam
350 1061 607 1103 reduximus.
667 1059 753 1100 Hic
770 1067 934 1114 4pauca
962 1057 1116 1113 primo,
1134 1067 1150 1090 ⁵
1162 1066 1288 1113 atque
1307 1071 1487 1112 percun-
1499 1065 1524 1096 2

51 1118 262 1158 <stantibus
284 1118 420 1170 nobis,
440 1117 622 1173 6ecquid
648 1116 758 1157 forte
786 1117 923 1157 Roma
952 1115 1077 1156 novi:
1107 1115 1295 1165 Atticm,
1325 1114 1490 1156 Omitte

50 1173 146 1223 ista,
165 1189 259 1230 quae
279 1188 355 1215 nee
376 1173 655 1230 percunctari,
671 1187 748 1214 nec
766 1172 910 1214 audire
927 1171 1016 1212 sine
1035 1171 1232 1213 molestia
1250 1185 1490 1226 possumus,

51 1244 210 1285 quaeSO,
231 1230 367 1286 inquit
385 1248 394 1272 ε
426 1239 469 1271 et
487 1245 627 1286 quaere
648 1230 804 1285 potiUS,
824 1228 976 1285 ecquid
997 1229 1085 1284 ipse
1104 1229 1213 1269 novi.
1234 1227 1359 1269 silent
1377 1227 1491 1269 enim

54 1286 212 1328 diutius
232 1287 372 1328 Musae
391 1288 608 1337 Varronis,
629 1301 757 1341 quam
778 1285 996 1327 solebant:
1028 1299 1104 1326 nec
1124 1292 1294 1326 tamen7
1313 1299 1491 1334 cessare,

52 1342 126 1383 sed
145 1342 294 1393 celare,
316 1358 409 1398 quae
440 1343 609 1393 scribat,
629 1343 837 1382 existimo.
899 1341 1081 1381 Minime
1110 1356 1220 1392 vero,
1242 1341 1380 1398 inquit
1406 1341 1493 1381 ille.

51 1398 369 1453 intemperantis
399 1399 509 1439 enim
536 1398 745 1439 Sarbitror
777 1411 880 1447 esse,
912 1397 1107 1448 scribere,
1138 1397 1255 1453 quod
1287 1396 1493 1439 occultari

51 1455 163 1496 velit.
193 1454 266 1495 sed
285 1455 421 1495 habeo
442 1469 549 1509 opus
568 1468 772 1509 magnum
792 1454 833 1493 in
854 1453 1062 1504 manibus,
1084 1454 1202 1508 quod
1214 1455 1303 1509 jam
1326 1453 1490 1508 pridem

54 1519 73 1545 9
96 1510 149 1552 ad
177 1510 291 1551 hunc
319 1511 458 1566 ipsum
483 1514 568 1565 (me
594 1522 736 1552 autem
766 1509 947 1562 dicebat)
972 1509 1167 1565 quaedam
1194 1510 1370 1560 institui,
1392 1525 1487 1564 quae
1501 1519 1532 1549 b.

52 1576 97 1609 et
116 1575 213 1608 sunt
231 1582 388 1622 magna
408 1582 521 1618 sane,
541 1576 584 1608 et
603 1567 804 1608 limantur
823 1581 848 1606 a
863 1581 934 1607 me
953 1566 1140 1621 politius,
1197 1567 1256 1607 Et
1282 1581 1381 1622 ego,
1402 1567 1523 1613 Ista3

53 1623 238 1680 quidem,
278 1624 465 1679 inquam,
501 1625 651 1674 Varro,
683 1623 775 1679 jam
814 1623 888 1664 diu
925 1632 1184 1678 exspectanS,
1224 1638 1310 1664 non
1353 1623 1491 1665 audeo

52 1688 194 1722 tamen
226 1681 440 1735 flagitare:
471 1681 609 1721 audivi
639 1681 751 1721 enim
781 1695 804 1721 e
837 1680 999 1720 Libone
1029 1689 1191 1731 nostro,
1221 1682 1343 1736 cujus
1379 1680 1490 1721 nosti

53 1737 238 1778 studium
264 1738 384 1789 (nihil
404 1738 516 1778 enim
534 1737 748 1793 ejusmodi
768 1736 902 1777 celare
921 1740 1161 1792 possumus)
1187 1751 1273 1778 non
1293 1746 1335 1778 te
1355 1751 1404 1778 ea
1423 1738 1488 1777 in-

52 1794 297 1845 termittere,
318 1794 391 1835 sed
410 1794 645 1835 accuratius
675 1803 871 1845 tractare,
893 1808 970 1834 nec
990 1793 1041 1834 de
1061 1794 1256 1835 manibus
1286 1807 1491 1849 umquam

53 1849 273 1906 deponere.
334 1850 446 1892 Illud
466 1860 607 1892 autem
629 1851 733 1891 mihi
760 1860 857 1891 ante
886 1850 969 1890 hoc
1001 1860 1167 1905 tempus
1196 1865 1430 1906 numquam
1449 1851 1492 1891 in

54 1915 241 1949 mentem
261 1908 372 1948 venit
390 1922 415 1948 a
432 1915 474 1948 te
493 1908 703 1962 requirere
724 1925 733 1949 :
765 1907 838 1948 sed
868 1921 994 1957 nunc,
1016 1918 1293 1964 posteaquam
1314 1922 1405 1948 sum
1428 1907 1492 1948 in—

52 1977 237 2018 gressus,
266 1977 329 2003 res
360 1978 444 2014 eas,
476 1979 578 2019 quas
609 1974 749 2004 tecum
779 1964 905 2004 simul
937 1963 1079 2015 didici,
1109 1964 1308 2004 mandare
1340 1978 1493 2004 monu-

52 2020 221 2070 mentis,
255 2019 654 2075 philosophiamque
691 2029 872 2061 veterem
902 2020 1034 2071 illam,
1069 2035 1093 2060 a
1127 2021 1301 2062 Socrate
1340 2028 1493 2070 ortam,

98 2139 112 2162 1
135 2143 153 2160 a
170 2131 220 2162 Μ.
238 2131 377 2171 Varrone]
398 2132 418 2162 i.
435 2142 463 2163 e.
479 2142 495 2162 e
511 2132 586 2162 villa
601 2131 683 2171 ejus,
699 2142 754 2172 per
797 2144 844 2162 ma
860 2132 926 2169 illa,
944 2143 1010 2174 quae
1025 2134 1055 2162 in
1071 2144 1217 2172 congressu
1228 2133 1357 2164 solemus.

53 2184 182 2205 servum
197 2174 352 2214 aliquem.
841 2184 856 2206 5
881 2183 968 2217 atque
989 2188 1021 2205 ea
1037 2182 1188 2215 percunct.
1212 2177 1302 2216 nobis]
1323 2190 1355 2208 ea
1378 2177 1493 2208 delevi-

96 2225 114 2248 2
129 2217 188 2257 qius
201 2217 279 2247 villa
295 2216 464 2259 abesscinus]
485 2218 542 2248 Ed.
560 2219 642 2250 Ven.
660 2225 751 2250 1494.
796 2228 880 2248 mus.
898 2220 984 2248 abest
1000 2220 1048 2248 ed.
1064 2220 1146 2249 Ven.
1166 2228 1257 2252 1494.

54 2260 207 2290 obissemus
223 2261 286 2290 via.
303 2271 333 2290 v.
350 2268 416 2290 not.
432 2270 480 2298 sq.

97 2309 115 2334 3
139 2303 209 2333 satis
225 2314 288 2332 eum
304 2303 384 2342 longo
401 2301 560 2332 intervallo
578 2302 652 2342 δία]
679 2303 751 2333 Hoc

55 2355 121 2376 non
152 2347 301 2376 convenit
330 2356 407 2376 cum
437 2346 571 2376 lectione
603 2347 750 2385 vulgata:

56 2398 132 2419 nam
154 2389 179 2419 si
203 2389 350 2428 paullum
374 2399 392 2419 a
413 2389 489 2418 villa
512 2389 659 2419 Varronis
680 2390 754 2418 abe-

55 2435 137 2469 rant,
153 2442 219 2462 non
234 2433 331 2471 longo
345 2432 511 2462 intervallo
532 2442 607 2462 eum
626 2441 753 2472 potuere

55 2474 202 2505 reducere
217 2476 256 2505 ad
271 2475 381 2505 villam
397 2476 477 2513 ejus.
523 2475 633 2515 Itaque
657 2476 753 2505 Davi-

55 2517 120 2547 sius
145 2519 275 2557 putabat
301 2519 524 2558 corrigendum
548 2531 574 2547 se
596 2519 754 2549 visentium

57 2557 136 2600 longo
160 2560 328 2598 intervallo,
358 2569 394 2591 ut
421 2561 496 2591 alibi
526 2562 602 2592 dicit
631 2562 754 2598 Cicero,

56 2601 78 2632 i.
93 2613 120 2633 e.
143 2609 212 2643 post
236 2603 372 2642 longum
401 2604 614 2635 intervallum.
638 2604 754 2635 melius

57 2647 204 2676 convenit
217 2646 344 2677 lectioni
360 2648 490 2678 Venetae
500 2647 636 2687 paullum
651 2647 756 2677 abisse-

60 2698 120 2718 mus
135 2689 204 2726 via,
221 2699 264 2720 sc.
282 2699 300 2719 a
316 2699 388 2719 mea
402 2690 489 2720 villa.

103 2738 122 2761 4
138 2737 235 2770 pauca
254 2733 364 2772 primo]
389 2733 495 2764 Intell.
518 2732 619 2763 locuti
642 2742 756 2764 sumus

59 2772 98 2802 de
120 2783 208 2805 more
231 2777 516 2815 congredientium.
562 2776 614 2806 Sic
630 2777 668 2807 de
684 2776 756 2807 Fin.

62 2814 90 2850 Ι,
109 2822 136 2845 5.
149 2823 243 2853 pauca
256 2820 350 2857 primo
361 2818 436 2847 inter
451 2830 498 2848 nos
513 2818 546 2848 de
562 2818 666 2848 literis.
682 2819 758 2849 ibid.

61 2856 123 2896 111,
140 2866 170 2891 2.
185 2862 270 2892 med.
286 2861 414 2892 surrexit
432 2861 532 2891 statim
543 2872 553 2891 .·
574 2861 675 2892 deinde
694 2861 760 2902 pri-

841 2266 858 2290 6
882 2269 908 2289 et
922 2262 946 2290 si
962 2260 1048 2302 quid]
1067 2263 1271 2293 Correximus
1294 2262 1397 2304 ecquid
1416 2273 1495 2294 curn

794 2304 934 2334 Davisio.
949 2306 997 2334 ed.
1013 2305 1085 2334 Ald.
1103 2306 1157 2334 ecsi
1172 2306 1253 2346 quid.
1266 2306 1336 2335 scil.
1353 2307 1492 2336 afferret:

797 2348 855 2377 nisi
886 2357 959 2376 vero
988 2347 1162 2386 legendum
1192 2356 1238 2378 est
1268 2349 1377 2382 Romae,
1408 2349 1494 2388 quod

797 2390 912 2420 melius
942 2391 1146 2429 sequentibus
1173 2393 1365 2421 conveniret.
1394 2391 1497 2434 ecquid

797 2433 855 2472 ipse
868 2433 938 2462 novi
950 2443 993 2463 sc.
1011 2434 1136 2470 habeat,
1154 2435 1259 2472 egerit.

841 2482 855 2511 7
882 2476 967 2505 istum
991 2476 1109 2515 cessare]
1135 2477 1234 2506 Abest
1260 2477 1346 2506 istum
1376 2478 1415 2508 ab
1445 2477 1495 2508 ed.

796 2519 878 2549 Ven.
901 2520 995 2557 bene,
1018 2520 1148 2559 opinor:
1173 2521 1233 2550 nisi
1255 2521 1428 2559 legendum
1451 2521 1495 2560 ip-

797 2572 867 2591 sum.

843 2611 860 2635 8
885 2604 1011 2634 arbitror
1032 2606 1101 2644 esse]
1120 2617 1174 2636 esse
1197 2616 1275 2636 cum
1298 2606 1427 2636 Davisio
1443 2607 1497 2636 ad-

799 2648 949 2678 didimus.
964 2648 1084 2679 habent
1092 2650 1163 2680 edd.
1175 2650 1256 2681 Ven.
1273 2649 1406 2680 Mediol.
1422 2650 1495 2680 Ald.

800 2692 859 2722 ὅτε.

845 2741 874 2766 9.
899 2733 939 2763 ad
960 2734 1033 2763 hunc
1053 2746 1116 2764 eum
1138 2728 1244 2774 ipium]
1270 2745 1332 2764 eum
1355 2734 1498 2764 offendit,

802 2777 899 2816 idque
936 2777 1051 2808 delevit
1085 2779 1167 2809 Dav.
1206 2777 1344 2809 defendit
1385 2778 1495 2807 frustra

802 2820 1026 2859 Wopkensius.

802 2917 878 2958 133
