<?xml version="1.0" encoding="UTF-8"?>
<!DOCTYPE html PUBLIC "-//W3C//DTD XHTML 1.0 Transitional//EN"
    "http://www.w3.org/TR/xhtml1/DTD/xhtml1-transitional.dtd">
<html xmlns="http://www.w3.org/1999/xhtml" xml:lang="en" lang="en">
 <head>
  <title>
</title>
<meta http-equiv="Content-Type" content="text/html;charset=utf-8" />
  <meta name='ocr-system' content='tesseract 3.04.00' />
  <meta name='ocr-capabilities' content='ocr_page ocr_carea ocr_par ocr_line ocrx_word'/>
</head>
<body>
  <div class='ocr_page' id='page_1' title='image "./p1operaomnia04ciceuoft_0568.png"; bbox 0 0 1778 3095; ppageno 0'>
   <div class='ocr_carea' id='block_1_1' title="bbox 267 142 1246 182">
    <p class='ocr_par' dir='ltr' id='par_1_1' title="bbox 267 142 1246 182">
     <span class='ocr_line' id='line_1_1' title="bbox 267 142 1246 182; baseline 0.002 -2"><span class='ocrx_word' id='word_1_1' title='bbox 267 143 344 180; x_wconf 87' lang='grc'><em>560</em></span> <span class='ocrx_word' id='word_1_2' title='bbox 705 142 782 179; x_wconf 91' lang='lat' dir='ltr'><em>DE</em></span> <span class='ocrx_word' id='word_1_3' title='bbox 821 142 1246 182; x_wconf 89' lang='lat' dir='ltr'>DIVINATIONE</span> 
     </span>
    </p>
   </div>
   <div class='ocr_carea' id='block_1_2' title="bbox 302 250 1691 884">
    <p class='ocr_par' dir='ltr' id='par_1_2' title="bbox 306 250 1691 884">
     <span class='ocr_line' id='line_1_2' title="bbox 319 250 1689 304; baseline 0.004 -16"><span class='ocrx_word' id='word_1_4' title='bbox 319 251 398 289; x_wconf 85' lang='lat' dir='ltr'><em>dam</em></span> <span class='ocrx_word' id='word_1_5' title='bbox 417 259 572 289; x_wconf 82' lang='lat' dir='ltr'><em>constans</em></span> <span class='ocrx_word' id='word_1_6' title='bbox 587 261 683 294; x_wconf 78' lang='lat' dir='ltr'><em>esset,</em></span> <span class='ocrx_word' id='word_1_7' title='bbox 701 260 732 287; x_wconf 83' lang='lat' dir='ltr'><em>et</em></span> <span class='ocrx_word' id='word_1_8' title='bbox 749 250 923 296; x_wconf 76' lang='lat' dir='ltr'><em>diuturna,</em></span> <span class='ocrx_word' id='word_1_9' title='bbox 941 266 1014 289; x_wconf 86' lang='lat' dir='ltr'><em>cum</em></span> <span class='ocrx_word' id='word_1_10' title='bbox 1043 253 1126 303; x_wconf 77' lang='lat' dir='ltr'><em>quid</em></span> <span class='ocrx_word' id='word_1_11' title='bbox 1142 253 1319 291; x_wconf 81' lang='lat' dir='ltr'><em>secundum</em></span> <span class='ocrx_word' id='word_1_12' title='bbox 1339 254 1477 304; x_wconf 81' lang='lat' dir='ltr'><em>quietem</em></span> <span class='ocrx_word' id='word_1_13' title='bbox 1496 254 1608 292; x_wconf 81' lang='lat' dir='ltr'><em>visum</em></span> <span class='ocrx_word' id='word_1_14' title='bbox 1627 264 1689 300; x_wconf 88' lang='lat' dir='ltr'><em>est,</em></span> 
     </span>
     <span class='ocr_line' id='line_1_3' title="bbox 320 304 1691 356; baseline 0.002 -15"><span class='ocrx_word' id='word_1_15' title='bbox 320 305 405 356; x_wconf 83' lang='lat' dir='ltr'><em>quid</em></span> <span class='ocrx_word' id='word_1_16' title='bbox 420 306 550 342; x_wconf 82' lang='lat' dir='ltr'><em>evenire</em></span> <span class='ocrx_word' id='word_1_17' title='bbox 566 304 678 341; x_wconf 88' lang='lat' dir='ltr'><em>soleret</em></span> <span class='ocrx_word' id='word_1_18' title='bbox 695 320 706 340; x_wconf 91' lang='lat'><em>:</em></span> <span class='ocrx_word' id='word_1_19' title='bbox 733 318 870 355; x_wconf 81' lang='lat' dir='ltr'><em>quorum</em></span> <span class='ocrx_word' id='word_1_20' title='bbox 887 319 959 342; x_wconf 83' lang='lat' dir='ltr'><em>cum</em></span> <span class='ocrx_word' id='word_1_21' title='bbox 979 307 1107 344; x_wconf 85' lang='lat' dir='ltr'><em>nullum</em></span> <span class='ocrx_word' id='word_1_22' title='bbox 1123 308 1178 349; x_wconf 87' lang='lat' dir='ltr'><em>sit,</em></span> <span class='ocrx_word' id='word_1_23' title='bbox 1195 308 1292 344; x_wconf 80' lang='lat' dir='ltr'><em>etiam</em></span> <span class='ocrx_word' id='word_1_24' title='bbox 1311 307 1506 344; x_wconf 73' lang='lat' dir='ltr'><em>somniorum</em></span> <span class='ocrx_word' id='word_1_25' title='bbox 1525 307 1691 345; x_wconf 84' lang='lat' dir='ltr'><em>divinatio</em></span> 
     </span>
     <span class='ocr_line' id='line_1_4' title="bbox 321 358 1691 410; baseline 0.002 -16"><span class='ocrx_word' id='word_1_26' title='bbox 321 358 523 409; x_wconf 71' lang='lat' dir='ltr'><em>explodenda</em></span> <span class='ocrx_word' id='word_1_27' title='bbox 543 367 601 394; x_wconf 88' lang='lat' dir='ltr'><em>est.</em></span> <span class='ocrx_word' id='word_1_28' title='bbox 623 372 651 394; x_wconf 80' lang='lat' dir='ltr'><em>e.</em></span> <span class='ocrx_word' id='word_1_29' title='bbox 668 363 731 395; x_wconf 87' lang='grc'><em>58.</em></span> <span class='ocrx_word' id='word_1_30' title='bbox 747 371 812 408; x_wconf 80' lang='lat' dir='ltr'><em>seq.</em></span> <span class='ocrx_word' id='word_1_31' title='bbox 869 358 976 406; x_wconf 56' lang='lat' dir='ltr'><em>Quod</em></span> <span class='ocrx_word' id='word_1_32' title='bbox 991 368 1101 396; x_wconf 82' lang='lat' dir='ltr'><em>autem</em></span> <span class='ocrx_word' id='word_1_33' title='bbox 1120 361 1272 410; x_wconf 73' lang='lat' dir='ltr'><em>exemplis</em></span> <span class='ocrx_word' id='word_1_34' title='bbox 1296 360 1405 410; x_wconf 76' lang='lat' dir='ltr'><em>potius</em></span> <span class='ocrx_word' id='word_1_35' title='bbox 1432 374 1532 410; x_wconf 80' lang='lat' dir='ltr'><em>quam</em></span> <span class='ocrx_word' id='word_1_36' title='bbox 1552 361 1691 397; x_wconf 79' lang='lat' dir='ltr'><em>rationi-</em></span> 
     </span>
     <span class='ocr_line' id='line_1_5' title="bbox 322 411 1691 463; baseline 0.001 -15"><span class='ocrx_word' id='word_1_37' title='bbox 322 411 383 448; x_wconf 80' lang='lat' dir='ltr'><em>bus</em></span> <span class='ocrx_word' id='word_1_38' title='bbox 402 426 478 448; x_wconf 86' lang='lat' dir='ltr'><em>usus</em></span> <span class='ocrx_word' id='word_1_39' title='bbox 497 420 544 447; x_wconf 84' lang='lat' dir='ltr'><em>est</em></span> <span class='ocrx_word' id='word_1_40' title='bbox 568 411 726 459; x_wconf 76' lang='lat' dir='ltr'><em>Quintus,</em></span> <span class='ocrx_word' id='word_1_41' title='bbox 745 412 782 448; x_wconf 88' lang='lat' dir='ltr'><em>id</em></span> <span class='ocrx_word' id='word_1_42' title='bbox 803 425 865 448; x_wconf 82' lang='lat' dir='ltr'><em>non</em></span> <span class='ocrx_word' id='word_1_43' title='bbox 883 412 1021 461; x_wconf 76' lang='lat' dir='ltr'><em>dignum</em></span> <span class='ocrx_word' id='word_1_44' title='bbox 1038 412 1223 463; x_wconf 74' lang='lat' dir='ltr'><em>philosopho</em></span> <span class='ocrx_word' id='word_1_45' title='bbox 1231 413 1378 460; x_wconf 78' lang='lat' dir='ltr'><em>judicat.</em></span> <span class='ocrx_word' id='word_1_46' title='bbox 1408 426 1436 449; x_wconf 85' lang='lat' dir='ltr'><em>c.</em></span> <span class='ocrx_word' id='word_1_47' title='bbox 1462 421 1476 449; x_wconf 91' lang='lat' dir='ltr'><em>l</em></span> <span class='ocrx_word' id='word_1_48' title='bbox 1489 421 1520 450; x_wconf 92' lang='lat' dir='ltr'><em>l.</em></span> <span class='ocrx_word' id='word_1_49' title='bbox 1577 415 1691 463; x_wconf 69' lang='lat' dir='ltr'><em>Neque</em></span> 
     </span>
     <span class='ocr_line' id='line_1_6' title="bbox 320 463 1691 515; baseline 0.001 -14"><span class='ocrx_word' id='word_1_50' title='bbox 320 465 414 502; x_wconf 78' lang='lat' dir='ltr'><em>illam</em></span> <span class='ocrx_word' id='word_1_51' title='bbox 435 463 598 501; x_wconf 78' lang='lat' dir='ltr'><em>latebram</em></span> <span class='ocrx_word' id='word_1_52' title='bbox 621 464 808 514; x_wconf 80' lang='lat' dir='ltr'><em>probat,z&#39;71</em></span> <span class='ocrx_word' id='word_1_53' title='bbox 836 478 937 513; x_wconf 81' lang='lat' dir='ltr'><em>quam</em></span> <span class='ocrx_word' id='word_1_54' title='bbox 966 477 999 501; x_wconf 84' lang='lat' dir='ltr'><em>se</em></span> <span class='ocrx_word' id='word_1_55' title='bbox 1025 466 1156 512; x_wconf 79' lang='lat' dir='ltr'><em>conjecit</em></span> <span class='ocrx_word' id='word_1_56' title='bbox 1190 467 1345 515; x_wconf 80' lang='lat' dir='ltr'><em>Quintus,</em></span> <span class='ocrx_word' id='word_1_57' title='bbox 1374 479 1446 501; x_wconf 78' lang='lat' dir='ltr'><em>cum</em></span> <span class='ocrx_word' id='word_1_58' title='bbox 1476 466 1634 503; x_wconf 84' lang='lat' dir='ltr'><em>rationem</em></span> <span class='ocrx_word' id='word_1_59' title='bbox 1658 479 1691 503; x_wconf 81' lang='lat' dir='ltr'><em>se</em></span> 
     </span>
     <span class='ocr_line' id='line_1_7' title="bbox 321 517 1691 569; baseline 0.001 -16"><span class='ocrx_word' id='word_1_60' title='bbox 321 530 523 568; x_wconf 78' lang='lat' dir='ltr'><em>causamque</em></span> <span class='ocrx_word' id='word_1_61' title='bbox 546 531 608 554; x_wconf 87' lang='lat' dir='ltr'><em>non</em></span> <span class='ocrx_word' id='word_1_62' title='bbox 631 531 778 569; x_wconf 81' lang='lat' dir='ltr'><em>quaerere</em></span> <span class='ocrx_word' id='word_1_63' title='bbox 805 517 937 561; x_wconf 79' lang='lat' dir='ltr'><em>diceret,</em></span> <span class='ocrx_word' id='word_1_64' title='bbox 958 517 1015 553; x_wconf 75' lang='lat' dir='ltr'><em>ubi</em></span> <span class='ocrx_word' id='word_1_65' title='bbox 1040 531 1089 554; x_wconf 85' lang='lat' dir='ltr'><em>res</em></span> <span class='ocrx_word' id='word_1_66' title='bbox 1115 518 1254 556; x_wconf 78' lang='lat' dir='ltr'><em>videret.</em></span> <span class='ocrx_word' id='word_1_67' title='bbox 1279 533 1306 556; x_wconf 87' lang='lat' dir='ltr'><em>c.</em></span> <span class='ocrx_word' id='word_1_68' title='bbox 1322 525 1385 556; x_wconf 86' lang='lat'><em>20.</em></span> <span class='ocrx_word' id='word_1_69' title='bbox 1444 519 1486 554; x_wconf 93' lang='lat' dir='ltr'><em>In</em></span> <span class='ocrx_word' id='word_1_70' title='bbox 1508 519 1691 556; x_wconf 80' lang='lat' dir='ltr'><em>Stoicorum</em></span> 
     </span>
     <span class='ocr_line' id='line_1_8' title="bbox 320 571 1690 622; baseline 0.001 -16"><span class='ocrx_word' id='word_1_71' title='bbox 320 580 430 607; x_wconf 80' lang='lat' dir='ltr'><em>autem</em></span> <span class='ocrx_word' id='word_1_72' title='bbox 449 572 586 614; x_wconf 80' lang='lat' dir='ltr'><em>ratione,</em></span> <span class='ocrx_word' id='word_1_73' title='bbox 605 585 672 621; x_wconf 74' lang='lat' dir='ltr'><em>qua</em></span> <span class='ocrx_word' id='word_1_74' title='bbox 699 571 937 608; x_wconf 82' lang='lat' dir='ltr'><em>divinationem</em></span> <span class='ocrx_word' id='word_1_75' title='bbox 963 583 1029 606; x_wconf 85' lang='lat' dir='ltr'><em>esse</em></span> <span class='ocrx_word' id='word_1_76' title='bbox 1055 571 1267 616; x_wconf 81' lang='lat' dir='ltr'><em>concludant,</em></span> <span class='ocrx_word' id='word_1_77' title='bbox 1294 573 1380 608; x_wconf 82' lang='lat' dir='ltr'><em>sumi</em></span> <span class='ocrx_word' id='word_1_78' title='bbox 1407 573 1457 608; x_wconf 79' lang='lat' dir='ltr'><em>ait</em></span> <span class='ocrx_word' id='word_1_79' title='bbox 1484 585 1535 614; x_wconf 81' lang='lat' dir='ltr'><em>ea,</em></span> <span class='ocrx_word' id='word_1_80' title='bbox 1553 586 1690 622; x_wconf 83' lang='lat' dir='ltr'><em>quorum</em></span> 
     </span>
     <span class='ocr_line' id='line_1_9' title="bbox 319 623 1690 675; baseline 0.001 -15"><span class='ocrx_word' id='word_1_81' title='bbox 319 624 361 660; x_wconf 82' lang='lat' dir='ltr'><em>iis</em></span> <span class='ocrx_word' id='word_1_82' title='bbox 388 623 474 660; x_wconf 84' lang='lat' dir='ltr'><em>nibil</em></span> <span class='ocrx_word' id='word_1_83' title='bbox 497 624 702 661; x_wconf 78' lang='lat' dir='ltr'><em>concedatur.</em></span> <span class='ocrx_word' id='word_1_84' title='bbox 721 637 749 660; x_wconf 78' lang='lat' dir='ltr'><em>o.</em></span> <span class='ocrx_word' id='word_1_85' title='bbox 765 628 828 670; x_wconf 78' lang='lat'><em>49.</em></span> <span class='ocrx_word' id='word_1_86' title='bbox 848 637 876 658; x_wconf 87' lang='lat' dir='ltr'><em>s.</em></span> <span class='ocrx_word' id='word_1_87' title='bbox 935 624 1050 673; x_wconf 80' lang='lat' dir='ltr'><em>Neque</em></span> <span class='ocrx_word' id='word_1_88' title='bbox 1077 623 1222 667; x_wconf 83' lang='lat' dir='ltr'><em>tandem,</em></span> <span class='ocrx_word' id='word_1_89' title='bbox 1252 624 1340 675; x_wconf 72' lang='lat' dir='ltr'><em>quod</em></span> <span class='ocrx_word' id='word_1_90' title='bbox 1364 625 1458 667; x_wconf 82' lang='lat' dir='ltr'><em>oculi,</em></span> <span class='ocrx_word' id='word_1_91' title='bbox 1487 639 1690 675; x_wconf 81' lang='lat' dir='ltr'><em>quamquam</em></span> 
     </span>
     <span class='ocr_line' id='line_1_10' title="bbox 318 675 1690 728; baseline 0.001 -14"><span class='ocrx_word' id='word_1_92' title='bbox 318 677 492 727; x_wconf 80' lang='lat' dir='ltr'><em>aliquoties</em></span> <span class='ocrx_word' id='word_1_93' title='bbox 517 677 654 727; x_wconf 78' lang='lat' dir='ltr'><em>decepti,</em></span> <span class='ocrx_word' id='word_1_94' title='bbox 672 686 781 713; x_wconf 82' lang='lat' dir='ltr'><em>tamen</em></span> <span class='ocrx_word' id='word_1_95' title='bbox 800 689 928 712; x_wconf 83' lang='lat' dir='ltr'><em>sensum</em></span> <span class='ocrx_word' id='word_1_96' title='bbox 949 675 1087 711; x_wconf 82' lang='lat' dir='ltr'><em>videndi</em></span> <span class='ocrx_word' id='word_1_97' title='bbox 1106 676 1274 721; x_wconf 76' lang='lat' dir='ltr'><em>haberent,</em></span> <span class='ocrx_word' id='word_1_98' title='bbox 1290 688 1458 728; x_wconf 78' lang='lat' dir='ltr'><em>propterea</em></span> <span class='ocrx_word' id='word_1_99' title='bbox 1477 679 1577 715; x_wconf 81' lang='lat' dir='ltr'><em>etiam</em></span> <span class='ocrx_word' id='word_1_100' title='bbox 1597 678 1690 714; x_wconf 80' lang='lat' dir='ltr'><em>divi-</em></span> 
     </span>
     <span class='ocr_line' id='line_1_11' title="bbox 318 728 1690 779; baseline 0 -12"><span class='ocrx_word' id='word_1_101' title='bbox 318 731 483 767; x_wconf 75' lang='lat' dir='ltr'><em>nationem</em></span> <span class='ocrx_word' id='word_1_102' title='bbox 501 743 579 773; x_wconf 85' lang='lat' dir='ltr'><em>esse‚</em></span> <span class='ocrx_word' id='word_1_103' title='bbox 598 730 659 766; x_wconf 84' lang='lat' dir='ltr'><em>etsi</em></span> <span class='ocrx_word' id='word_1_104' title='bbox 678 729 951 779; x_wconf 78' lang='lat' dir='ltr'><em>saepefallatur3</em></span> <span class='ocrx_word' id='word_1_105' title='bbox 979 728 1067 779; x_wconf 81' lang='lat' dir='ltr'><em>quod</em></span> <span class='ocrx_word' id='word_1_106' title='bbox 1082 729 1166 765; x_wconf 78' lang='lat' dir='ltr'><em>oculi</em></span> <span class='ocrx_word' id='word_1_107' title='bbox 1184 743 1268 767; x_wconf 82' lang='lat' dir='ltr'><em>vera</em></span> <span class='ocrx_word' id='word_1_108' title='bbox 1287 741 1446 767; x_wconf 78' lang='lat' dir='ltr'><em>cernentes</em></span> <span class='ocrx_word' id='word_1_109' title='bbox 1466 739 1607 768; x_wconf 85' lang='lat' dir='ltr'><em>utantur</em></span> <span class='ocrx_word' id='word_1_110' title='bbox 1625 745 1690 768; x_wconf 84' lang='lat' dir='ltr'><em>na-</em></span> 
     </span>
     <span class='ocr_line' id='line_1_12' title="bbox 319 782 1690 828; baseline 0 -8"><span class='ocrx_word' id='word_1_111' title='bbox 319 792 400 820; x_wconf 84' lang='lat' dir='ltr'><em>tura</em></span> <span class='ocrx_word' id='word_1_112' title='bbox 431 793 462 820; x_wconf 83' lang='lat' dir='ltr'><em>et</em></span> <span class='ocrx_word' id='word_1_113' title='bbox 492 797 601 825; x_wconf 83' lang='lat' dir='ltr'><em>sensu,</em></span> <span class='ocrx_word' id='word_1_114' title='bbox 629 783 733 818; x_wconf 83' lang='lat' dir='ltr'><em>animi</em></span> <span class='ocrx_word' id='word_1_115' title='bbox 758 791 868 818; x_wconf 82' lang='lat' dir='ltr'><em>autem</em></span> <span class='ocrx_word' id='word_1_116' title='bbox 896 782 930 817; x_wconf 81' lang='lat' dir='ltr'><em>in</em></span> <span class='ocrx_word' id='word_1_117' title='bbox 954 782 1086 818; x_wconf 83' lang='lat' dir='ltr'><em>somniis</em></span> <span class='ocrx_word' id='word_1_118' title='bbox 1115 791 1177 818; x_wconf 87' lang='lat' dir='ltr'><em>aut</em></span> <span class='ocrx_word' id='word_1_119' title='bbox 1203 784 1376 820; x_wconf 82' lang='lat' dir='ltr'><em>vaticiniis</em></span> <span class='ocrx_word' id='word_1_120' title='bbox 1403 797 1487 822; x_wconf 81' lang='lat' dir='ltr'><em>vera</em></span> <span class='ocrx_word' id='word_1_121' title='bbox 1513 794 1690 828; x_wconf 78' lang='lat' dir='ltr'><em>cernentes,</em></span> 
     </span>
     <span class='ocr_line' id='line_1_13' title="bbox 302 837 795 884; baseline -0.002 -11.992"><span class='ocrx_word' id='word_1_122' title='bbox 302 837 455 884; x_wconf 81' lang='lat' dir='ltr'><em>fhrtuna</em></span> <span class='ocrx_word' id='word_1_123' title='bbox 473 846 505 872; x_wconf 80' lang='lat' dir='ltr'><em>et</em></span> <span class='ocrx_word' id='word_1_124' title='bbox 524 849 616 874; x_wconf 86' lang='lat' dir='ltr'><em>casu</em></span> <span class='ocrx_word' id='word_1_125' title='bbox 638 849 665 872; x_wconf 85' lang='lat' dir='ltr'><em>c</em></span> <span class='ocrx_word' id='word_1_126' title='bbox 682 842 746 874; x_wconf 84' lang='lat'><em>52.</em></span> <span class='ocrx_word' id='word_1_127' title='bbox 766 848 795 872; x_wconf 91' lang='lat' dir='ltr'><em>s.</em></span> 
     </span>
    </p>
   </div>
   <div class='ocr_carea' id='block_1_3' title="bbox 133 904 1691 2739">
    <p class='ocr_par' dir='ltr' id='par_1_3' title="bbox 133 904 1691 2739">
     <span class='ocr_line' id='line_1_14' title="bbox 226 904 1688 990; baseline 0.001 -15"><span class='ocrx_word' id='word_1_128' title='bbox 226 918 251 965; x_wconf 82' lang='lat'>1</span> <span class='ocrx_word' id='word_1_129' title='bbox 268 904 621 984; x_wconf 80' lang='lat' dir='ltr'>QUAERENTI</span> <span class='ocrx_word' id='word_1_130' title='bbox 654 933 772 983; x_wconf 84' lang='lat' dir='ltr'><em>mihi,</em></span> <span class='ocrx_word' id='word_1_131' title='bbox 803 932 1069 988; x_wconf 86' lang='lat' dir='ltr'><em>multumque</em></span> <span class='ocrx_word' id='word_1_132' title='bbox 1094 942 1136 974; x_wconf 90' lang='lat' dir='ltr'><em>et</em></span> <span class='ocrx_word' id='word_1_133' title='bbox 1164 933 1238 975; x_wconf 88' lang='lat' dir='ltr'><em>diu</em></span> <span class='ocrx_word' id='word_1_134' title='bbox 1266 934 1483 990; x_wconf 81' lang='lat' dir='ltr'><em>cogitanti,</em></span> <span class='ocrx_word' id='word_1_135' title='bbox 1507 949 1688 990; x_wconf 81' lang='lat' dir='ltr'><em>quanam</em></span> 
     </span>
     <span class='ocr_line' id='line_1_15' title="bbox 234 989 1691 1046; baseline 0.001 -15"><span class='ocrx_word' id='word_1_136' title='bbox 234 992 249 1021; x_wconf 92' lang='lat'>1</span> <span class='ocrx_word' id='word_1_137' title='bbox 268 1005 310 1031; x_wconf 89' lang='lat' dir='ltr'><em>re</em></span> <span class='ocrx_word' id='word_1_138' title='bbox 346 1005 514 1045; x_wconf 87' lang='lat' dir='ltr'><em>possem</em></span> <span class='ocrx_word' id='word_1_139' title='bbox 546 990 744 1046; x_wconf 82' lang='lat' dir='ltr'><em>prodesse</em></span> <span class='ocrx_word' id='word_1_140' title='bbox 777 1005 903 1045; x_wconf 88' lang='lat' dir='ltr'><em>quam</em></span> <span class='ocrx_word' id='word_1_141' title='bbox 932 989 1135 1045; x_wconf 77' lang='lat' dir='ltr'><strong>plurimis,</strong></span> <span class='ocrx_word' id='word_1_142' title='bbox 1164 1004 1214 1030; x_wconf 89' lang='lat' dir='ltr'><em>ne</em></span> <span class='ocrx_word' id='word_1_143' title='bbox 1245 991 1413 1046; x_wconf 72' lang='lat' dir='ltr'><em>quando</em></span> <span class='ocrx_word' id='word_1_144' title='bbox 1442 991 1691 1033; x_wconf 87' lang='lat' dir='ltr'><em>intermitte-</em></span> 
     </span>
     <span class='ocr_line' id='line_1_16' title="bbox 264 1047 1689 1111; baseline 0.001 -24"><span class='ocrx_word' id='word_1_145' title='bbox 264 1061 353 1087; x_wconf 91' lang='lat' dir='ltr'><em>rem</em></span> <span class='ocrx_word' id='word_1_146' title='bbox 385 1047 602 1089; x_wconf 89' lang='lat' dir='ltr'><em>consulere</em></span> <span class='ocrx_word' id='word_1_147' title='bbox 615 1047 885 1111; x_wconf 79' lang='lat' dir='ltr'><em>reipublicae,</em></span> <span class='ocrx_word' id='word_1_148' title='bbox 917 1047 1030 1087; x_wconf 86' lang='lat' dir='ltr'><em>nulla</em></span> <span class='ocrx_word' id='word_1_149' title='bbox 1055 1061 1189 1110; x_wconf 75' lang='lat' dir='ltr'><em>major</em></span> <span class='ocrx_word' id='word_1_150' title='bbox 1217 1048 1476 1098; x_wconf 82' lang='lat' dir='ltr'><em>occurrebat,</em></span> <span class='ocrx_word' id='word_1_151' title='bbox 1502 1063 1628 1103; x_wconf 86' lang='lat' dir='ltr'><em>quam</em></span> <span class='ocrx_word' id='word_1_152' title='bbox 1654 1048 1689 1089; x_wconf 91' lang='lat' dir='ltr'><em>si</em></span> 
     </span>
     <span class='ocr_line' id='line_1_17' title="bbox 263 1102 1689 1159; baseline 0.001 -15"><span class='ocrx_word' id='word_1_153' title='bbox 263 1103 520 1158; x_wconf 84' lang='lat' dir='ltr'><em>optimarum</em></span> <span class='ocrx_word' id='word_1_154' title='bbox 550 1104 699 1144; x_wconf 86' lang='lat' dir='ltr'><em>artium</em></span> <span class='ocrx_word' id='word_1_155' title='bbox 732 1102 815 1143; x_wconf 87' lang='lat' dir='ltr'><em>vias</em></span> <span class='ocrx_word' id='word_1_156' title='bbox 844 1102 1050 1143; x_wconf 77' lang='lat' dir='ltr'><em>traderem</em></span> <span class='ocrx_word' id='word_1_157' title='bbox 1080 1103 1183 1143; x_wconf 86' lang='lat' dir='ltr'><em>meis</em></span> <span class='ocrx_word' id='word_1_158' title='bbox 1215 1103 1398 1144; x_wconf 77' lang='lat' dir='ltr'><em>civibus:</em></span> <span class='ocrx_word' id='word_1_159' title='bbox 1430 1104 1545 1159; x_wconf 89' lang='lat' dir='ltr'><em>quod</em></span> <span class='ocrx_word' id='word_1_160' title='bbox 1570 1119 1689 1145; x_wconf 85' lang='lat' dir='ltr'><em>com-</em></span> 
     </span>
     <span class='ocr_line' id='line_1_18' title="bbox 262 1159 1688 1216; baseline 0 -15"><span class='ocrx_word' id='word_1_161' title='bbox 262 1159 484 1214; x_wconf 86' lang='lat' dir='ltr'><em>pluribus</em></span> <span class='ocrx_word' id='word_1_162' title='bbox 467 1176 558 1216; x_wconf 71' lang='lat' dir='ltr'><em>jam</em></span> <span class='ocrx_word' id='word_1_163' title='bbox 579 1160 694 1201; x_wconf 90' lang='lat' dir='ltr'><em>libris</em></span> <span class='ocrx_word' id='word_1_164' title='bbox 710 1174 777 1200; x_wconf 89' lang='lat' dir='ltr'><em>me</em></span> <span class='ocrx_word' id='word_1_165' title='bbox 796 1159 975 1200; x_wconf 75' lang='lat' dir='ltr'><em>arbitior</em></span> <span class='ocrx_word' id='word_1_166' title='bbox 993 1167 1280 1200; x_wconf 81' lang='lat' dir='ltr'><em>consecutum.</em></span> <span class='ocrx_word' id='word_1_167' title='bbox 1340 1161 1453 1200; x_wconf 83' lang='lat' dir='ltr'><em>Nam</em></span> <span class='ocrx_word' id='word_1_168' title='bbox 1474 1170 1516 1201; x_wconf 87' lang='lat' dir='ltr'><em>et</em></span> <span class='ocrx_word' id='word_1_169' title='bbox 1535 1161 1688 1201; x_wconf 90' lang='lat' dir='ltr'><em>cohor-</em></span> 
     </span>
     <span class='ocr_line' id='line_1_19' title="bbox 263 1215 1688 1279; baseline 0.001 -23"><span class='ocrx_word' id='word_1_170' title='bbox 263 1217 340 1257; x_wconf 91' lang='lat' dir='ltr'><em>tati</em></span> <span class='ocrx_word' id='word_1_171' title='bbox 361 1232 521 1268; x_wconf 79' lang='lat' dir='ltr'><em>sumus,</em></span> <span class='ocrx_word' id='word_1_172' title='bbox 543 1224 585 1258; x_wconf 89' lang='lat' dir='ltr'><em>et</em></span> <span class='ocrx_word' id='word_1_173' title='bbox 604 1216 784 1257; x_wconf 83' lang='lat' dir='ltr'><em>maxime</em></span> <span class='ocrx_word' id='word_1_174' title='bbox 806 1216 1046 1279; x_wconf 78' lang='lat' dir='ltr'><em>potuimuS,</em></span> <span class='ocrx_word' id='word_1_175' title='bbox 1060 1215 1113 1255; x_wconf 88' lang='lat' dir='ltr'><em>ad</em></span> <span class='ocrx_word' id='word_1_176' title='bbox 1133 1215 1409 1270; x_wconf 78' lang='lat' dir='ltr'><em>philosophiae</em></span> <span class='ocrx_word' id='word_1_177' title='bbox 1431 1217 1615 1257; x_wconf 85' lang='lat' dir='ltr'><em>studium</em></span> <span class='ocrx_word' id='word_1_178' title='bbox 1637 1232 1688 1257; x_wconf 88' lang='lat' dir='ltr'><em>eo</em></span> 
     </span>
     <span class='ocr_line' id='line_1_20' title="bbox 262 1271 1688 1328; baseline 0.001 -15"><span class='ocrx_word' id='word_1_179' title='bbox 262 1272 386 1323; x_wconf 79' lang='lat' dir='ltr'><em>libro,</em></span> <span class='ocrx_word' id='word_1_180' title='bbox 407 1273 478 1328; x_wconf 90' lang='lat' dir='ltr'><em>qui</em></span> <span class='ocrx_word' id='word_1_181' title='bbox 507 1282 570 1314; x_wconf 89' lang='lat' dir='ltr'><em>est</em></span> <span class='ocrx_word' id='word_1_182' title='bbox 597 1272 819 1328; x_wconf 78' lang='lat' dir='ltr'><em>inscriptus</em></span> <span class='ocrx_word' id='word_1_183' title='bbox 849 1271 1114 1322; x_wconf 80' lang='lat' dir='ltr'><em>Hortensius,</em></span> <span class='ocrx_word' id='word_1_184' title='bbox 1135 1280 1192 1323; x_wconf 81' lang='lat' dir='ltr'><em>et,</em></span> <span class='ocrx_word' id='word_1_185' title='bbox 1214 1272 1328 1327; x_wconf 87' lang='lat' dir='ltr'><em>quod</em></span> <span class='ocrx_word' id='word_1_186' title='bbox 1348 1287 1481 1327; x_wconf 80' lang='lat' dir='ltr'><em>genus</em></span> <span class='ocrx_word' id='word_1_187' title='bbox 1500 1273 1688 1328; x_wconf 86' lang='lat' dir='ltr'><em>philoso-</em></span> 
     </span>
     <span class='ocr_line' id='line_1_21' title="bbox 262 1328 1689 1384; baseline 0.001 -15"><span class='ocrx_word' id='word_1_188' title='bbox 262 1328 421 1384; x_wconf 86' lang='lat' dir='ltr'><em>phandi</em></span> <span class='ocrx_word' id='word_1_189' title='bbox 443 1329 614 1370; x_wconf 88' lang='lat' dir='ltr'><em>minime</em></span> <span class='ocrx_word' id='word_1_190' title='bbox 634 1343 847 1384; x_wconf 78' lang='lat' dir='ltr'><em>arrogans,</em></span> <span class='ocrx_word' id='word_1_191' title='bbox 869 1329 1134 1383; x_wconf 78' lang='lat' dir='ltr'>maximeque</span> <span class='ocrx_word' id='word_1_192' title='bbox 1167 1336 1210 1369; x_wconf 91' lang='lat' dir='ltr'><em>et</em></span> <span class='ocrx_word' id='word_1_193' title='bbox 1241 1339 1436 1370; x_wconf 74' lang='lat' dir='ltr'><em>constans</em></span> <span class='ocrx_word' id='word_1_194' title='bbox 1457 1338 1500 1369; x_wconf 89' lang='lat' dir='ltr'><em>et</em></span> <span class='ocrx_word' id='word_1_195' title='bbox 1519 1329 1689 1384; x_wconf 83' lang='lat' dir='ltr'><em>elegans</em></span> 
     </span>
     <span class='ocr_line' id='line_1_22' title="bbox 226 1384 1688 1441; baseline 0.001 -17"><span class='ocrx_word' id='word_1_196' title='bbox 226 1385 574 1437; x_wconf 82' lang='lat' dir='ltr'><em>2arbitraremur,</em></span> <span class='ocrx_word' id='word_1_197' title='bbox 596 1394 794 1441; x_wconf 85' lang='lat' dir='ltr'><em>quattuor</em></span> <span class='ocrx_word' id='word_1_198' title='bbox 812 1384 1078 1426; x_wconf 74' lang='lat' dir='ltr'><em>Academicis</em></span> <span class='ocrx_word' id='word_1_199' title='bbox 1096 1384 1211 1425; x_wconf 85' lang='lat' dir='ltr'><em>libris</em></span> <span class='ocrx_word' id='word_1_200' title='bbox 1228 1385 1501 1426; x_wconf 61' lang='lat' dir='ltr'><em>ostendimus</em></span> <span class='ocrx_word' id='word_1_201' title='bbox 1554 1385 1688 1426; x_wconf 89' lang='lat' dir='ltr'><em>Cum-</em></span> 
     </span>
     <span class='ocr_line' id='line_1_23' title="bbox 263 1441 1690 1497; baseline 0 -14"><span class='ocrx_word' id='word_1_202' title='bbox 263 1457 346 1497; x_wconf 90' lang='lat' dir='ltr'><em>que</em></span> <span class='ocrx_word' id='word_1_203' title='bbox 368 1441 689 1483; x_wconf 82' lang='lat' dir='ltr'><em>fundamentum</em></span> <span class='ocrx_word' id='word_1_204' title='bbox 711 1451 821 1483; x_wconf 86' lang='lat' dir='ltr'><em>esset</em></span> <span class='ocrx_word' id='word_1_205' title='bbox 839 1441 1118 1497; x_wconf 65' lang='lat' dir='ltr'><em>philosophiae</em></span> <span class='ocrx_word' id='word_1_206' title='bbox 1143 1442 1328 1497; x_wconf 84' lang='lat' dir='ltr'><em>positum</em></span> <span class='ocrx_word' id='word_1_207' title='bbox 1358 1442 1401 1482; x_wconf 90' lang='lat' dir='ltr'><em>in</em></span> <span class='ocrx_word' id='word_1_208' title='bbox 1431 1442 1579 1483; x_wconf 84' lang='lat' dir='ltr'><em>finibus</em></span> <span class='ocrx_word' id='word_1_209' title='bbox 1611 1443 1690 1483; x_wconf 92' lang='lat' dir='ltr'><em>bo-</em></span> 
     </span>
     <span class='ocr_line' id='line_1_24' title="bbox 262 1498 1690 1554; baseline 0.001 -16"><span class='ocrx_word' id='word_1_210' title='bbox 262 1513 414 1540; x_wconf 89' lang='lat' dir='ltr'><em>norum</em></span> <span class='ocrx_word' id='word_1_211' title='bbox 437 1507 480 1540; x_wconf 87' lang='lat' dir='ltr'><em>et</em></span> <span class='ocrx_word' id='word_1_212' title='bbox 497 1499 720 1550; x_wconf 88' lang='lat' dir='ltr'><em>malorum,</em></span> <span class='ocrx_word' id='word_1_213' title='bbox 743 1508 1023 1554; x_wconf 76' lang='lat' dir='ltr'><em>peipurgatus</em></span> <span class='ocrx_word' id='word_1_214' title='bbox 1043 1506 1107 1538; x_wconf 80' lang='lat' dir='ltr'><em>est</em></span> <span class='ocrx_word' id='word_1_215' title='bbox 1126 1498 1161 1539; x_wconf 90' lang='lat' dir='ltr'><em>is</em></span> <span class='ocrx_word' id='word_1_216' title='bbox 1182 1498 1300 1539; x_wconf 88' lang='lat' dir='ltr'><em>locus</em></span> <span class='ocrx_word' id='word_1_217' title='bbox 1321 1513 1345 1538; x_wconf 93' lang='lat' dir='ltr'><em>a</em></span> <span class='ocrx_word' id='word_1_218' title='bbox 1366 1498 1486 1539; x_wconf 89' lang='lat' dir='ltr'><em>nobis</em></span> <span class='ocrx_word' id='word_1_219' title='bbox 1504 1498 1603 1554; x_wconf 85' lang='lat' dir='ltr'><em>quin</em></span> <span class='ocrx_word' id='word_1_220' title='bbox 1608 1513 1690 1554; x_wconf 89' lang='lat' dir='ltr'><em>que</em></span> 
     </span>
     <span class='ocr_line' id='line_1_25' title="bbox 260 1554 1688 1612; baseline 0 -17"><span class='ocrx_word' id='word_1_221' title='bbox 260 1554 392 1606; x_wconf 80' lang='lat' dir='ltr'><em>libris,</em></span> <span class='ocrx_word' id='word_1_222' title='bbox 413 1564 475 1606; x_wconf 87' lang='lat' dir='ltr'><em>ut,</em></span> <span class='ocrx_word' id='word_1_223' title='bbox 496 1555 598 1612; x_wconf 89' lang='lat' dir='ltr'><em>quid</em></span> <span class='ocrx_word' id='word_1_224' title='bbox 628 1570 652 1596; x_wconf 88' lang='lat' dir='ltr'><em>a</em></span> <span class='ocrx_word' id='word_1_225' title='bbox 683 1570 866 1611; x_wconf 80' lang='lat' dir='ltr'><em>quoque,</em></span> <span class='ocrx_word' id='word_1_226' title='bbox 889 1564 931 1596; x_wconf 90' lang='lat' dir='ltr'><em>et</em></span> <span class='ocrx_word' id='word_1_227' title='bbox 961 1554 1061 1610; x_wconf 87' lang='lat' dir='ltr'><em>quid</em></span> <span class='ocrx_word' id='word_1_228' title='bbox 1090 1563 1237 1595; x_wconf 87' lang='lat' dir='ltr'><em>contra</em></span> <span class='ocrx_word' id='word_1_229' title='bbox 1266 1569 1475 1610; x_wconf 86' lang='lat' dir='ltr'><em>quemque</em></span> <span class='ocrx_word' id='word_1_230' title='bbox 1500 1555 1688 1610; x_wconf 87' lang='lat' dir='ltr'><em>philoso-</em></span> 
     </span>
     <span class='ocr_line' id='line_1_26' title="bbox 262 1610 1687 1667; baseline 0.001 -16"><span class='ocrx_word' id='word_1_231' title='bbox 262 1611 395 1665; x_wconf 86' lang='lat' dir='ltr'><em>phum</em></span> <span class='ocrx_word' id='word_1_232' title='bbox 428 1612 649 1662; x_wconf 86' lang='lat' dir='ltr'><em>diceretur,</em></span> <span class='ocrx_word' id='word_1_233' title='bbox 685 1612 862 1667; x_wconf 79' lang='lat' dir='ltr'><em>intelligi</em></span> <span class='ocrx_word' id='word_1_234' title='bbox 899 1619 1055 1666; x_wconf 82' lang='lat' dir='ltr'><em>posset.</em></span> <span class='ocrx_word' id='word_1_235' title='bbox 1113 1611 1307 1652; x_wconf 75' lang='lat' dir='ltr'><em>Totidem</em></span> <span class='ocrx_word' id='word_1_236' title='bbox 1342 1611 1553 1651; x_wconf 85' lang='lat' dir='ltr'><em>subsecuti</em></span> <span class='ocrx_word' id='word_1_237' title='bbox 1590 1610 1687 1652; x_wconf 85' lang='lat' dir='ltr'><em>libri</em></span> 
     </span>
     <span class='ocr_line' id='line_1_27' title="bbox 261 1666 1687 1723; baseline 0 -15"><span class='ocrx_word' id='word_1_238' title='bbox 261 1668 520 1709; x_wconf 81' lang='lat' dir='ltr'><em>Tusculanal</em></span> <span class='ocrx_word' id='word_1_239' title='bbox 522 1684 594 1709; x_wconf 92' lang='lat' dir='ltr'><em>um</em></span> <span class='ocrx_word' id='word_1_240' title='bbox 615 1668 955 1723; x_wconf 78' lang='lat' dir='ltr'><em>disputationem,</em></span> <span class='ocrx_word' id='word_1_241' title='bbox 971 1683 1034 1708; x_wconf 85' lang='lat' dir='ltr'><em>res</em></span> <span class='ocrx_word' id='word_1_242' title='bbox 1054 1667 1107 1708; x_wconf 88' lang='lat' dir='ltr'><em>ad</em></span> <span class='ocrx_word' id='word_1_243' title='bbox 1127 1669 1245 1708; x_wconf 83' lang='lat' dir='ltr'><em>beate</em></span> <span class='ocrx_word' id='word_1_244' title='bbox 1266 1667 1485 1708; x_wconf 82' lang='lat' dir='ltr'><em>vivendum</em></span> <span class='ocrx_word' id='word_1_245' title='bbox 1507 1666 1687 1708; x_wconf 81' lang='lat' dir='ltr'><em>maxime</em></span> 
     </span>
     <span class='ocr_line' id='line_1_28' title="bbox 261 1723 1688 1780; baseline -0.001 -15"><span class='ocrx_word' id='word_1_246' title='bbox 261 1725 512 1765; x_wconf 80' lang='lat' dir='ltr'><em>necessarias</em></span> <span class='ocrx_word' id='word_1_247' title='bbox 550 1732 814 1780; x_wconf 83' lang='lat' dir='ltr'><em>aperuerunt.</em></span> <span class='ocrx_word' id='word_1_248' title='bbox 864 1724 1022 1779; x_wconf 87' lang='lat' dir='ltr'><em>primus</em></span> <span class='ocrx_word' id='word_1_249' title='bbox 1059 1723 1169 1764; x_wconf 89' lang='lat' dir='ltr'><em>enim</em></span> <span class='ocrx_word' id='word_1_250' title='bbox 1200 1732 1264 1764; x_wconf 89' lang='lat' dir='ltr'><em>est</em></span> <span class='ocrx_word' id='word_1_251' title='bbox 1293 1723 1344 1763; x_wconf 89' lang='lat' dir='ltr'><em>de</em></span> <span class='ocrx_word' id='word_1_252' title='bbox 1383 1723 1688 1764; x_wconf 84' lang='lat' dir='ltr'><em>contemnenda</em></span> 
     </span>
     <span class='ocr_line' id='line_1_29' title="bbox 259 1779 1688 1834; baseline 0 -14"><span class='ocrx_word' id='word_1_253' title='bbox 259 1789 425 1821; x_wconf 87' lang='lat' dir='ltr'><em>morte.</em></span> <span class='ocrx_word' id='word_1_254' title='bbox 457 1781 663 1822; x_wconf 87' lang='lat' dir='ltr'><em>secundus</em></span> <span class='ocrx_word' id='word_1_255' title='bbox 694 1781 745 1821; x_wconf 90' lang='lat' dir='ltr'><em>de</em></span> <span class='ocrx_word' id='word_1_256' title='bbox 775 1780 994 1821; x_wconf 81' lang='lat' dir='ltr'><em>tolerando</em></span> <span class='ocrx_word' id='word_1_257' title='bbox 1022 1780 1190 1820; x_wconf 85' lang='lat' dir='ltr'><em>dolore:</em></span> <span class='ocrx_word' id='word_1_258' title='bbox 1226 1779 1277 1819; x_wconf 83' lang='grc'><em>(16</em></span> <span class='ocrx_word' id='word_1_259' title='bbox 1308 1779 1555 1834; x_wconf 76' lang='lat' dir='ltr'><em>aegritudine</em></span> <span class='ocrx_word' id='word_1_260' title='bbox 1584 1779 1688 1820; x_wconf 88' lang='lat' dir='ltr'><em>leni-</em></span> 
     </span>
     <span class='ocr_line' id='line_1_30' title="bbox 260 1835 1684 1892; baseline 0 -14"><span class='ocrx_word' id='word_1_261' title='bbox 260 1836 369 1877; x_wconf 90' lang='lat' dir='ltr'><em>enda</em></span> <span class='ocrx_word' id='word_1_262' title='bbox 402 1838 581 1878; x_wconf 87' lang='lat' dir='ltr'><em>tertius:</em></span> <span class='ocrx_word' id='word_1_263' title='bbox 629 1846 800 1892; x_wconf 85' lang='lat' dir='ltr'><em>quartus</em></span> <span class='ocrx_word' id='word_1_264' title='bbox 835 1837 887 1876; x_wconf 90' lang='lat' dir='ltr'><em>de</em></span> <span class='ocrx_word' id='word_1_265' title='bbox 917 1836 1086 1892; x_wconf 85' lang='lat' dir='ltr'><em>reliquis</em></span> <span class='ocrx_word' id='word_1_266' title='bbox 1116 1836 1243 1876; x_wconf 84' lang='lat' dir='ltr'><em>animi</em></span> <span class='ocrx_word' id='word_1_267' title='bbox 1272 1835 1684 1890; x_wconf 82' lang='lat' dir='ltr'><em>perturbationibus:</em></span> 
     </span>
     <span class='ocr_line' id='line_1_31' title="bbox 258 1891 1685 1948; baseline 0 -14"><span class='ocrx_word' id='word_1_268' title='bbox 258 1894 432 1948; x_wconf 89' lang='lat' dir='ltr'><em>quintus</em></span> <span class='ocrx_word' id='word_1_269' title='bbox 459 1908 556 1934; x_wconf 90' lang='lat' dir='ltr'><em>eum</em></span> <span class='ocrx_word' id='word_1_270' title='bbox 583 1894 725 1934; x_wconf 90' lang='lat' dir='ltr'><em>locum</em></span> <span class='ocrx_word' id='word_1_271' title='bbox 754 1893 997 1948; x_wconf 76' lang='lat' dir='ltr'><em>complexus</em></span> <span class='ocrx_word' id='word_1_272' title='bbox 1025 1900 1102 1942; x_wconf 86' lang='lat' dir='ltr'><em>est,</em></span> <span class='ocrx_word' id='word_1_273' title='bbox 1123 1892 1195 1947; x_wconf 89' lang='lat' dir='ltr'><em>qui</em></span> <span class='ocrx_word' id='word_1_274' title='bbox 1214 1901 1347 1933; x_wconf 86' lang='lat' dir='ltr'><em>totam</em></span> <span class='ocrx_word' id='word_1_275' title='bbox 1374 1891 1685 1947; x_wconf 83' lang='lat' dir='ltr'><em>philosophiam</em></span> 
     </span>
     <span class='ocr_line' id='line_1_32' title="bbox 260 1948 1686 2000; baseline 0 -10"><span class='ocrx_word' id='word_1_276' title='bbox 260 1950 443 1990; x_wconf 83' lang='lat' dir='ltr'><em>maxime</em></span> <span class='ocrx_word' id='word_1_277' title='bbox 462 1950 673 2000; x_wconf 79' lang='lat' dir='ltr'><em>illustrat3</em></span> <span class='ocrx_word' id='word_1_278' title='bbox 704 1949 830 1990; x_wconf 89' lang='lat' dir='ltr'><em>docet</em></span> <span class='ocrx_word' id='word_1_279' title='bbox 859 1964 985 1999; x_wconf 80' lang='grc'>6111111,</span> <span class='ocrx_word' id='word_1_280' title='bbox 1008 1948 1060 1990; x_wconf 84' lang='lat' dir='ltr'><em>ad</em></span> <span class='ocrx_word' id='word_1_281' title='bbox 1090 1950 1212 1989; x_wconf 85' lang='lat' dir='ltr'><em>beate</em></span> <span class='ocrx_word' id='word_1_282' title='bbox 1242 1949 1460 1989; x_wconf 84' lang='lat' dir='ltr'><em>vivendum</em></span> <span class='ocrx_word' id='word_1_283' title='bbox 1489 1948 1686 1990; x_wconf 82' lang='lat' dir='ltr'><em>virtutem</em></span> 
     </span>
     <span class='ocr_line' id='line_1_33' title="bbox 221 2004 1684 2070; baseline -0.001 -23"><span class='ocrx_word' id='word_1_284' title='bbox 221 2014 246 2047; x_wconf 84' lang='lat'><strong>3</strong></span> <span class='ocrx_word' id='word_1_285' title='bbox 262 2020 306 2047; x_wconf 88' lang='lat' dir='ltr'><em>se</em></span> <span class='ocrx_word' id='word_1_286' title='bbox 324 2006 415 2061; x_wconf 89' lang='lat' dir='ltr'><em>ipsa</em></span> <span class='ocrx_word' id='word_1_287' title='bbox 434 2021 524 2047; x_wconf 86' lang='lat' dir='ltr'><em>esse</em></span> <span class='ocrx_word' id='word_1_288' title='bbox 545 2015 801 2048; x_wconf 88' lang='lat' dir='ltr'><em>contentam.</em></span> <span class='ocrx_word' id='word_1_289' title='bbox 856 2015 868 2037; x_wconf 83' lang='lat'>1</span> <span class='ocrx_word' id='word_1_290' title='bbox 889 2006 1054 2070; x_wconf 77' lang='lat' dir='ltr'><em>Quibus</em></span> <span class='ocrx_word' id='word_1_291' title='bbox 1074 2006 1197 2046; x_wconf 85' lang='lat' dir='ltr'><em>rebus</em></span> <span class='ocrx_word' id='word_1_292' title='bbox 1219 2005 1356 2056; x_wconf 80' lang='lat' dir='ltr'><em>editis,</em></span> <span class='ocrx_word' id='word_1_293' title='bbox 1373 2014 1455 2046; x_wconf 81' lang='lat' dir='ltr'><em>tres</em></span> <span class='ocrx_word' id='word_1_294' title='bbox 1475 2004 1570 2046; x_wconf 84' lang='lat' dir='ltr'><em>libri</em></span> <span class='ocrx_word' id='word_1_295' title='bbox 1590 2020 1684 2070; x_wconf 80' lang='lat' dir='ltr'><em>per-</em></span> 
     </span>
     <span class='ocr_line' id='line_1_34' title="bbox 259 2061 1683 2118; baseline -0.001 -15"><span class='ocrx_word' id='word_1_296' title='bbox 259 2062 360 2104; x_wconf 88' lang='lat' dir='ltr'><em>fecti</em></span> <span class='ocrx_word' id='word_1_297' title='bbox 382 2072 479 2104; x_wconf 90' lang='lat' dir='ltr'><em>sunt</em></span> <span class='ocrx_word' id='word_1_298' title='bbox 498 2063 550 2104; x_wconf 91' lang='lat' dir='ltr'><em>de</em></span> <span class='ocrx_word' id='word_1_299' title='bbox 572 2072 718 2105; x_wconf 87' lang='lat' dir='ltr'><em>natura</em></span> <span class='ocrx_word' id='word_1_300' title='bbox 739 2063 939 2103; x_wconf 86' lang='lat' dir='ltr'><em>deorum:</em></span> <span class='ocrx_word' id='word_1_301' title='bbox 963 2062 1004 2102; x_wconf 88' lang='lat' dir='ltr'><em>in</em></span> <span class='ocrx_word' id='word_1_302' title='bbox 1024 2062 1175 2118; x_wconf 82' lang='lat' dir='ltr'><em>quibus</em></span> <span class='ocrx_word' id='word_1_303' title='bbox 1198 2061 1332 2102; x_wconf 89' lang='lat' dir='ltr'><em>omnis</em></span> <span class='ocrx_word' id='word_1_304' title='bbox 1352 2061 1443 2118; x_wconf 89' lang='lat' dir='ltr'><em>ejus</em></span> <span class='ocrx_word' id='word_1_305' title='bbox 1464 2061 1547 2102; x_wconf 88' lang='lat' dir='ltr'><em>loci</em></span> <span class='ocrx_word' id='word_1_306' title='bbox 1567 2064 1683 2118; x_wconf 83' lang='lat' dir='ltr'><em>qu&#39;ae—</em></span> 
     </span>
     <span class='ocr_line' id='line_1_35' title="bbox 259 2119 1685 2183; baseline 0 -23"><span class='ocrx_word' id='word_1_307' title='bbox 259 2119 341 2160; x_wconf 89' lang='lat' dir='ltr'><em>stio</em></span> <span class='ocrx_word' id='word_1_308' title='bbox 371 2120 623 2161; x_wconf 85' lang='lat' dir='ltr'><em>continetur.</em></span> <span class='ocrx_word' id='word_1_309' title='bbox 663 2135 757 2175; x_wconf 85' lang='lat' dir='ltr'><em>quae</em></span> <span class='ocrx_word' id='word_1_310' title='bbox 788 2129 835 2161; x_wconf 92' lang='lat' dir='ltr'><em>ut</em></span> <span class='ocrx_word' id='word_1_311' title='bbox 865 2119 989 2175; x_wconf 81' lang='lat' dir='ltr'><em>plene</em></span> <span class='ocrx_word' id='word_1_312' title='bbox 1019 2129 1128 2160; x_wconf 87' lang='lat' dir='ltr'><em>esset</em></span> <span class='ocrx_word' id='word_1_313' title='bbox 1158 2119 1453 2183; x_wconf 69' lang='lat' dir='ltr'><em>cumulateque</em></span> <span class='ocrx_word' id='word_1_314' title='bbox 1483 2119 1685 2173; x_wconf 83' lang='lat' dir='ltr'><em>perfecta,</em></span> 
     </span>
     <span class='ocr_line' id='line_1_36' title="bbox 261 2175 1686 2245; baseline -0.001 -29"><span class='ocrx_word' id='word_1_315' title='bbox 261 2175 314 2216; x_wconf 88' lang='lat' dir='ltr'><em>de</em></span> <span class='ocrx_word' id='word_1_316' title='bbox 335 2175 626 2217; x_wconf 87' lang='lat' dir='ltr'><em>divinatione&#39;</em></span> <span class='ocrx_word' id='word_1_317' title='bbox 616 2176 794 2231; x_wconf 74' lang='lat' dir='ltr'><em>ingressi</em></span> <span class='ocrx_word' id='word_1_318' title='bbox 822 2191 967 2216; x_wconf 86' lang='lat' dir='ltr'><em>sumus</em></span> <span class='ocrx_word' id='word_1_319' title='bbox 996 2175 1059 2215; x_wconf 86' lang='lat' dir='ltr'><em>his</em></span> <span class='ocrx_word' id='word_1_320' title='bbox 1088 2176 1201 2216; x_wconf 89' lang='lat' dir='ltr'><em>libris</em></span> <span class='ocrx_word' id='word_1_321' title='bbox 1223 2175 1414 2216; x_wconf 72' lang='lat' dir='ltr'><em>scribere.</em></span> <span class='ocrx_word' id='word_1_322' title='bbox 1444 2175 1596 2245; x_wconf 80' lang='lat' dir='ltr'><em>quibus</em></span> <span class='ocrx_word' id='word_1_323' title='bbox 1621 2177 1686 2229; x_wconf 91' lang='lat' dir='ltr'><em>(ut</em></span> 
     </span>
     <span class='ocr_line' id='line_1_37' title="bbox 133 2231 1683 2288; baseline -0.001 -15"><span class='ocrx_word' id='word_1_324' title='bbox 133 2249 163 2280; x_wconf 72' lang='lat' dir='ltr'><strong>p</strong></span> <span class='ocrx_word' id='word_1_325' title='bbox 179 2246 250 2273; x_wconf 85' lang='lat'>109.</span> <span class='ocrx_word' id='word_1_326' title='bbox 261 2240 326 2273; x_wconf 90' lang='lat' dir='ltr'><em>est</em></span> <span class='ocrx_word' id='word_1_327' title='bbox 346 2232 388 2273; x_wconf 92' lang='lat' dir='ltr'><em>in</em></span> <span class='ocrx_word' id='word_1_328' title='bbox 404 2232 561 2285; x_wconf 91' lang='lat' dir='ltr'><em>animo)</em></span> <span class='ocrx_word' id='word_1_329' title='bbox 583 2232 633 2274; x_wconf 89' lang='lat' dir='ltr'><em>de</em></span> <span class='ocrx_word' id='word_1_330' title='bbox 650 2233 738 2273; x_wconf 86' lang='lat' dir='ltr'><em>fato</em></span> <span class='ocrx_word' id='word_1_331' title='bbox 756 2232 789 2274; x_wconf 87' lang='lat' dir='ltr'><em>si</em></span> <span class='ocrx_word' id='word_1_332' title='bbox 810 2231 1134 2288; x_wconf 78' lang='lat' dir='ltr'><em>adjunxerimus,</em></span> <span class='ocrx_word' id='word_1_333' title='bbox 1148 2232 1226 2272; x_wconf 88' lang='lat' dir='ltr'><em>erit</em></span> <span class='ocrx_word' id='word_1_334' title='bbox 1241 2231 1408 2272; x_wconf 87' lang='lat' dir='ltr'><em>abunde</em></span> <span class='ocrx_word' id='word_1_335' title='bbox 1424 2231 1537 2271; x_wconf 56' lang='lat' dir='ltr'><em>satis-1</em></span> <span class='ocrx_word' id='word_1_336' title='bbox 1529 2232 1683 2272; x_wconf 81' lang='lat' dir='ltr'><em>&#39;actum</em></span> 
     </span>
     <span class='ocr_line' id='line_1_38' title="bbox 221 2287 1686 2345; baseline -0.001 -15"><span class='ocrx_word' id='word_1_337' title='bbox 221 2292 250 2315; x_wconf 88' lang='lat' dir='ltr'><em>a.</em></span> <span class='ocrx_word' id='word_1_338' title='bbox 262 2289 343 2331; x_wconf 84' lang='lat' dir='ltr'><em>toti</em></span> <span class='ocrx_word' id='word_1_339' title='bbox 373 2288 472 2330; x_wconf 85' lang='lat' dir='ltr'><em>huic</em></span> <span class='ocrx_word' id='word_1_340' title='bbox 502 2289 738 2345; x_wconf 71' lang='lat' dir='ltr'><em>quaestioni.</em></span> <span class='ocrx_word' id='word_1_341' title='bbox 797 2289 939 2344; x_wconf 85' lang='lat' dir='ltr'><em>Atque</em></span> <span class='ocrx_word' id='word_1_342' title='bbox 960 2288 1022 2329; x_wconf 89' lang='lat' dir='ltr'><em>his</em></span> <span class='ocrx_word' id='word_1_343' title='bbox 1044 2288 1158 2329; x_wconf 90' lang='lat' dir='ltr'><em>libris</em></span> <span class='ocrx_word' id='word_1_344' title='bbox 1177 2287 1474 2329; x_wconf 82' lang='lat' dir='ltr'><em>annumerandi</em></span> <span class='ocrx_word' id='word_1_345' title='bbox 1495 2296 1592 2328; x_wconf 89' lang='lat' dir='ltr'><em>sunt</em></span> <span class='ocrx_word' id='word_1_346' title='bbox 1613 2302 1686 2328; x_wconf 87' lang='lat' dir='ltr'><em>sex</em></span> 
     </span>
     <span class='ocr_line' id='line_1_39' title="bbox 259 2344 1685 2401; baseline -0.002 -14"><span class='ocrx_word' id='word_1_347' title='bbox 259 2345 314 2387; x_wconf 89' lang='lat' dir='ltr'><em>de</em></span> <span class='ocrx_word' id='word_1_348' title='bbox 345 2346 588 2401; x_wconf 85' lang='lat' dir='ltr'><em>Republica,</em></span> <span class='ocrx_word' id='word_1_349' title='bbox 613 2361 719 2401; x_wconf 88' lang='lat' dir='ltr'><em>quos</em></span> <span class='ocrx_word' id='word_1_350' title='bbox 749 2356 848 2386; x_wconf 86' lang='lat' dir='ltr'><em>tune</em></span> <span class='ocrx_word' id='word_1_351' title='bbox 879 2344 1022 2401; x_wconf 82' lang='lat' dir='ltr'><em>scripsi</em></span> <span class='ocrx_word' id='word_1_352' title='bbox 1027 2359 1136 2394; x_wconf 84' lang='lat' dir='ltr'><em>mus,</em></span> <span class='ocrx_word' id='word_1_353' title='bbox 1165 2360 1262 2385; x_wconf 85' lang='lat' dir='ltr'><em>cum</em></span> <span class='ocrx_word' id='word_1_354' title='bbox 1292 2344 1577 2400; x_wconf 76' lang='lat' dir='ltr'><em>gubernacula</em></span> <span class='ocrx_word' id='word_1_355' title='bbox 1606 2344 1685 2384; x_wconf 88' lang='lat' dir='ltr'><em>rei-</em></span> 
     </span>
     <span class='ocr_line' id='line_1_40' title="bbox 257 2401 1683 2457; baseline -0.001 -14"><span class='ocrx_word' id='word_1_356' title='bbox 257 2401 440 2457; x_wconf 89' lang='lat' dir='ltr'><em>publicae</em></span> <span class='ocrx_word' id='word_1_357' title='bbox 460 2403 719 2444; x_wconf 87' lang='lat' dir='ltr'><em>tenebamus</em></span> <span class='ocrx_word' id='word_1_358' title='bbox 745 2416 872 2457; x_wconf 81' lang='lat' dir='ltr'><em>magn</em></span> <span class='ocrx_word' id='word_1_359' title='bbox 865 2417 925 2442; x_wconf 90' lang='grc'>,113</span> <span class='ocrx_word' id='word_1_360' title='bbox 945 2403 1077 2452; x_wconf 89' lang='grc'>106113,</span> <span class='ocrx_word' id='word_1_361' title='bbox 1095 2401 1209 2456; x_wconf 80' lang='lat' dir='ltr'><em>philo</em></span> <span class='ocrx_word' id='word_1_362' title='bbox 1203 2401 1454 2456; x_wconf 72' lang='lat' dir='ltr'><em>»sophiaeque</em></span> <span class='ocrx_word' id='word_1_363' title='bbox 1474 2401 1683 2455; x_wconf 83' lang='lat' dir='ltr'><em>proprius,</em></span> 
     </span>
     <span class='ocr_line' id='line_1_41' title="bbox 259 2457 1680 2514; baseline 0 -16"><span class='ocrx_word' id='word_1_364' title='bbox 259 2472 285 2497; x_wconf 91' lang='lat' dir='ltr'><em>a</em></span> <span class='ocrx_word' id='word_1_365' title='bbox 305 2459 495 2509; x_wconf 84' lang='lat' dir='ltr'><em>Platone,</em></span> <span class='ocrx_word' id='word_1_366' title='bbox 518 2459 759 2509; x_wconf 83' lang='lat' dir='ltr'><em>Aristotele,</em></span> <span class='ocrx_word' id='word_1_367' title='bbox 778 2458 1086 2514; x_wconf 76' lang='lat' dir='ltr'><em>TheophrastO,</em></span> <span class='ocrx_word' id='word_1_368' title='bbox 1108 2466 1191 2498; x_wconf 62' lang='lat' dir='ltr'><em>tote</em></span> <span class='ocrx_word' id='word_1_369' title='bbox 1174 2473 1279 2512; x_wconf 75' lang='lat' dir='ltr'><em>que</em></span> <span class='ocrx_word' id='word_1_370' title='bbox 1309 2457 1680 2510; x_wconf 73' lang='lat' dir='ltr'><em>Peripateticorum</em></span> 
     </span>
     <span class='ocr_line' id='line_1_42' title="bbox 259 2512 1684 2569; baseline 0 -15"><span class='ocrx_word' id='word_1_371' title='bbox 259 2514 419 2554; x_wconf 87' lang='lat' dir='ltr'><em>familia</em></span> <span class='ocrx_word' id='word_1_372' title='bbox 445 2524 646 2556; x_wconf 85' lang='lat' dir='ltr'><em>tractatus</em></span> <span class='ocrx_word' id='word_1_373' title='bbox 665 2516 889 2556; x_wconf 86' lang='lat' dir='ltr'><em>uberrime.</em></span> <span class='ocrx_word' id='word_1_374' title='bbox 950 2516 1060 2554; x_wconf 84' lang='lat' dir='ltr'><em>Nam</em></span> <span class='ocrx_word' id='word_1_375' title='bbox 1083 2514 1182 2569; x_wconf 74' lang='lat' dir='ltr'><em>quid</em></span> <span class='ocrx_word' id='word_1_376' title='bbox 1202 2527 1284 2568; x_wconf 68' lang='lat' dir='ltr'><em>fg(</em></span> <span class='ocrx_word' id='word_1_377' title='bbox 1306 2512 1356 2553; x_wconf 83' lang='lat' dir='ltr'><em>de</em></span> <span class='ocrx_word' id='word_1_378' title='bbox 1381 2512 1599 2554; x_wconf 72' lang='lat' dir='ltr'><em>Consolatx</em></span> <span class='ocrx_word' id='word_1_379' title='bbox 1589 2527 1684 2554; x_wconf 84' lang='lat' dir='ltr'><em>one</em></span> 
     </span>
     <span class='ocr_line' id='line_1_43' title="bbox 259 2569 1682 2626; baseline 0 -16"><span class='ocrx_word' id='word_1_380' title='bbox 259 2569 427 2611; x_wconf 87' lang='lat' dir='ltr'><em>dicam?</em></span> <span class='ocrx_word' id='word_1_381' title='bbox 453 2585 547 2625; x_wconf 82' lang='lat' dir='ltr'><em>quae</em></span> <span class='ocrx_word' id='word_1_382' title='bbox 565 2571 668 2611; x_wconf 82' lang='lat' dir='ltr'><em>mihi</em></span> <span class='ocrx_word' id='word_1_383' title='bbox 688 2571 888 2626; x_wconf 75' lang='lat' dir='ltr'><em>quidem</em></span> <span class='ocrx_word' id='word_1_384' title='bbox 880 2570 957 2625; x_wconf 74' lang='lat' dir='ltr'><em>ipsi</em></span> <span class='ocrx_word' id='word_1_385' title='bbox 977 2584 1074 2610; x_wconf 89' lang='lat' dir='ltr'><em>sane</em></span> <span class='ocrx_word' id='word_1_386' title='bbox 1095 2569 1353 2615; x_wconf 52' lang='lat' dir='ltr'><em>aliquantum</em></span> <span class='ocrx_word' id='word_1_387' title='bbox 1374 2569 1590 2610; x_wconf 68' lang='lat' dir='ltr'><em>medetur.</em></span> <span class='ocrx_word' id='word_1_388' title='bbox 1581 2586 1590 2594; x_wconf 96' lang='lat'><strong>·</strong></span> <span class='ocrx_word' id='word_1_389' title='bbox 1613 2584 1682 2610; x_wconf 89' lang='lat' dir='ltr'><em>ce-</em></span> 
     </span>
     <span class='ocr_line' id='line_1_44' title="bbox 258 2625 1682 2681; baseline -0.001 -14"><span class='ocrx_word' id='word_1_390' title='bbox 258 2625 358 2668; x_wconf 88' lang='lat' dir='ltr'><em>teris</em></span> <span class='ocrx_word' id='word_1_391' title='bbox 396 2625 499 2667; x_wconf 84' lang='lat' dir='ltr'><em>item</em></span> <span class='ocrx_word' id='word_1_392' title='bbox 534 2626 714 2668; x_wconf 87' lang='lat' dir='ltr'><em>multum</em></span> <span class='ocrx_word' id='word_1_393' title='bbox 750 2627 864 2667; x_wconf 79' lang='lat' dir='ltr'><em>illam</em></span> <span class='ocrx_word' id='word_1_394' title='bbox 897 2626 1158 2681; x_wconf 77' lang='lat' dir='ltr'><em>profuturam</em></span> <span class='ocrx_word' id='word_1_395' title='bbox 1192 2638 1309 2680; x_wconf 64' lang='lat' dir='ltr'><em>1-·.›tt.o</em></span> <span class='ocrx_word' id='word_1_396' title='bbox 1348 2626 1587 2680; x_wconf 70' lang='lat' dir='ltr'><em>interjectus</em></span> <span class='ocrx_word' id='word_1_397' title='bbox 1617 2636 1682 2666; x_wconf 87' lang='lat' dir='ltr'><em>est</em></span> 
     </span>
     <span class='ocr_line' id='line_1_45' title="bbox 260 2681 1681 2739; baseline -0.001 -16"><span class='ocrx_word' id='word_1_398' title='bbox 260 2682 387 2724; x_wconf 88' lang='lat' dir='ltr'><em>etiam</em></span> <span class='ocrx_word' id='word_1_399' title='bbox 409 2697 541 2738; x_wconf 87' lang='lat' dir='ltr'><em>nuper</em></span> <span class='ocrx_word' id='word_1_400' title='bbox 556 2683 688 2724; x_wconf 89' lang='lat' dir='ltr'><em>liber</em></span> <span class='ocrx_word' id='word_1_401' title='bbox 679 2698 727 2735; x_wconf 87' lang='grc'><em>13,</em></span> <span class='ocrx_word' id='word_1_402' title='bbox 749 2698 845 2739; x_wconf 74' lang='lat' dir='ltr'><em>que·⁴</em></span> <span class='ocrx_word' id='word_1_403' title='bbox 834 2698 873 2723; x_wconf 74' lang='lat' dir='ltr'><em>⁴n</em></span> <span class='ocrx_word' id='word_1_404' title='bbox 895 2682 948 2723; x_wconf 83' lang='lat' dir='ltr'><em>ad</em></span> <span class='ocrx_word' id='word_1_405' title='bbox 969 2694 1157 2724; x_wconf 84' lang='lat' dir='ltr'><em>nostrum</em></span> <span class='ocrx_word' id='word_1_406' title='bbox 1177 2682 1368 2723; x_wconf 63' lang='lat' dir='ltr'><em>Atticum</em></span> <span class='ocrx_word' id='word_1_407' title='bbox 1387 2681 1438 2723; x_wconf 87' lang='lat' dir='ltr'><em>de</em></span> <span class='ocrx_word' id='word_1_408' title='bbox 1457 2683 1681 2723; x_wconf 86' lang='lat' dir='ltr'><em>Senectute</em></span> 
     </span>
    </p>
   </div>
   <div class='ocr_carea' id='block_1_4' title="bbox 259 2820 1682 2905">
    <p class='ocr_par' dir='ltr' id='par_1_4' title="bbox 259 2820 1682 2905">
     <span class='ocr_line' id='line_1_46' title="bbox 304 2820 1682 2862; baseline 0.001 -10"><span class='ocrx_word' id='word_1_409' title='bbox 304 2828 318 2852; x_wconf 91' lang='lat'>1</span> <span class='ocrx_word' id='word_1_410' title='bbox 345 2821 455 2852; x_wconf 79' lang='lat' dir='ltr'><em>Quibus</em></span> <span class='ocrx_word' id='word_1_411' title='bbox 471 2821 552 2852; x_wconf 82' lang='lat' dir='ltr'><em>rebus</em></span> <span class='ocrx_word' id='word_1_412' title='bbox 567 2820 667 2862; x_wconf 83' lang='lat' dir='ltr'><em>editis]</em></span> <span class='ocrx_word' id='word_1_413' title='bbox 687 2822 767 2851; x_wconf 80' lang='lat' dir='ltr'><em>rebus</em></span> <span class='ocrx_word' id='word_1_414' title='bbox 785 2823 865 2852; x_wconf 77' lang='lat' dir='ltr'><em>mihi</em></span> <span class='ocrx_word' id='word_1_415' title='bbox 881 2831 950 2851; x_wconf 85' lang='lat' dir='ltr'><em>sus-</em></span> <span class='ocrx_word' id='word_1_416' title='bbox 991 2830 1046 2860; x_wconf 87' lang='lat' dir='ltr'><em>pro</em></span> <span class='ocrx_word' id='word_1_417' title='bbox 1076 2831 1113 2851; x_wconf 85' lang='lat' dir='ltr'><em>eo</em></span> <span class='ocrx_word' id='word_1_418' title='bbox 1131 2821 1224 2853; x_wconf 76' lang='lat' dir='ltr'><em>,libris</em></span> <span class='ocrx_word' id='word_1_419' title='bbox 1251 2822 1454 2854; x_wconf 86' lang='lat' dir='ltr'><em>scribendum</em></span> <span class='ocrx_word' id='word_1_420' title='bbox 1482 2822 1534 2860; x_wconf 86' lang='lat' dir='ltr'><em>sit,</em></span> <span class='ocrx_word' id='word_1_421' title='bbox 1564 2823 1682 2854; x_wconf 71' lang='lat' dir='ltr'><em>omisso</em></span> 
     </span>
     <span class='ocr_line' id='line_1_47' title="bbox 259 2864 1155 2905; baseline 0.002 -11"><span class='ocrx_word' id='word_1_422' title='bbox 259 2870 387 2903; x_wconf 82' lang='lat' dir='ltr'><em>pectum</em></span> <span class='ocrx_word' id='word_1_423' title='bbox 411 2872 469 2904; x_wconf 91' lang='lat' dir='ltr'><em>est,</em></span> <span class='ocrx_word' id='word_1_424' title='bbox 492 2866 585 2905; x_wconf 84' lang='lat' dir='ltr'><em>idque</em></span> <span class='ocrx_word' id='word_1_425' title='bbox 607 2872 663 2896; x_wconf 87' lang='lat' dir='ltr'><em>aut</em></span> <span class='ocrx_word' id='word_1_426' title='bbox 684 2865 870 2903; x_wconf 83' lang='lat' dir='ltr'><em>delendum,</em></span> <span class='ocrx_word' id='word_1_427' title='bbox 896 2871 950 2895; x_wconf 79' lang='lat' dir='ltr'><em>aut</em></span> <span class='ocrx_word' id='word_1_428' title='bbox 993 2870 1060 2904; x_wconf 88' lang='lat' dir='ltr'><em>post</em></span> <span class='ocrx_word' id='word_1_429' title='bbox 1076 2864 1155 2896; x_wconf 53' lang='lat' dir='ltr'><em>libri.</em></span> 
     </span>
    </p>
   </div>
  </div>
 </body>
</html>
