1778 3095
260 181 337 214 538
703 173 778 211 DE
814 173 1239 215 DIVINATIONE

260 281 421 322 inclusa
438 279 645 322 divinitus.
676 293 725 319 ea
745 279 780 320 si
798 280 947 321 exarsit
965 281 1114 332 acrius,
1135 282 1251 323 furor
1274 281 1519 337 appellatur,
1538 297 1633 326 cum
1654 299 1680 327 a

260 352 435 394 corpore
455 336 617 378 animus
636 335 868 377 abstractus
889 336 1026 379 divino
1048 337 1250 379 instinctu
1268 338 1516 381 concitatur.

215 428 248 459 b·
367 426 438 465 Sed
452 424 536 476 quid
551 425 652 462 oculis
670 425 785 463 rabere
802 426 880 462 visa
899 436 948 463 est
966 426 1131 477 derepente
1148 426 1342 464 ardentibus
1356 429 1378 464 ,2

369 480 436 517 Ubi
454 479 515 515 illa
527 478 644 528 paullo
662 489 739 516 ante
757 479 898 528 sapiens,
918 480 1084 528 virginali
1103 481 1256 518 modestia
1271 484 1293 517 ?

363 533 487 570 Blater
503 541 648 582 optuma,
669 542 738 568 tum
757 532 858 568 multo
876 532 993 569 mulier
1011 533 1122 569 melior
1139 535 1312 571 mulierum
1326 550 1336 580 3

365 586 480 622 Missa
498 598 570 621 sum
589 585 816 635 superstitiosis
837 584 1110 622 hariolationz'bus
1125 602 1137 622 .-

365 639 482 689 Neque
500 651 548 675 me
566 638 684 688 Apollo
690 638 785 686 fatis
792 636 919 685 fiendis
936 636 1112 674 dementem
1130 639 1276 676 invitam
1292 640 1366 677 ciet.

368 692 525 741 Virgines
543 704 622 727 vero
641 691 800 740 (equales,
816 690 927 739 patris
946 691 1021 733 mei,
1041 689 1294 739 mez'c'mfactzim
1307 693 1425 743 pudet,

366 745 494 796 Optimi
511 744 582 781 viri
597 760 609 779 .·
639 755 711 779 mea
730 749 849 786 mater,
871 743 920 778 tui
937 757 988 779 me
1006 743 1146 787 miseret,
1166 745 1229 781 mei
1241 746 1349 794 piget.

366 799 550 848 Optumum
574 803 591 826 2
601 796 788 845 progeniem
804 795 943 832 Priamo
959 796 1106 846 reperisti
1124 806 1221 833 extra
1239 811 1290 834 me
1302 814 1314 834 .·
1343 798 1400 836 hoc
1417 798 1515 844 dolet,

363 851 428 888 Me
446 849 565 894 obesse,
582 849 653 886 illos
671 847 834 899 prodesse,
853 862 904 885 me
921 847 1065 894 obstare,
1082 849 1154 886 illos
1172 849 1316 902 obsequi.

259 925 298 968 Ο
319 928 473 981 poema
491 930 683 964 tenerum
704 929 747 963 et
765 930 976 964 moratum
996 930 1121 978 atque
1142 923 1271 965 molle
1289 923 1296 964 !
1329 924 1402 966 sed
1432 925 1514 966 hoc
1542 925 1682 968 minus

197 982 248 1029 67
261 981 315 1023 ad
342 995 445 1022 rem.
491 979 619 1030 Illud,
639 978 754 1035 quod.
782 978 989 1031 volumus,
1019 993 1261 1035 expressum
1289 989 1368 1033 est,
1397 988 1445 1023 ut
1473 981 1683 1025 vaticinari

258 1038 377 1080 furor
396 1051 491 1079 vera
511 1036 657 1078 soleat.

361 1128 482 1172 Adest,
499 1127 593 1166 adest
597 1128 674 1177 fax
690 1127 848 1165 obvoluta
866 1127 1030 1176 sanguine
1047 1133 1146 1177 atque
1164 1126 1307 1164 incendio
1322 1143 1333 1164 .-

361 1183 495 1220 Multos
512 1195 615 1219 annos
633 1182 746 1219 latuit.
774 1182 862 1218 cives
885 1187 903 1211 3
906 1182 1000 1230 ferte
1017 1191 1119 1231 opem,
1139 1189 1170 1217 et
1188 1181 1396 1231 restinguite.

257 1267 377 1310 Deus
396 1267 582 1308 inclusus
602 1279 777 1322 corpore
791 1265 977 1306 humano
996 1263 1103 1321 jam,
1122 1278 1207 1306 non
1225 1264 1459 1308 Cassandra
1475 1265 1684 1324 loquitur:

372 1349 517 1397 Jamque
533 1346 620 1384 mari
637 1359 757 1395 magno
776 1346 893 1382 classis
911 1346 980 1382 cita

367 1401 509 1438 Texitur
521 1416 534 1437 .·
559 1407 577 1430 4
592 1400 730 1437 exitizi’m
746 1412 882 1436 examen
899 1399 989 1449 rapit
1004 1415 1017 1436 .-

364 1454 531 1497 Advenit,
549 1454 671 1502 etfl’ra
688 1452 955 1490 velivolantibus

365 1507 522 1545 Navihu'
539 1507 713 1557 comple-vit
731 1503 842 1544 manu’
860 1506 987 1543 littora.

177 1587 244 1636 32
259 1591 505 1647 Tragoedias
524 1590 640 1645 loqui
660 1589 816 1640 videor,
836 1597 878 1630 et
899 1588 1074 1630 fabulas.
1131 1589 1193 1632 At
1211 1604 1261 1632 ex
1282 1597 1324 1632 te
1346 1589 1439 1645 ipso
1458 1604 1540 1631 non
1560 1605 1680 1632 com-

197 1656 248 1694 68
261 1649 499 1690 menticiam
520 1661 623 1697 rem,
645 1646 717 1687 sed
738 1647 908 1696 factam,
931 1645 1119 1701 ejusdem
1137 1646 1301 1701 generis
1322 1646 1460 1687 audivi
1477 1663 1486 1688 ε
1519 1646 1571 1688 C.
1592 1647 1681 1688 Co-

258 1705 432 1761 ponium
471 1702 523 1744 ad
559 1711 601 1743 te
637 1703 795 1743 venisse
823 1701 1108 1758 Dyrrhachio,
1140 1716 1237 1743 cum
1275 1702 1473 1757 praetorio
1508 1703 1684 1759 imperio

259 1761 382 1803 classi
403 1758 578 1801 Rhodiae
598 1768 808 1814 praeesset,
829 1757 1073 1813 cumprimis
1093 1758 1307 1799 hominem
1330 1758 1594 1813 prudentem,
1615 1768 1681 1800 at-

259 1833 342 1874 que
361 1817 532 1857 doctum
553 1832 561 1855 :
588 1829 771 1870 eumque
792 1814 957 1864 dixisse,
977 1813 1181 1868 remigem
1201 1814 1410 1869 quendam
1432 1829 1456 1855 e
1476 1815 1684 1871 quinque-

258 1874 363 1916 remi
396 1872 658 1913 Rhodiorum
688 1871 970 1921 vaticinatum,
1002 1870 1295 1911 Madefactum
1325 1870 1375 1911 iri
1409 1870 1548 1912 minus
1578 1885 1681 1914 xxx

258 1930 408 1972 diebus
437 1928 645 1969 Graeciam
675 1926 905 1983 sanguine:
935 1926 1099 1981 rapinas
1127 1926 1396 1983 Dyrrhachii,
1417 1936 1460 1967 et
1480 1942 1682 1969 conscen-

259 1987 418 2028 sionem
449 1986 489 2025 in
518 1998 639 2025 naves
665 1999 762 2025 cum
794 1984 896 2038 fuga
912 1999 923 2034 3
955 1983 1296 2038 fugientibusque
1316 1983 1594 2024 miserabilem
1617 1998 1683 2025 re-

262 2052 450 2099 spectum
484 2040 774 2082 incendiorum
809 2040 923 2080 fore:
962 2039 1034 2080 sed
1067 2039 1330 2080 Rhodiorum
1362 2040 1483 2080 classi
1513 2040 1685 2095 propin-

155 2120 188 2152 ρ.
202 2114 395 2156 95.quum
416 2097 594 2138 reditum
615 2112 663 2137 ac
685 2096 858 2137 domum
882 2096 1054 2136 itionem
1077 2096 1164 2136 dari
1181 2112 1190 2136 :
1211 2105 1303 2136 tum
1325 2109 1460 2151 neque
1481 2104 1524 2136 te
1544 2096 1683 2150 ipsum

224 2162 347 2197 ³·non
377 2169 466 2196 esse
494 2162 786 2194 commotum:
819 2154 1099 2208 Marcumque
1118 2153 1367 2202 Varronem,
1387 2161 1430 2192 et
1457 2151 1523 2192 M.
1551 2152 1684 2193 Cato-

263 2226 375 2263 nem,
411 2211 483 2266 qui
513 2219 604 2251 tum
635 2209 692 2250 ibi
725 2218 854 2260 erant,
886 2209 1034 2250 doctos
1066 2208 1271 2258 homines,
1301 2208 1567 2249 vehementer
1595 2222 1683 2249 esse

261 2269 531 2324 perterritos:
564 2266 707 2321 paucis
739 2280 834 2306 sane
861 2273 956 2319 post
982 2265 1129 2305 diebus
1158 2279 1208 2304 ex
1239 2263 1472 2305 Pharsalica
1492 2264 1595 2319 fuga
1613 2278 1682 2304 ve-

261 2326 371 2366 nisse
398 2323 661 2364 Labienum:
692 2322 763 2378 qui
794 2336 891 2363 cum
920 2321 1135 2362 interitum
1164 2320 1369 2362 exercitus
1399 2320 1683 2371 nuntiavisset,

199 2380 251 2428 69
263 2382 422 2437 reliqua
441 2379 742 2421 vaticinationis
761 2378 875 2419 brevi
895 2391 985 2419 esse
1005 2378 1213 2418 confecta.
1260 2378 1375 2417 Nam
1390 2385 1433 2417 et
1453 2390 1503 2416 ex
1523 2375 1683 2418 horreis

262 2438 474 2492 direptum
500 2436 764 2491 effusumque
791 2435 1049 2475 frumentum
1079 2434 1161 2474 vias
1187 2446 1332 2474 omnes
1356 2432 1686 2488 angiportusque

262 2502 571 2535 constraverat:
602 2500 645 2533 et
673 2505 794 2531 naves
821 2491 962 2532 subito
989 2489 1196 2545 perterriti
1222 2497 1337 2528 metu
1356 2488 1682 2540 conscendistis3

263 2559 306 2591 et
335 2558 464 2590 noctu
491 2548 545 2589 ad
570 2547 776 2604 oppidum
795 2546 1076 2602 respicientes,
1096 2546 1318 2600 flagrantes
1338 2544 1561 2596 onerarias,
1581 2559 1685 2601 quas

307 2680 325 2703 α
337 2670 499 2712 progeniem
514 2670 631 2700 Priamo
646 2667 793 2709 reperisti]
808 2668 955 2698 Davisius
998 2668 1150 2698 usitatum
1166 2667 1197 2696 in
1215 2667 1274 2696 hac
1291 2667 1392 2697 forma
1402 2668 1535 2698 verbum
1551 2675 1608 2705 est,
1621 2677 1687 2698 non

264 2726 282 2746 e
298 2717 360 2746 Ms.
377 2714 493 2744 Eliensi
517 2713 600 2743 dedit
618 2711 766 2752 peperisti.
789 2720 860 2741 eam
876 2711 958 2750 glos·
998 2711 1112 2750 referte.
1136 2711 1240 2748 itaque
1264 2710 1341 2740 illud
1361 2717 1488 2741 secutus
1503 2720 1587 2741 sum.
1609 2720 1640 2741 v,
1656 2718 1688 2742 et

262 2768 333 2789 tam
348 2765 436 2797 puto.
459 2765 535 2786 nam
560 2763 595 2786 ut
616 2755 730 2785 dicitur
744 2764 871 2795 quaerere
887 2753 956 2782 libe·
999 2754 1037 2783 ad
1054 2754 1146 2792 Legg.
1164 2753 1223 2789 111,
1243 2760 1292 2785 19.

265 2813 321 2839 ros,
335 2802 380 2831 sic
396 2799 529 2839 reperire.
1034 2803 1051 2826 4
1069 2795 1188 2824 exitium
1205 2806 1322 2825 examen
1337 2793 1428 2834 rapit]
1442 2794 1500 2824 Illa
1514 2794 1618 2827 classis
1634 2796 1688 2827 ad·

309 2851 326 2875 a
341 2844 423 2884 serre
437 2840 532 2882 opem]
552 2841 630 2871 Edd.
646 2847 676 2870 et
690 2848 749 2870 scr.
766 2839 819 2869 hic
834 2839 956 2869 variant
997 2839 1057 2870 fert
1071 2847 1182 2870 secum
1198 2839 1324 2871 turbam
1339 2837 1509 2870 malorum.

267 2894 297 2918 et
318 2888 475 2918 fluctuant
496 2886 576 2916 'mter
597 2884 702 2925 referte
724 2889 754 2914 et
765 2882 860 2923 ferte.
871 2882 955 2923 ferte
