1768 3095
530 141 708 189 LIBER
736 147 1078 188 SECUNDUS.
1469 152 1538 186 123

108 262 247 295 tectus
277 253 443 304 dicitur,
472 261 638 295 tantum
668 254 803 304 abest,
831 262 880 294 ut
914 266 958 293 se
986 250 1159 300 indicet,
1189 249 1376 304 perficiet
1396 251 1540 303 etiam,

108 320 158 352 ut
189 311 330 352 dolere
364 310 533 351 alterius
563 310 757 365 improbe
790 309 904 350 facto
934 307 1150 349 videatur:
1197 305 1298 361 quid
1333 314 1397 346 est
1428 308 1538 348 enim

108 367 236 418 aliud,
267 381 355 408 esse
382 368 628 408 versutum?
661 365 843 407 Memini
871 379 940 406 me
970 363 1115 405 adesse
1146 363 1190 403 Ρ.
1212 362 1387 403 Sextilio
1413 364 1540 414 Rufo,
1553 378 1601 409 55

107 438 205 464 cum
227 425 260 464 is
280 423 332 463 ad
352 423 510 463 amicos
531 438 619 464 rem
638 423 699 464 ita
717 422 911 472 deferret,
934 435 976 462 se
1002 434 1093 461 esse
1113 418 1312 460 heredem
1332 420 1388 475 Q.
1412 419 1540 460 Fadio

110 480 264 522 Gallo:
295 479 415 535 cujus
432 480 474 520 in
501 487 756 521 testamento
786 479 990 534 scriptum
1020 484 1145 528 esset,
1175 490 1220 516 se
1249 475 1302 515 ab
1333 490 1384 516 eo
1415 489 1540 530 roga-

108 544 213 587 tum,
236 544 294 567 100
314 544 364 576 ut
384 536 520 577 omnis
541 535 749 577 hereditas
777 535 832 576 ad
860 534 987 576 filiam
1016 532 1261 589 perveniret.
1280 531 1323 572 id
1346 532 1542 573 Sextilius

108 593 265 633 factum
303 592 499 647 negabat.
531 602 698 649 poterat
725 601 864 633 autem
901 592 1086 646 impune.
1121 589 1214 645 quis
1250 589 1363 628 enim
1400 589 1541 629 redar-

106 649 283 704 gueret?
336 657 348 680 1
376 663 501 690 nemo
541 660 733 691 nostrum
779 649 1003 690 credebat:
1055 656 1228 702 eratque
1263 644 1541 697 verisimilius,

107 705 218 745 hunc
240 705 421 757 mentiri,
442 705 563 762 cujus
583 707 816 757 interesset,
839 720 964 761 quam
994 703 1130 754 illum,
1150 703 1223 758 qui
1242 700 1285 742 id
1304 716 1348 742 se
1369 716 1541 756 rogasse

106 761 351 816 scripsisset,
372 762 484 817 quod
501 763 714 804 debuisset
732 776 894 818 rogare.
916 761 1097 803 addebat
1115 760 1258 809 etiam,
1278 772 1321 799 se
1340 758 1383 799 in
1401 758 1542 813 legem

105 818 341 858 Voconiam
357 818 549 874 juratum
570 830 719 861 contra
738 834 831 860 eam
857 819 994 859 facere
1024 832 1108 858 non
1136 815 1304 865 audere,
1325 815 1403 855 nisi
1423 816 1545 856 aliter

106 874 250 914 amicis
280 874 502 916 videretur.
560 876 792 917 Aderamus
823 890 900 916 nos
931 874 1099 931 quidem
1130 872 1432 923 adolescentes,
1470 871 1543 913 sed

106 939 149 971 et
178 930 301 972 multi
333 932 581 987 amplissimi
610 933 712 974 viri:
745 946 925 988 quorum
958 945 1084 972 nemo
1115 929 1278 971 censuit
1301 928 1426 984 2plus
1448 928 1541 970 filiae

105 986 305 1039 dandum,
327 1003 453 1044 quam
473 998 616 1045 posset
635 988 687 1030 ad
707 1004 800 1031 eam
821 988 916 1044 lege
927 988 1120 1030 Voconia
1134 985 1360 1042 pervenire.
1390 986 1545 1026 Tenuit

104 1057 380 1100 permagnam
418 1046 616 1088 Sextilius
659 1045 950 1087 hereditatem.
988 1044 1116 1095 unde,
1155 1044 1188 1085 si
1228 1052 1397 1083 secutus
1435 1052 1544 1083 esset

106 1113 252 1141 eorum
270 1102 534 1154 sententiam,
566 1103 637 1159 qui
667 1103 846 1143 honesta
875 1111 917 1143 et
946 1110 1060 1142 recta
1088 1100 1387 1143 emolumentis
1405 1100 1543 1140 omni-

106 1156 200 1207 bus,
231 1166 274 1199 et
304 1158 541 1200 commodis
570 1167 885 1215 anteponerent,
916 1173 966 1199 ne
1001 1172 1178 1199 numum
1209 1156 1380 1212 quidem
1411 1170 1543 1196 unum

107 1213 329 1268 attigisset.
388 1216 507 1256 Num
530 1217 659 1271 igitur
684 1231 780 1257 eum
806 1224 954 1270 postea
982 1229 1126 1256 censes
1157 1214 1280 1254 anxio
1310 1212 1451 1253 animo
1472 1221 1546 1253 aut

109 1269 290 1311 sollicito
311 1271 467 1312 fuisse?
501 1273 604 1313 nihil
623 1273 777 1322 minus,
799 1280 1042 1327 contraque,
1064 1271 1135 1312 illa
1151 1270 1382 1311 hereditate
1403 1269 1514 1309 dives
1531 1284 1544 1319 3

109 1326 166 1366 ob
185 1340 362 1383 eamque
382 1342 468 1368 rem
490 1327 626 1369 laetus.
645 1329 790 1384 magni
811 1328 922 1369 enim
945 1327 1182 1368 aestimabat
1201 1326 1439 1382 pecuniam,
1461 1340 1545 1366 non

108 1382 239 1423 modo
276 1398 358 1424 non
397 1393 545 1425 contra
583 1385 713 1440 leges,
748 1385 820 1426 sed
854 1385 979 1425 etiam
1017 1383 1184 1439 legibus
1215 1391 1408 1438 partam:
1451 1397 1546 1437 quae

108 1438 278 1493 quidem
300 1439 362 1480 vel
384 1454 481 1480 cum
501 1441 690 1496 periculo
711 1449 775 1482 est
793 1440 1019 1497 quaerenda
1041 1447 1058 1471 ³
1074 1440 1203 1481 vobis.
1226 1447 1290 1479 est
1315 1438 1426 1479 enim
1448 1438 1548 1478 effe-

106 1494 214 1535 ctrix
246 1496 476 1537 multarum
506 1506 549 1538 et
582 1512 832 1553 magnarum
862 1498 1141 1552 voluptatum.
1202 1497 1265 1536 Ut
1294 1495 1424 1550 igitur
1448 1494 1609 1548 illis,55

107 1551 193 1605 qui,
214 1561 327 1592 recta
346 1561 390 1593 et
409 1552 587 1594 honesta
606 1568 698 1609 quae
720 1563 832 1604 sunt,
852 1568 901 1594 ea
930 1561 1122 1595 statuunt
1140 1567 1214 1607 per
1234 1566 1277 1592 se
1296 1551 1544 1607 expetenda,
1555 1563 1587 1594 b.

107 1606 303 1649 adeunda
322 1617 419 1650 sunt
438 1610 593 1665 quaevis
621 1610 820 1665 pericula,
850 1610 1028 1661 decoris,
1055 1608 1370 1663 honestatisque
1391 1622 1543 1648 causa:

108 1662 166 1703 sic
187 1664 346 1716 vestris,
367 1665 439 1720 qui
459 1667 601 1706 omnia
625 1666 841 1722 voluptate
869 1666 1117 1716 metiuntur,
1148 1665 1334 1721 pericula
1354 1664 1546 1706 adeunda

108 1728 219 1771 sunt,
258 1730 307 1763 ut
348 1722 632 1777 adipiscantur
673 1737 848 1778 magnas
890 1722 1150 1778 voluptates;
1197 1722 1230 1761 si
1269 1735 1426 1776 magna
1464 1735 1544 1772 res,

107 1790 263 1831 magna
291 1777 498 1819 hereditas
530 1789 694 1835 agetur,
728 1795 825 1821 cum
856 1780 1035 1835 pecunia
1062 1778 1298 1834 voluptates
1332 1778 1547 1833 pariantur

107 1832 313 1886 plurimae.
344 1835 542 1891 idemque
572 1837 650 1877 erit
679 1836 865 1892 Epicuro
898 1845 1036 1877 vestro
1071 1834 1325 1884 faciendum,
1357 1834 1391 1874 si
1422 1848 1545 1876 suum

109 1888 232 1929 finem
275 1891 483 1933 bonorum
523 1893 641 1948 sequi
674 1894 801 1944 volet,
833 1893 949 1949 quod
986 1892 1188 1948 Scipioni,
1222 1905 1378 1946 magna
1409 1890 1547 1945 gloria

108 1946 340 2001 proposita,
361 1947 394 1988 si
409 1948 662 1989 Annibalem
676 1950 719 1990 in
736 1950 926 1990 Africam
946 1950 1198 1990 retraxisset.
1214 1947 1356 2003 itaque
1380 1956 1398 1978 4
1412 1962 1545 2003 quan-

109 2009 200 2042 tum
239 2002 342 2044 adiit
384 2005 654 2059 periculum?
705 2006 759 2047 ad
794 2006 1059 2047 honestatem
1097 2005 1208 2046 enim
1235 2005 1336 2045 ⁵ille
1372 2018 1545 2045 omnem

109 2068 308 2100 conatum
337 2075 460 2101 suum
494 2061 712 2112 referebat,
740 2077 824 2103 non
853 2062 905 2103 ad
932 2063 1206 2118 voluptatem.
1236 2062 1295 2102 sic
1327 2069 1460 2102 vester
1478 2075 1544 2101 sa—

108 2115 226 2169 piens
255 2130 413 2171 magno
443 2117 585 2173 aliquo
614 2118 902 2160 emolumento
931 2129 1190 2170 commotuS,
1214 2117 1370 2158 6animi
1403 2132 1545 2167 causa,

108 2170 143 2210 si
164 2185 270 2226 opus
302 2173 441 2224 fuerit,
472 2174 703 2216 dimicabit.
762 2175 991 2216 Occultum
1021 2175 1182 2216 facinus
1211 2189 1302 2215 esse
1330 2174 1516 2229 potuerit
1535 2189 1608 2233 :57

109 2228 328 2282 gaudebit.
349 2229 646 2286 deprehensus,
672 2245 842 2272 omnem
869 2246 1038 2287 poenam
1063 2240 1320 2273 contemnet.
1339 2231 1418 2272 erit
1434 2231 1547 2272 enim

153 2366 215 2390 100
238 2365 270 2388 ut
285 2358 372 2388 omnis
388 2359 529 2389 hereditas
541 2358 690 2399 adfiliam
700 2358 803 2399 perv]
894 2366 912 2389 4
936 2366 1077 2400 quantum
1115 2359 1191 2388 adiit
1224 2358 1402 2399 periculum]
1443 2361 1549 2402 Magis

112 2401 189 2432 Utis
201 2408 279 2432 esset
294 2403 371 2432 adeo
386 2403 476 2432 heres
486 2403 678 2433 fiduciarius.
691 2404 806 2439 videat,
850 2402 953 2441 placet
969 2402 1061 2432 lectio
1078 2402 1141 2432 Ms.
1158 2402 1291 2432 Eliensis
1303 2403 1508 2441 periculorum.

112 2446 163 2475 cui
179 2455 258 2484 opus
274 2452 320 2475 est
336 2445 556 2485 Clav.fiducia.
895 2453 910 2475 5
935 2444 985 2474 ille
1001 2456 1107 2474 omnem
1130 2452 1259 2474 conatum
1282 2445 1380 2486 suum]
1400 2446 1449 2475 ille
1462 2449 1545 2479 edidi

157 2495 170 2518 1
196 2499 275 2516 nemo
290 2494 414 2517 nostrum
440 2486 586 2527 credebat]
613 2488 664 2518 Sic
677 2488 710 2517 in
727 2489 806 2518 MSS.
850 2498 889 2517 ex
914 2489 981 2517 edd.
1006 2498 1050 2527 pr.
1075 2489 1196 2527 primus
1220 2487 1303 2517 illum
1330 2498 1347 2518 e
1374 2489 1452 2520 MSS.
1477 2491 1542 2522 Pal.

112 2531 211 2560 tribus
228 2537 386 2570 repertum
402 2538 475 2560 esta
487 2531 656 2569 Scaligero,
671 2531 806 2562 Grutero
850 2531 945 2560 edidit
961 2531 1124 2561 Gruterus.
1140 2531 1219 2561 illud
1235 2538 1323 2562 vetus
1341 2532 1466 2563 melius.

111 2579 142 2602 et
157 2573 296 2603 Davisio.
313 2574 406 2612 idque
421 2584 516 2604 sensu
527 2574 651 2604 bonum
668 2581 724 2611 est,
740 2585 805 2605 non
894 2579 911 2603 6
935 2574 1026 2602 animi
1048 2585 1135 2603 causa
1158 2573 1231 2612 &c.]
1259 2574 1352 2604 Hanc
1372 2575 1544 2608 lectionem

111 2616 279 2655 vulgatum
296 2617 429 2653 negabat.
849 2616 994 2646 vitiosam
1008 2627 1086 2653 esse,
1096 2618 1339 2647 concedendurn
1351 2625 1408 2655 est,
1421 2621 1544 2659 opinor.

158 2666 175 2689 2
200 2659 268 2698 plus
286 2658 370 2698 filice
399 2658 541 2699 dandum]
574 2660 625 2690 Sic
659 2661 729 2690 edd.
760 2670 805 2699 pr.
851 2659 930 2689 Mss.
955 2659 1095 2699 plerique
1119 2661 1238 2690 habent
1261 2671 1323 2689 cum
1345 2672 1444 2699 causa,
1469 2663 1489 2693 i.
1514 2673 1543 2693 e.

114 2702 295 2740 posteriores
316 2702 434 2732 habent
453 2703 564 2733 Fadiae.
585 2703 664 2733 illud
691 2703 806 2733 melius
851 2703 962 2732 idonea
977 2704 1015 2732 de
1030 2712 1135 2734 causa.
1159 2704 1245 2741 quod
1261 2704 1371 2742 probat
1386 2703 1542 2736 Pearcius.

114 2744 248 2781 videtur,
264 2745 338 2784 quia
362 2745 399 2775 ad
423 2745 527 2784 legem
548 2747 650 2784 aptius
663 2753 708 2776 est
723 2754 753 2776 et
769 2748 807 2776 ad
851 2746 881 2774 in
900 2753 1025 2775 textum
1050 2746 1165 2785 recepit
1179 2746 1339 2784 Davisius,
1361 2756 1420 2777 nec
1436 2755 1544 2779 tamen

114 2789 283 2826 superiora.
299 2797 375 2817 mox
393 2788 514 2818 Voconia
532 2790 611 2818 mihi
633 2789 805 2820 delendum
850 2789 877 2818 ei
904 2788 1035 2828 placuit,
1060 2789 1238 2828 maluitque
1257 2788 1318 2829 legi
1345 2801 1396 2819 sua
1416 2791 1466 2821 vel
1487 2791 1544 2830 ejus

115 2829 247 2859 videtur.
852 2830 912 2868 (sc.
927 2830 1152 2870 emolumenti)
1171 2843 1268 2862 causa.

158 2877 177 2901 3
202 2869 295 2911 vobis]
314 2873 482 2912 Epicureis.
