1768 3095
528 107 707 144 LIBER
742 105 1021 143 TERTIUS.
1426 113 1493 144 151

127 212 266 255 Placet
296 212 376 263 his,
404 211 563 266 inquit,
585 210 912 268 quorumratio‘
923 210 1029 251 mihi
1060 210 1546 266 probatu-r,'si1nulat-5
1601 206 1605 210 ¹

69 283 150 325 que
171 279 316 311 natum
338 269 391 310 sit
408 268 577 318 animal,
603 267 717 321 (hinc
736 267 850 307 enim
873 275 941 308 vest
968 265 1236 319 ordiendum)
1261 267 1400 323 ipsum
1421 271 1499 311 sibi

67 326 278 367 conciliari
298 334 340 366 et
368 324 656 365 commendari
685 323 739 364 ad
770 337 813 364 se
841 323 1190 374 conservandum,
1221 332 1273 364 et'
1291 324 1344 364 ad
1375 340 1499 367 suum

68 391 238 433 statum,
259 390 301 422 et
329 380 382 422 ad
409 395 472 432 ea,
501 395 596 436 quae
618 389 658 413 2⁵
674 380 961 421 conservantia
985 388 1084 420 sunt
1107 380 1200 436 ejus
1225 388 1373 430 status,
1405 381 1502 422 dili-

66 439 231 494 genda:
262 437 432 478 alienari
451 448 595 478 autem
624 438 677 478 ab
704 436 891 487 interitu,
919 436 1052 492 iisque
1082 438 1222 487 rebus,
1241 445 1335 492 quae
1357 437 1546 481 interi—b.

68 506 156 536 tum
177 494 392 535 videantur
411 494 568 534 afferre.
586 494 628 535 id
644 495 705 535 ita
718 507 811 534 esse
830 493 889 534 sic
904 494 1100 548 probant,
1117 493 1233 550 quod
1252 504 1349 534 ante
1368 509 1497 550 quam

64 551 251 606 voluptas
288 560 362 591 aut
399 550 529 591 dolor
560 550 763 606 attigerit,
797 549 996 591 salutaria
1027 557 1226 606 appetant
1266 551 1393 606 parvi,
1430 566 1497 592 as-

62 616 369 662 pernenturque
398 608 620 648 contraria.
651 605 767 663 quod
797 620 880 647 non
912 606 1043 657 fieret,
1073 607 1150 648 nisi
1180 615 1338 648 statum
1371 623 1497 649 suum

62 662 535 718 diligerent,‘interitum
557 665 767 714 timerent,
789 663 875 704 fieri
906 672 1047 704 autem
1070 678 1151 704 non
1172 672 1331 719 posset,
1354 673 1403 706 ut
1422 679 1498 719 ap-

60 727 249 774 peterent
268 720 442 776 aliquid,
464 720 542 761 nisi
571 725 742 761 sensum>
765 720 972 760 *haberent
999 721 1077 771 sui,
1110 728 1247 775 eoque
1278 735 1321 761 se
1351 730 1392 761 et
1423 735 1499 762 sua

58 775 292 831 diligerent.
313 791 363 817 ex
389 791 474 832 quo
502 777 682 833 intelligi
708 777 851 827 debet,
884 782 924 808 26
937 777 1188 833 principium
1210 776 1388 818 ductum
1407 792 1498 818 esse

58 846 82 872 a
102 846 145 873 se
164 833 369 888 diligendi
399 833 477 875 sui.
540 835 589 874 In
621 833 887 889 &principiis
905 842 1057 874 'autem
1091 834 1496 888 naturalibussdili-
1514 845 1558 883 17

58 888 185 943 gendi
206 890 285 943 sui]
307 890 497 946 plerique
519 890 651 931 Stoici
670 905 754 933 non
774 896 925 945 putant
940 890 1200 944 voluptatem
1223 905 1312 931 esse
1332 899 1496 946 ponen-

57 945 168 986 dam.
203 947 355 1001 quibus
393 961 475 1002 ego
508 946 774 989 vehementer
804 947 1036 987 assentior:
1068 962 1134 997 ne,
1168 947 1202 987 si
1236 948 1496 1003 voluptatem

57 1011 206 1042 natura
226 1004 415 1058 posuisse
436 1003 478 1043 in
496 1004 544 1044 iis
564 1004 690 1044 rebus
709 1004 912 1053 videatur,
942 1018 1036 1059 quae
1059 1004 1205 1059 primae
1227 1013 1497 1059 appetuntur,

56 1059 189 1099 multa
210 1060 349 1115 turpia
373 1069 615 1115 sequantur.
646 1061 746 1101 satis
769 1073 857 1101 esse
881 1070 1023 1100 autem
1058 1061 1300 1115 argumenti
1319 1060 1497 1112 videtur,

55 1116 332 1170 quamobrem
367 1116 452 1166 illa,
493 1124 532 1148 28
548 1132 642 1172 quae
679 1126 828 1158 natura
861 1119 998 1172 prima
1037 1126 1136 1158 sunt
1168 1117 1322 1167 ascita,
1349 1125 1498 1158 natura

55 1171 283 1227 diligamus
300 1188 311 1221 3
343 1173 460 1228 quod
489 1182 552 1213 est
572 1188 713 1224 nemo,
736 1174 851 1229 quin,
871 1188 968 1214 cum
990 1173 1197 1214 utrumvis
1219 1173 1496 1229 liceat,aptas

55 1229 174 1270 malit
194 1239 236 1270 et
256 1229 443 1284 integras
463 1244 610 1270 omnes
638 1235 778 1285 partes
806 1231 1008 1284 corporiS‚
1040 1239 1080 1265 29
1093 1245 1222 1285 quam
1243 1230 1392 1271 eodem
1413 1245 1496 1272 usu

54 1284 299 1326 imminutas
329 1293 402 1326 aut
436 1285 621 1327 detortas
654 1286 820 1327 habere.
853 1291 991 1327 rerum
1029 1295 1168 1327 autem
1202 1287 1494 1341 cognitiones:

55 1341 133 1391 vel,
156 1342 186 1382 si
209 1342 300 1382 haec
321 1342 445 1382 verba
467 1350 540 1382 aut
560 1342 699 1383 minus
724 1343 906 1398 placent,
935 1351 1007 1383 aut
1027 1343 1167 1384 minus
1184 1343 1494 1398 intelliguntur,

53 1399 282 1448 καταλήψεις
307 1397 566 1452 appellemus
593 1398 717 1440 licet:
756 1413 824 1440 eas
854 1400 984 1454 igitur
1013 1400 1124 1454 ipsas
1154 1408 1325 1454 propter
1355 1409 1398 1440 se
1414 1410 1494 1440 ias-

52 1453 268 1495 ciscendas
299 1454 569 1504 arbitramur,
605 1455 720 1510 quod
754 1455 939 1496 babeant
973 1455 1174 1510 quiddam
1211 1456 1253 1496 in
1293 1470 1339 1496 se
1360 1457 1494 1512 quasi

51 1510 320 1566 complexum
359 1518 402 1550 et
432 1510 652 1551 continens
687 1512 917 1552 veritatem.
952 1512 993 1552 id
1026 1520 1168 1552 autem
1199 1512 1241 1552 in
1271 1513 1405 1567 parvis
1427 1513 1492 1553 in-

51 1566 186 1622 telligi
216 1574 382 1622 potest3
434 1574 474 1599 30
488 1581 595 1622 quos
631 1567 831 1609 delectari
859 1568 1065 1618 videmus,
1099 1568 1231 1608 etiam
1270 1568 1303 1608 si
1342 1582 1491 1610 eorum

50 1622 151 1663 nihil
168 1623 344 1673 intersit,
372 1623 405 1663 si
437 1623 540 1679 quid
569 1624 731 1665 ratione
760 1639 835 1679 per
865 1639 908 1665 se
938 1625 1016 1680 ipsi
1046 1624 1304 1665 invenerunt.
1363 1627 1491 1667 Artes
1506 1636 1553 1668 18

48 1679 175 1720 eti-am
208 1680 318 1735 ipsas
348 1680 518 1734 propter
548 1694 592 1721 se
620 1681 892 1722 assumendas
922 1691 1122 1736 putamus
1139 1697 1151 1731 3
1183 1696 1282 1722 cum
1308 1682 1408 1736 quia
1439 1683 1492 1723 sit

49 1735 90 1775 in
124 1736 189 1776 his
223 1735 382 1791 aliquid
413 1736 591 1791 dignum
624 1737 898 1788 assumtione,
931 1746 1024 1778 tum
1061 1737 1175 1794 quod
1208 1748 1404 1780 constent
1439 1751 1491 1779 ex

49 1792 380 1847 cognitionibuS,
399 1801 442 1833 et
462 1793 706 1835 contineant
730 1793 929 1849 quiddam
960 1795 1001 1835 in
1033 1808 1076 1835 se
1102 1794 1264 1835 ratione
1282 1795 1492 1836 constitu—

50 1856 158 1899 tum,
172 1858 214 1890 et
232 1849 310 1890 via.
331 1862 355 1888 a
373 1848 477 1889 falsa
496 1858 639 1890 autem
656 1850 894 1891 assensione
906 1851 1043 1906 magis
1063 1865 1138 1891 nos
1158 1850 1361 1891 alienatos
1382 1862 1488 1903 esse,

2 1917 4 1921 ’
48 1906 175 1959 quam
197 1920 220 1945 a
240 1904 389 1946 ceteris
420 1905 559 1953 rebus,
580 1913 617 1937 31
641 1920 735 1961 quae
765 1915 864 1948 sunt
893 1920 1041 1948 contra
1071 1916 1278 1956 naturam,
1309 1908 1487 1949 arbitra-

47 1975 156 2001 mur.
213 1962 307 2002 Jam
331 1962 635 2013 membrorum,
656 1961 698 2003 id
719 1973 797 2014 est,
822 1964 1003 2018 partium
1033 1964 1221 2019 corporis
1241 1963 1324 2005 alia
1342 1964 1484 2007 viden-
1496 1969 1526 2000 Ρ·
1547 1976 1599 2001 94·

47 2026 116 2058 tur
143 2026 317 2073 propter
347 2032 494 2058 eorum
526 2033 650 2059 usum
681 2033 707 2059 a
736 2030 885 2061 natura
914 2034 1005 2062 esse
1041 2021 1212 2071 donata,
1243 2031 1291 2061 ut
1320 2017 1524 2073 manus,²²’

44 2082 180 2125 crura,
219 2073 361 2130 pedes,
399 2084 448 2115 ut
485 2088 548 2125 ea,
586 2090 680 2131 quae
721 2084 819 2116 sunt
852 2076 966 2118 intus
1003 2078 1046 2118 in
1078 2091 1268 2132 corpore,
1301 2093 1485 2134 quorum

44 2227 142 2258 Secus
157 2235 204 2259 est
219 2229 251 2259 in
268 2229 332 2259 fine
353 2229 445 2259 libri:
470 2228 544 2271 quid
564 2235 605 2258 est
626 2229 742 2259 virtute
782 2230 957 2261 delendum
977 2232 1111 2262 videtur.
1136 2232 1182 2262 sic
1205 2239 1273 2271 post
1299 2244 1364 2273 quae
1381 2234 1483 2272 prima

45 2270 187 2301 divinius.
232 2273 364 2303 Videtur
385 2273 465 2302 mihi
483 2272 655 2311 legendum
675 2272 740 2312 dig·
782 2279 967 2313 appetuntur.

44 2313 117 2344 nius.
134 2324 192 2344 rem
206 2314 325 2354 dignam
326 2315 433 2355 facere
448 2315 543 2346 etiam
560 2314 633 2344 alibi
650 2322 706 2345 est.
826 2323 866 2348 29
890 2327 977 2356 quam
1001 2316 1092 2345 eodem
1116 2327 1168 2346 usu
1191 2316 1374 2357 imminutas]
1394 2318 1482 2350 Quid

86 2363 124 2387 25
149 2358 349 2387 conservantia
369 2365 434 2387 sunt
456 2358 514 2398 <jus
533 2356 638 2396 status]
658 2359 736 2388 Edd.
781 2365 828 2388 est
852 2359 944 2387 eodem
969 2360 1050 2389 usu?
1080 2359 1183 2399 placet
1209 2360 1326 2390 Peareii
1353 2361 1481 2399 conjec-

42 2409 86 2438 pr.
103 2406 221 2430 statum.
236 2402 322 2440 quod
338 2411 403 2431 non
420 2410 578 2440 spernam.
780 2407 851 2431 tura
874 2401 984 2431 easdem
1014 2413 1043 2431 u.
1069 2402 1089 2430 i.
1126 2403 1274 2433 Davisius
1304 2410 1480 2444 utrumque

85 2448 125 2473 26
144 2442 322 2483 principium
344 2444 461 2473 ductum
487 2455 542 2473 esse
567 2456 585 2472 a
611 2453 640 2472 se
667 2442 737 2472 dili·
781 2443 954 2474 delendum
982 2451 1081 2485 putat.
1109 2456 1185 2475 sane
1208 2446 1294 2475 salva
1323 2449 1480 2478 sententia

39 2485 125 2523 gaudi
140 2484 329 2526 suiJ‘Addidi
353 2487 397 2516 sui
418 2497 460 2516 ex
483 2487 623 2516 ed.Ven.
643 2493 736 2519 1494.
780 2487 951 2518 abfuerint.

40 2527 186 2558 Davisius
202 2530 417 2568 corrrigitase
431 2529 586 2568 diligendo.
618 2529 736 2560 Pendet
823 2536 864 2560 30
898 2541 965 2572 quos
1001 2529 1140 2560 delectari
1184 2530 1352 2572 videamus]
1393 2534 1479 2573 Lego

40 2569 178 2610 diligendi
193 2572 237 2601 sui
246 2572 457 2612 aprincipium.
778 2572 912 2602 videmus
923 2585 932 2602 :
955 2583 1032 2604 nam
1047 2574 1129 2604 nihil
1145 2581 1203 2610 est,
1222 2576 1308 2613 quod
1324 2576 1476 2607 videamus

83 2619 120 2648 27
150 2614 294 2654 principis
324 2622 387 2645 nat.
425 2614 565 2654 diligendi
594 2612 656 2654 sui]
688 2613 734 2643 di-
777 2615 926 2654 postulet.

40 2654 146 2694 ligendi
157 2656 201 2686 sui
214 2664 469 2697 suspectum‘est
491 2658 630 2687 Davisio.
649 2657 733 2687 vide·
820 2664 857 2689 81
885 2669 951 2699 quae
979 2665 1046 2688 sunt
1079 2666 1178 2688 contra
1215 2666 1364 2697 naturam,
1395 2662 1476 2691 arbi-

40 2703 91 2728 tur
120 2708 137 2728 e
171 2701 420 2739 praecedentibus
458 2701 627 2740 repetitum
665 2709 733 2731 esse
776 2701 906 2739 trantur]
936 2702 1064 2732 Correxi
1097 2702 1301 2732 arbitramur.-
1334 2714 1410 2735 nam
1442 2705 1474 2735 in

40 2744 167 2772 temere.
182 2743 286 2782 itaque
301 2747 409 2783 etipse
425 2745 517 2773 uncis
533 2743 659 2774 inclusi.
775 2744 878 2783 prima
892 2754 1026 2783 persona
1048 2745 1144 2785 eoepit
1164 2745 1278 2775 dicere.
1302 2747 1347 2776 sic
1363 2754 1394 2777 et
1410 2748 1474 2778 Da·
1498 2774 1500 2777 .

83 2789 122 2813 28
146 2795 210 2824 quae
225 2792 331 2815 natura
347 2787 445 2825 prima
468 2793 535 2815 sunt
557 2786 662 2823 ascita,
679 2797 732 2815 na·
774 2787 870 2816 visius
887 2787 972 2820 fecit.

40 2831 107 2854 tara
136 2825 307 2870 diligamus]
340 2829 485 2860 Primum
515 2835 623 2858 natura
649 2829 730 2859 mihi

780 2882 854 2920 L4
