1778 3095
218 168 298 202 482
606 158 684 198 DE
711 157 982 197 NATURA
1011 158 1283 197 DEORUM

221 284 320 311 nem
348 269 481 320 affert,
512 270 613 326 quin
642 269 885 312 hominibus
916 268 1013 310 solis
1043 283 1093 309 ea
1122 277 1270 310 natura
1307 266 1535 308 donaverit.
1562 273 1657 309 tan-

222 335 402 383 tumque
435 328 569 375 abest,
603 335 653 368 ut
687 326 778 375 haec
809 326 1040 368 bestiarum
1073 325 1201 366 etiarn
1233 337 1359 366 causa
1387 332 1531 379 parata
1560 323 1659 375 sint,

223 391 274 424 ut
307 384 417 439 ipsas
449 383 602 425 bestias
638 383 859 424 hominum
891 382 1028 438 gratia
1061 391 1281 437 generatas
1312 394 1402 421 esse
1430 380 1659 422 videamus.

225 440 343 497 Quid
363 440 476 481 enirn
497 454 593 481 oves
614 439 729 481 aliud
755 439 947 488 afferunt,
979 438 1058 479 nisi
1086 447 1134 479 ut
1163 453 1306 480 earum
1327 437 1433 478 villis
1454 436 1660 477 confectis

225 507 352 552 atque
373 497 579 538 contextis
600 496 792 538 homines
812 495 1068 537 vestiantur?
1101 510 1196 551 quae
1223 494 1394 550 quidem
1427 507 1563 549 neque
1590 493 1662 544 ali,

226 568 361 608 neque
399 553 636 604 sustentari,
676 566 811 607 neque
845 551 980 592 ullum
1014 551 1199 592 fructum
1240 551 1376 592 edere·
1401 564 1452 590 ex
1489 564 1533 590 se
1572 549 1663 590 sine

226 610 346 651 cultu
365 610 587 651 hominum
607 617 650 650 et
670 609 886 649 curatione
906 615 944 639 82
960 608 1208 662 potuissent.
1269 607 1435 649 Canum
1457 620 1554 646 vero
1574 614 1664 646 tam

230 666 312 707 fida
341 667 547 716 custodia,
577 674 749 720 tamque
777 678 922 704 amans
953 663 1221 704 dominorum
1253 664 1454 713 adulatio,
1475 671 1663 704 tantum-

231 738 314 779 que
335 724 479 765 odium
499 723 541 763 in
563 730 773 771 externos,
793 729 836 761 et
855 729 943 761 tarn
962 719 1216 760 incredibilis
1245 720 1298 761 ad
1325 719 1663 774 investigandum

231 781 438 836 sagacitas
461 779 640 827 narium,
664 785 782 818 tanta
811 776 1002 818 alacritas
1032 775 1075 815 in
1103 776 1308 827 venando,
1335 776 1436 832 quid
1456 776 1668 832 significat

231 837 362 886 aliud,
397 835 475 876 nisi
512 849 555 874 se
585 834 638 875 ad
671 833 894 874 hominum
925 832 1251 873 commoditates
1286 846 1376 873 esse
1411 833 1667 887 generatos?

147 898 220 940 159
233 892 348 950 Quid
382 892 435 933 de
468 891 607 932 bubus
642 890 821 946 loquar?
855 904 1037 945 quorum
1069 889 1159 944 ipsa
1192 897 1311 943 terga
1340 888 1553 930 declarant
1584 903 1669 930 non

232 964 322 990 esse
343 963 387 990 se
407 948 460 989 ad
488 962 594 989 onus
623 945 916 1003 accipiendum
946 946 1152 1001 figurata:
1183 945 1363 986 cervices
1390 952 1531 986 autem
1560 953 1670 986 natae

233 1006 288 1048 ad
302 1005 458 1062 jugum
477 1021 486 1046 z
517 1013 609 1046 tum
629 1004 734 1045 vires
755 1003 1030 1045 humerorum
1057 1010 1101 1043 et
1128 1001 1385 1052 latitudineS,
1408 1008 1445 1033 83
1461 1001 1513 1042 ad
1535 1010 1673 1043 aratra

232 1061 500 1104 extrahenda.
516 1062 668 1118 quibus
685 1075 782 1102 cum
800 1068 921 1101 terrae
939 1059 1236 1114 subigerentur
1250 1058 1416 1099 fissione
1434 1057 1673 1113 glebarum,

233 1119 387 1218 agillp)
404 1133 531 1160 aureo
552 1132 725 1175 genere,
743 1125 792 1159 ut
812 1121 951 1173 poetae
975 1116 1223 1172 loquuntur,
1249 1115 1308 1156 vis
1333 1129 1564 1171 numquam
1587 1114 1674 1156 ulla

233 1190 258 1218 a
290 1191 358 1218 ere
390 1184 498 1217 atur.

343 1274 381 1298 84
396 1267 518 1304 Ferrea
538 1275 608 1303 tum
627 1279 708 1303 vero
715 1266 824 1316 proles
842 1273 958 1302 exorta
977 1271 1105 1315 repente
1122 1270 1184 1308 esi,

341 1321 505 1371 Ansaque
511 1321 693 1368 funestum
706 1319 822 1370 prima
842 1328 890 1355 est
894 1317 1111 1367 fabricarier
1129 1330 1248 1362 ensem,

344 1374 392 1412 Et
407 1382 551 1425 gustare
572 1380 608 1404 85
622 1387 726 1410 manu
743 1373 889 1417 victum,
910 1371 1131 1422 domitumque
1139 1371 1341 1419 juvencum.

236 1449 374 1490 Tanta
394 1446 624 1503 putabatur
643 1446 802 1488 utilitas
820 1444 979 1501 percipi
1003 1458 1054 1485 ex
1080 1445 1234 1494 bubus,
1265 1452 1314 1485 ut
1342 1458 1490 1485 eorum
1511 1443 1679 1486 visceri-

154 1505 227 1561 64
237 1506 318 1547 bus
340 1504 448 1546 vesci
471 1503 608 1545 scelus
627 1503 867 1544 haberetur.
926 1503 1128 1557 Longum
1157 1510 1222 1542 est
1248 1501 1464 1542 mulorum
1482 1502 1678 1558 persequi

239 1562 456 1612 utilitates,
477 1569 519 1601 et
538 1561 777 1610 asinorum3
809 1574 903 1615 quae
923 1567 1037 1599 certe
1055 1558 1110 1599 ad
1135 1557 1357 1599 hominum
1378 1573 1502 1599 usum
1523 1568 1679 1613 paratae

153 1628 228 1666 160
240 1627 351 1661 sunt.
411 1619 492 1659 Sus
511 1632 609 1659 vero
637 1616 738 1673 quid
768 1615 910 1666 habet,
938 1623 1090 1670 praeter
1119 1616 1291 1655 escam?
1325 1614 1395 1655 cui
1416 1614 1602 1670 quidem,
1626 1629 1679 1656 ne

196 1691 229 1723 b.
240 1676 484 1732 putisceret,
500 1675 684 1715 animam
704 1674 839 1728 ipsam
861 1687 939 1727 pro
960 1671 1046 1712 sale
1073 1670 1215 1712 datam
1236 1670 1340 1711 dicit
1358 1685 1448 1711 esse
1471 1670 1680 1727 Chrysip-

240 1747 335 1789 pus.
357 1746 441 1788 qua
468 1730 647 1787 pecude,
679 1729 794 1786 quod
824 1737 913 1769 erat
942 1727 995 1768 ad
1025 1727 1277 1768 vescendum
1303 1727 1546 1768 bominibus
1566 1737 1681 1783 apta,

241 1789 348 1830 nihil
378 1787 527 1844 genuit
556 1797 705 1828 natura
734 1784 984 1826 faecundius.
1013 1784 1129 1840 Quid
1154 1783 1472 1828 multitudinem
1500 1785 1682 1826 suavita-

240 1854 413 1901 temque
431 1844 611 1900 piscium
628 1843 766 1884 dicam
782 1844 795 1883 ?
820 1841 921 1897 quid
935 1840 1070 1882 avium
1092 1842 1105 1881 ?
1128 1855 1179 1881 ex
1197 1840 1351 1895 quibus
1367 1848 1485 1881 tanta
1501 1841 1683 1896 percipi-

241 1911 311 1944 tur
344 1902 553 1957 voluptas,
584 1908 632 1941 ut
667 1898 881 1940 interdum
919 1899 1097 1938 Pronoea
1127 1907 1285 1948 nostra,
1317 1896 1525 1951 Epicurea
1553 1896 1685 1939 fuisse

243 1958 446 2000 videatur.
503 1958 651 2013 Atque
680 1956 747 1997 hae
778 1970 830 1996 ne
860 1962 1108 2010 caperentur
1138 1952 1324 2009 quidem,
1354 1952 1433 1993 nisi
1460 1953 1683 1996 hominum

244 2015 408 2058 ratione
440 2022 568 2070 atque
599 2013 799 2055 sollertia.
831 2025 1090 2067 quamquam
1121 2024 1215 2051 aves
1245 2009 1464 2065 quasdam,
1485 2019 1527 2051 et
1550 2011 1689 2062 alites,

245 2083 289 2115 et
308 2072 485 2122 oscines,
501 2080 550 2112 ut
569 2070 701 2112 nostri
720 2083 902 2125 augures
925 2067 1153 2123 appellant,
1184 2081 1323 2108 rerum
1344 2067 1685 2122 augurandarum

161 2139 230 2178 161
248 2144 375 2172 causa
411 2142 502 2169 esse
541 2136 659 2168 natas
697 2136 912 2182 putamUS.
970 2125 1067 2166 Jam
1106 2138 1203 2164 vero
1243 2123 1464 2174 immanes,
1500 2133 1543 2165 et
1580 2124 1689 2165 feras

246 2187 392 2229 beluas
412 2184 694 2226 nanciscimur
711 2182 916 2232 venando,
941 2189 991 2222 ut
1017 2190 1060 2222 et
1087 2194 1302 2221 vescamur
1330 2180 1395 2231 iis,
1426 2188 1469 2221 et
1497 2194 1690 2222 exercea-

246 2258 344 2285 mur
364 2242 407 2283 in
426 2241 616 2282 venando
643 2240 697 2281 ad
727 2238 1044 2281 similitudinem
1072 2237 1236 2278 bellicae
1266 2236 1511 2292 disciplinae,
1532 2246 1574 2278 et
1593 2245 1689 2278 uta-

248 2315 346 2342 mur
378 2298 550 2340 domitis
584 2307 627 2338 et
655 2295 983 2345 condocefactis,
1011 2303 1060 2335 ut
1089 2293 1347 2348 elephantis:
1380 2293 1598 2348 multaque
1637 2308 1690 2335 ex

249 2371 395 2398 earum
428 2354 676 2410 corporibus
709 2352 892 2394 remedia
927 2351 1086 2392 morbis
1119 2360 1162 2391 et
1194 2349 1432 2391 vulneribus
1465 2349 1690 2404 eligamus,

250 2414 362 2454 sicut
395 2427 446 2454 ex
481 2411 735 2467 quibusdam
767 2409 968 2465 stirpibus
1001 2416 1043 2448 et
1076 2406 1232 2456 herbis,
1268 2419 1446 2461 quarum
1485 2405 1692 2448 utilitates

249 2468 475 2526 longinqui
496 2468 699 2524 temporis
719 2481 799 2508 usu
818 2476 861 2508 et
881 2464 1192 2522 periclitationev
1211 2468 1249 2494 8⁶
1264 2462 1544 2518 percepimus.
1602 2464 1691 2504 To-

298 2599 337 2625 82
358 2590 530 2632 potuissent]
550 2592 675 2630 Coi-rige
686 2597 811 2630 possent.
993 2589 1012 2619 i.
1029 2598 1057 2619 e.
1073 2589 1127 2627 qui
1140 2594 1246 2628 passus
1263 2588 1446 2626 estjugum.
1460 2588 1581 2619 editum
1592 2589 1697 2630 magIS

298 2642 337 2667 83
363 2636 403 2664 ad
420 2642 524 2664 aratra
547 2632 738 2673 extrahenda]
758 2634 808 2663 Sc.
825 2642 840 2662 e
858 2639 948 2667 terra,
993 2631 1104 2671 placet.
1122 2642 1207 2660 manu
1223 2632 1320 2660 victus
1342 2637 1388 2660 cst
1411 2631 1561 2662 subactus
1578 2642 1692 2668 manu,

254 2688 334 2710 cum
350 2680 520 2717 impressus
541 2684 587 2707 est
609 2678 722 2707 vomis.
743 2677 802 2706 nisi
819 2685 891 2705 vero
906 2675 950 2704 le·
994 2676 1019 2704 si
1050 2674 1183 2703 vinctum
1213 2673 1263 2703 vel
1285 2675 1422 2714 junctum
1453 2681 1532 2705 esset
1566 2684 1693 2712 verum,

255 2723 398 2763 gendum
415 2728 460 2751 est
477 2720 626 2750 trahenda.
996 2718 1145 2755 frigidum
1162 2724 1192 2746 et
1207 2716 1351 2746 alienum
1368 2724 1446 2747 esset
1462 2727 1560 2746 manu.

302 2773 340 2796 84
366 2766 472 2794 Ferrea
485 2771 545 2792 tum
562 2762 635 2801 δια]
663 2762 744 2793 Haec
766 2768 842 2792 sunt
864 2770 953 2791 versa
1040 2765 1078 2790 86
1099 2759 1291 2799 percepimus]¹
1315 2760 1366 2789 Sic
1389 2766 1470 2790 recte
1486 2770 1502 2790 e
1519 2760 1583 2789 Ms.
1599 2759 1699 2790 edidit

256 2819 295 2840 ex
312 2810 408 2839 Arato
422 2817 452 2837 v.
472 2813 543 2837 130.
557 2817 582 2836 s.
996 2803 1143 2833 Davisius
1175 2812 1231 2842 pro
1259 2802 1389 2841 vulgato
1414 2802 1610 2842 percipimus.-
1647 2809 1695 2832 est

302 2859 340 2882 85
366 2861 452 2880 manu
474 2850 589 2880 viarm
610 2849 639 2878 d.
653 2841 700 2888 jss]
727 2848 806 2879 Mss.
822 2847 954 2887 quidam
998 2847 1084 2877 enim
1113 2856 1217 2876 sermo
1241 2846 1280 2875 de
1306 2846 1498 2885 cognitione,
1530 2855 1597 2877 non
1622 2854 1695 2877 usu.

257 2895 402 2926 vinctum.
429 2894 515 2925 unde
532 2893 669 2933 junctum
691 2892 767 2932 legit
791 2891 955 2929 Davisius,
999 2890 1050 2920 Sic
1067 2896 1097 2920 et
1113 2891 1181 2921 edd.
1198 2895 1272 2921 vett.
1290 2888 1373 2920 Aldi.
