1778 3095
214 79 291 113 348
575 75 821 114 TUSCUL.
858 75 1296 114 QUAESTIONUM

151 191 202 223 52
214 183 517 248 rempublicam
537 184 691 224 salvam
709 199 799 225 esse
820 185 955 235 x·,ellet
973 200 1016 225 se
1038 185 1155 240 sequi
1169 185 1310 248 jussit.
1369 183 1542 235 Nescio,
1563 199 1633 226 ec-

214 239 347 294 quid
337 240 413 305 1psi
434 255 508 282 nos
528 241 721 281 fortiter
711 257 753 282 m
774 242 989 296 republica
1006 241 1241 282 fecerimus.
1272 256 1306 281 si
1324 239 1424 295 quid
1445 240 1635 292 fecimus,

215 307 327 337 certe
353 297 446 338 irati
472 312 555 338 non
586 298 776 338 fecimus
834 298 901 338 An
925 307 987 338 est
1008 298 1235 362 quidquam
1260 297 1461 337 similius
1452 296 1637 348 msaniae,

214 368 340 408 quam
363 354 448 394 ira?
481 368 550 408 qu
540 368 606 394 im
635 355 740 395 bene
763 355 919 394 Ennius
941 355 1103 394 initium
1124 354 1255 395 dixit
1248 353 1429 394 insanire.
1491 352 1641 408 Color,

214 423 306 460 vox,
340 409 468 459 oculi,
500 410 682 465 spirituS,
716 410 964 465 impotentia
996 411 1221 461 dictorum,
1254 420 1379 465 atque
1413 410 1640 459 factorum,

215 481 339 522 quam
373 479 531 522 partem
565 466 719 507 habent
749 467 961 507 sanitatls?
996 467 1095 522 quid
1116 467 1283 507 Achille
1306 466 1538 508 Holneiico
1559 464 1639 506 foe-

215 523 339 564 dius?
406 522 477 563 uid
506 522 874 578 Agamemnone,'
865 538 907 562 m
933 524 1106 578 jurgio?
1140 538 1236 563 nam
1265 524 1442 579 Ajacem
1469 520 1638 577 quidem

215 579 275 620 ira
305 579 358 620 ad
409 593 572 620 urorem
604 588 870 633 mortemque
895 578 1101 633 perduxit.
1159 580 1259 619 Non
1286 580 1414 634 igitur
1433 577 1643 620 desiderat

213 635 418 677 fortitudo
440 635 685 675 advocatam
705 634 977 676 iracundiam.
1018 636 1126 676 Satis
1146 644 1209 675 est
1231 636 1446 686 instructa,
1466 641 1640 686 armata,

213 701 357 756 parata
376 706 450 746 per
471 705 572 731 sese
632 692 746 731 Nam
767 691 848 731 isto
870 691 998 732 modo
1018 691 1186 754 quidem
1205 691 1305 732 licet
1324 692 1477 742 dicere,
1493 691 1641 731 utilem

212 747 481 790 vinolentiam
509 747 561 787 ad
587 747 890 798 fortitudinem,
911 748 1058 789 utilem
1083 748 1209 788 etiam
1235 748 1504 797 dementiam,
1526 746 1641 803 quod

215 814 258 845 et
279 803 424 853 insani,
446 813 487 843 et
507 803 611 843 ebrii
631 803 766 844 multa
784 804 942 845 faciunt
970 819 1080 859 saepe
1110 804 1409 846 vehementius.
1469 805 1642 859 Semper

217 860 326 917 Ajax
348 860 468 901 fortis
489 877 497 900 ε
530 860 783 901 fortissimus
805 871 945 901 tamen
965 877 1005 901 ln
1029 862 1169 902 furore
1188 879 1196 899 z

324 941 418 977 Nam
424 941 569 989 facinus
575 941 663 989 fecit
684 941 879 984 maximum,
899 955 986 984 cum,
1007 942 1143 977 Danais
1163 941 1413 985 inclinantibus,

326 993 500 1031 Summam
519 1006 584 1030 rem
600 995 736 1044 peficit
758 1007 890 1037 munus,
905 994 1063 1044 proelium
1082 995 1226 1031 restituit
1244 995 1424 1031 insaniens.

137 1079 207 1126 24
217 1079 454 1121 Dicamus
444 1078 573 1134 igitur
593 1078 769 1119 utilem
759 1078 977 1119 insaniam.
1009 1086 1142 1120 tracta
1170 1078 1454 1120 definitionem
1476 1080 1644 1121 fortitu-

155 1152 204 1185 53
219 1135 355 1176 dinis.
381 1135 613 1191 intelliges,
643 1150 735 1175 eam
769 1134 989 1175 stomacho
1017 1149 1103 1176 non
1136 1149 1272 1199 egere.
1332 1135 1552 1177 Fortitudo
1582 1146 1647 1177 est

218 1193 363 1248 igitur,
395 1192 561 1233 affectio
596 1191 723 1231 animi
757 1199 794 1222 82
812 1191 898 1245 legi
934 1206 1110 1232 summae
1146 1191 1187 1231 in
1215 1191 1495 1256 perpetiendis
1523 1191 1648 1232 rebus

218 1250 536 1303 obtemperans3
580 1247 644 1288 vel
679 1247 940 1288 conservatio
974 1247 1134 1288 stabilis
1156 1247 1306 1304 judicii
1340 1247 1383 1288 in
1415 1248 1473 1288 eis
1508 1248 1648 1299 rebus,

219 1320 314 1359 quae
335 1303 622 1345 formidolosae
640 1303 845 1353 videntur,
866 1304 1107 1354 subeundis,
1127 1314 1169 1345 et
1188 1304 1461 1360 repellendis;
1482 1304 1546 1346 vel
1567 1304 1647 1346 sci-

176 1369 209 1400 b.
221 1361 334 1402 entia
362 1376 503 1402 rerum
533 1359 829 1401 formidolosai
833 1376 920 1410 um,
951 1361 1352 1416 contrariarumque,
1380 1360 1648 1417 perferenda-

221 1432 313 1459 rum
346 1427 420 1458 aut
452 1417 626 1458 omnino
660 1417 1023 1472 negligendarum‚
1051 1432 1299 1458 conservans
1329 1432 1473 1458 earum
1508 1432 1647 1459 rerum

220 1474 371 1515 stabile
383 1473 617 1530 judicium:
639 1473 704 1514 vel
724 1473 901 1524 brevius,
919 1484 966 1514 ut
990 1473 1269 1538 Chrysippus.
1300 1489 1396 1514 nam
1417 1474 1649 1528 superiores

220 1530 482 1571 definitiones
504 1539 621 1571 erant
644 1530 820 1585 Sphaeri,
843 1529 1055 1570 hominis
1046 1545 1086 1570 m
1108 1531 1252 1586 primis
1272 1531 1379 1571 bene
1400 1529 1650 1580 definientis,

219 1596 268 1628 ut
289 1595 440 1642 putant
461 1587 621 1628 Stoici:
655 1595 752 1627 sunt
773 1586 885 1626 enim
907 1587 1080 1627 omnino
1101 1601 1246 1627 omnes
1264 1586 1349 1627 fere
1369 1587 1553 1628 similes:
1577 1587 1651 1628 sed

220 1643 435 1684 declarant
465 1658 712 1684 communes
740 1643 948 1693 notiones,
981 1643 1061 1683 alia
1089 1643 1224 1699 magis
1250 1643 1342 1684 alia.
1400 1644 1500 1700 Quo
1521 1642 1651 1685 modo

220 1700 352 1755 igitur
372 1699 665 1756 Chrysippus?
691 1700 910 1740 Fortitudo
931 1708 1008 1750 est,
1024 1700 1173 1755 inquit,
1195 1700 1367 1740 scientia
1386 1700 1651 1754 perferenda-

220 1771 316 1797 rum
352 1771 506 1807 rerum,
539 1756 601 1796 vel
631 1756 798 1796 affectio
832 1755 974 1805 animi,
1008 1757 1048 1796 in
1081 1756 1280 1811 patiendo
1309 1771 1358 1796 ac
1388 1755 1651 1811 perferendo,

221 1827 399 1853 summae
424 1812 509 1868 legi
529 1827 677 1868 parens
697 1813 785 1853 sine
811 1813 977 1853 timore.
1037 1812 1217 1868 Quami
1208 1827 1241 1852 1s
1271 1812 1371 1853 licet
1401 1813 1654 1854 insectemur

222 1869 339 1919 istos,
360 1878 408 1910 ut
438 1869 676 1910 Carneades
706 1869 882 1910 solebat.
915 1878 1075 1919 metuo,
1102 1884 1153 1910 ne
1185 1868 1263 1909 soli
1289 1868 1531 1933 philosophi
1557 1869 1653 1911 sint.

221 1927 331 1981 Quae
361 1925 472 1966 enim
504 1926 678 1966 istarum
714 1925 1004 1966 definitionum
1038 1940 1121 1966 non
1157 1925 1290 1980 aperit
1326 1926 1540 1967 notionem
1577 1940 1653 1967 no-

223 1991 367 2032 stram,
390 1997 515 2037 quam
549 1982 754 2023 habemus
786 1997 934 2023 omnes
961 1981 1013 2022 de
1038 1982 1300 2032 fortitudine,
1329 1991 1499 2033 tectam,
1529 1991 1655 2038 atque

222 2038 454 2080 involutam
473 2040 487 2078 ?
521 2053 603 2094 qua
625 2048 783 2094 aperta,
804 2039 897 2094 quis
919 2047 997 2089 est,
1019 2039 1090 2093 qui
1110 2048 1181 2080 aut
1201 2038 1408 2103 bellatori,
1428 2047 1501 2080 aut
1520 2039 1654 2103 impe-

223 2095 367 2145 ratori,
387 2104 460 2135 aut
481 2095 637 2136 oratori
659 2104 696 2126 8²³
712 2104 872 2150 quaerat
890 2070 1063 2151 aliquid,
1085 2109 1219 2151 neque
1242 2110 1314 2136 eos
1339 2095 1546 2137 existimet
1567 2095 1656 2136 sine

161 2160 210 2194 54
225 2150 340 2192 rabie
378 2150 608 2207 quidquam
649 2152 815 2192 fortiter
855 2152 989 2193 facere
1023 2154 1173 2207 posse?
1217 2151 1363 2208 Quid?
1405 2152 1551 2202 Stoici,
1581 2151 1654 2207 qui

224 2221 372 2249 omnes
403 2208 644 2262 insipientes
679 2208 845 2249 insanos
881 2223 972 2249 esse
1003 2209 1161 2259 dicunt,
1194 2216 1232 2240 84
1249 2222 1387 2249 nonne
1416 2208 1497 2249 ista
1531 2207 1652 2249 colli-

223 2265 362 2318 gunt?
395 2278 561 2305 remove
590 2264 940 2319 perturbationes,
961 2265 1223 2329 maximeque
1251 2265 1537 2306 iracundiam:
1552 2264 1654 2329 ‘jam

223 2319 476 2361 videbuntur
497 2329 684 2362 monstra
704 2320 857 2362 dicere.
898 2323 1025 2362 Nunc
1045 2332 1188 2362 autem
1210 2321 1269 2363 ita
1289 2321 1510 2372 disserunt,
1530 2321 1588 2362 sic
1610 2335 1655 2363 se

225 2375 378 2426 dicere,
400 2391 546 2418 omnes
577 2377 730 2419 stultos
760 2377 953 2428 insanire,
975 2387 1023 2419 ut
1048 2377 1158 2418 male
1186 2378 1298 2418 olere
1322 2392 1447 2418 omne
1471 2392 1655 2420 coenum.

224 2432 287 2472 At
323 2446 406 2474 non
441 2447 619 2488 semper.
681 2433 943 2475 Commove:
984 2434 1151 2475 senties.
1210 2433 1279 2475 Sic
1313 2434 1539 2476 iracundus
1571 2449 1655 2477 non

270 2555 308 2579 82
332 2547 389 2587 legi
412 2548 547 2589 summae]
574 2550 628 2579 Est
649 2550 737 2579 ratio.
761 2550 840 2579 infra
864 2551 919 2579 ite-
963 2549 1222 2580 conclusionibus
1245 2560 1299 2589 per
1321 2551 1552 2588 inductionem,
1567 2557 1605 2582 ut
1619 2552 1657 2582 de

227 2602 300 2622 rum
315 2598 361 2621 est
377 2592 408 2621 in
425 2592 608 2621 definitione
625 2592 803 2631 Chrysippi.
962 2593 1095 2631 singulis
1107 2594 1299 2623 adseendant
1311 2594 1348 2623 ad
1361 2603 1471 2632 genus.
1489 2595 1565 2624 huic
1581 2604 1657 2625 con-

272 2640 310 2664 83
335 2641 448 2675 quaerat
464 2633 593 2675 aliquid]
610 2634 714 2664 Intell.
731 2635 817 2664 aliud
829 2635 919 2674 quid,
962 2636 1096 2666 veniunt
1110 2636 1283 2675 sequentia.
1307 2637 1331 2666 si
1348 2646 1364 2665 e
1381 2646 1515 2667 numero
1531 2637 1658 2668 insano-

226 2683 264 2707 ut
285 2686 368 2716 saepe
390 2678 516 2715 dicitur,
540 2677 625 2707 aliud
647 2678 736 2716 quid,
754 2687 852 2717 quam
876 2684 922 2707 est
965 2688 1036 2708 rum
1060 2678 1247 2709 eximuntur
1268 2680 1424 2716 iracundi,
1441 2680 1578 2710 insanire
1599 2681 1658 2721 ipsi

227 2720 260 2750 in
277 2719 330 2750 illa
345 2720 528 2750 definitione
543 2720 649 2750 Stoica
664 2720 863 2750 fortitudinis.
963 2728 994 2751 et
1006 2728 1147 2752 monstra
1157 2722 1259 2752 dicere
1271 2722 1475 2759 videbuntur,
1488 2724 1572 2762 quod
1588 2732 1658 2763 pars

272 2769 311 2793 84
334 2773 421 2792 nonne
436 2763 493 2792 ista
507 2762 657 2802 colligunt]
676 2763 783 2794 Nemo
799 2764 861 2793 hoc
876 2770 921 2792 te·
963 2773 1000 2793 ea
1013 2772 1140 2796 exemta
1154 2766 1206 2803 sit,
1222 2775 1295 2806 quae
1310 2765 1419 2796 foedior
1435 2766 1531 2797 etiam
1546 2767 1656 2797 ceteris

226 2805 307 2845 tigit.
330 2815 396 2836 esse
411 2813 520 2836 autem
535 2807 668 2837 videtur.
692 2806 753 2836 hoc
777 2807 921 2837 efficiunt
962 2814 1019 2838 est.
