<?xml version="1.0" encoding="UTF-8"?>
<!DOCTYPE html PUBLIC "-//W3C//DTD XHTML 1.0 Transitional//EN"
    "http://www.w3.org/TR/xhtml1/DTD/xhtml1-transitional.dtd">
<html xmlns="http://www.w3.org/1999/xhtml" xml:lang="en" lang="en">
 <head>
  <title>
</title>
<meta http-equiv="Content-Type" content="text/html;charset=utf-8" />
  <meta name='ocr-system' content='tesseract 3.04.00' />
  <meta name='ocr-capabilities' content='ocr_page ocr_carea ocr_par ocr_line ocrx_word'/>
</head>
<body>
  <div class='ocr_page' id='page_1' title='image "./p1operaomnia04ciceuoft_0325.png"; bbox 0 0 1778 3095; ppageno 0'>
   <div class='ocr_carea' id='block_1_1' title="bbox 596 57 1567 105">
    <p class='ocr_par' dir='ltr' id='par_1_1' title="bbox 596 57 1567 105">
     <span class='ocr_line' id='line_1_1' title="bbox 596 57 1567 105; baseline 0.002 -11"><span class='ocrx_word' id='word_1_1' title='bbox 596 57 778 94; x_wconf 80' lang='lat' dir='ltr'>LIBER</span> <span class='ocrx_word' id='word_1_2' title='bbox 813 57 1096 96; x_wconf 78' lang='lat' dir='ltr'>TERTms.</span> <span class='ocrx_word' id='word_1_3' title='bbox 1489 64 1567 105; x_wconf 84' lang='lat'>317</span> 
     </span>
    </p>
   </div>
   <div class='ocr_carea' id='block_1_2' title="bbox 125 164 1630 342">
    <p class='ocr_par' dir='ltr' id='par_1_2' title="bbox 125 164 1630 342">
     <span class='ocr_line' id='line_1_2' title="bbox 126 164 1569 222; baseline 0.002 -16"><span class='ocrx_word' id='word_1_4' title='bbox 126 164 311 221; x_wconf 85' lang='lat' dir='ltr'>Epicuro</span> <span class='ocrx_word' id='word_1_5' title='bbox 331 165 569 209; x_wconf 86' lang='lat' dir='ltr'>confitenda</span> <span class='ocrx_word' id='word_1_6' title='bbox 591 173 702 215; x_wconf 85' lang='lat' dir='ltr'>sunt,</span> <span class='ocrx_word' id='word_1_7' title='bbox 723 172 798 205; x_wconf 85' lang='lat' dir='ltr'>aut</span> <span class='ocrx_word' id='word_1_8' title='bbox 819 179 882 215; x_wconf 85' lang='lat' dir='ltr'>ea,</span> <span class='ocrx_word' id='word_1_9' title='bbox 904 180 999 220; x_wconf 86' lang='lat' dir='ltr'>quae</span> <span class='ocrx_word' id='word_1_10' title='bbox 1021 165 1152 206; x_wconf 87' lang='lat' dir='ltr'>modo</span> <span class='ocrx_word' id='word_1_11' title='bbox 1171 179 1364 222; x_wconf 86' lang='lat' dir='ltr'>expressa</span> <span class='ocrx_word' id='word_1_12' title='bbox 1397 168 1451 208; x_wconf 86' lang='lat' dir='ltr'>ad</span> <span class='ocrx_word' id='word_1_13' title='bbox 1479 182 1569 209; x_wconf 84' lang='lat' dir='ltr'>ver-</span> 
     </span>
     <span class='ocr_line' id='line_1_3' title="bbox 125 221 1566 278; baseline 0.001 -15"><span class='ocrx_word' id='word_1_14' title='bbox 125 222 230 264; x_wconf 91' lang='lat' dir='ltr'>bum</span> <span class='ocrx_word' id='word_1_15' title='bbox 252 223 351 275; x_wconf 80' lang='lat' dir='ltr'>dixi,</span> <span class='ocrx_word' id='word_1_16' title='bbox 374 221 560 265; x_wconf 88' lang='lat' dir='ltr'>tollenda</span> <span class='ocrx_word' id='word_1_17' title='bbox 576 221 627 262; x_wconf 90' lang='lat' dir='ltr'>de</span> <span class='ocrx_word' id='word_1_18' title='bbox 644 221 767 272; x_wconf 82' lang='lat' dir='ltr'>libro,</span> <span class='ocrx_word' id='word_1_19' title='bbox 784 221 847 261; x_wconf 86' lang='lat' dir='ltr'>vel</span> <span class='ocrx_word' id='word_1_20' title='bbox 866 230 980 263; x_wconf 89' lang='lat' dir='ltr'>totus</span> <span class='ocrx_word' id='word_1_21' title='bbox 1000 222 1106 263; x_wconf 88' lang='lat' dir='ltr'>liber</span> <span class='ocrx_word' id='word_1_22' title='bbox 1126 222 1267 277; x_wconf 82' lang='lat' dir='ltr'>potiu‘s</span> <span class='ocrx_word' id='word_1_23' title='bbox 1288 223 1566 278; x_wconf 85' lang='lat' dir='ltr'>abjiciundus.</span> 
     </span>
     <span class='ocr_line' id='line_1_4' title="bbox 125 278 1630 342; baseline 0.002 -23"><span class='ocrx_word' id='word_1_24' title='bbox 125 288 188 320; x_wconf 90' lang='lat' dir='ltr'>est</span> <span class='ocrx_word' id='word_1_25' title='bbox 210 280 321 321; x_wconf 88' lang='lat' dir='ltr'>enim</span> <span class='ocrx_word' id='word_1_26' title='bbox 344 280 556 321; x_wconf 86' lang='lat' dir='ltr'>confertus</span> <span class='ocrx_word' id='word_1_27' title='bbox 577 278 878 342; x_wconf 77' lang='lat' dir='ltr'>voluptatibus.</span> <span class='ocrx_word' id='word_1_28' title='bbox 939 279 1230 335; x_wconf 66' lang='lat' dir='ltr'>Quaerendum</span> <span class='ocrx_word' id='word_1_29' title='bbox 1253 280 1397 334; x_wconf 78' lang='lat' dir='ltr'>igitur,</span> <span class='ocrx_word' id='word_1_30' title='bbox 1418 295 1566 335; x_wconf 89' lang='lat' dir='ltr'>quem-</span> <span class='ocrx_word' id='word_1_31' title='bbox 1578 290 1630 322; x_wconf 78' lang='lat'>44</span> 
     </span>
    </p>
   </div>
   <div class='ocr_carea' id='block_1_3' title="bbox 125 335 1698 411">
    <p class='ocr_par' dir='ltr' id='par_1_3' title="bbox 125 335 1698 411">
     <span class='ocr_line' id='line_1_5' title="bbox 125 335 1698 411; baseline -0.001 -34"><span class='ocrx_word' id='word_1_32' title='bbox 125 336 356 378; x_wconf 86' lang='lat' dir='ltr'>admodum</span> <span class='ocrx_word' id='word_1_33' title='bbox 379 335 630 391; x_wconf 73' lang='lat' dir='ltr'>aegritudine</span> <span class='ocrx_word' id='word_1_34' title='bbox 657 349 868 390; x_wconf 81' lang='lat' dir='ltr'>prlvemus</span> <span class='ocrx_word' id='word_1_35' title='bbox 889 349 1003 386; x_wconf 80' lang='lat' dir='ltr'>eum,</span> <span class='ocrx_word' id='word_1_36' title='bbox 1025 336 1096 392; x_wconf 90' lang='lat' dir='ltr'>qui</span> <span class='ocrx_word' id='word_1_37' title='bbox 1120 336 1178 377; x_wconf 84' lang='lat' dir='ltr'>ita</span> <span class='ocrx_word' id='word_1_38' title='bbox 1199 336 1311 377; x_wconf 82' lang='lat' dir='ltr'>dicat</span> <span class='ocrx_word' id='word_1_39' title='bbox 1328 352 1340 387; x_wconf 79' lang='lat'>3</span> <span class='ocrx_word' id='word_1_40' title='bbox 1578 347 1698 411; x_wconf 48' lang='lat'>1:³00·</span> 
     </span>
    </p>
   </div>
   <div class='ocr_carea' id='block_1_4' title="bbox 230 416 1302 575">
    <p class='ocr_par' dir='ltr' id='par_1_4' title="bbox 230 416 1302 575">
     <span class='ocr_line' id='line_1_6' title="bbox 231 416 1213 468; baseline 0 -14"><span class='ocrx_word' id='word_1_41' title='bbox 231 418 352 468; x_wconf 85' lang='lat' dir='ltr'>—pol</span> <span class='ocrx_word' id='word_1_42' title='bbox 366 416 448 454; x_wconf 78' lang='lat' dir='ltr'>mihi</span> <span class='ocrx_word' id='word_1_43' title='bbox 453 417 605 465; x_wconf 76' lang='lat' dir='ltr'>fortuna</span> <span class='ocrx_word' id='word_1_44' title='bbox 625 418 732 466; x_wconf 78' lang='lat' dir='ltr'>magis</span> <span class='ocrx_word' id='word_1_45' title='bbox 753 431 840 453; x_wconf 73' lang='lat' dir='ltr'>nunc</span> <span class='ocrx_word' id='word_1_46' title='bbox 858 417 953 464; x_wconf 73' lang='lat' dir='ltr'>defit,</span> <span class='ocrx_word' id='word_1_47' title='bbox 974 431 1075 468; x_wconf 77' lang='lat' dir='ltr'>quam</span> <span class='ocrx_word' id='word_1_48' title='bbox 1090 431 1213 468; x_wconf 81' lang='lat' dir='ltr'>genus.</span> 
     </span>
     <span class='ocr_line' id='line_1_7' title="bbox 231 470 1302 522; baseline -0.001 -14"><span class='ocrx_word' id='word_1_49' title='bbox 231 473 388 521; x_wconf 70' lang='lat' dir='ltr'>Namque</span> <span class='ocrx_word' id='word_1_50' title='bbox 406 484 543 519; x_wconf 75' lang='lat' dir='ltr'>regnum</span> <span class='ocrx_word' id='word_1_51' title='bbox 564 470 757 521; x_wconf 65' lang='lat' dir='ltr'>suppetebat</span> <span class='ocrx_word' id='word_1_52' title='bbox 779 470 859 507; x_wconf 77' lang='lat' dir='ltr'>mihi</span> <span class='ocrx_word' id='word_1_53' title='bbox 872 487 884 507; x_wconf 89' lang='grc'>.·</span> <span class='ocrx_word' id='word_1_54' title='bbox 915 480 951 508; x_wconf 81' lang='lat' dir='ltr'>ut</span> <span class='ocrx_word' id='word_1_55' title='bbox 971 472 1057 508; x_wconf 76' lang='lat' dir='ltr'>scias</span> <span class='ocrx_word' id='word_1_56' title='bbox 1077 481 1203 522; x_wconf 73' lang='lat' dir='ltr'>quanto</span> <span class='ocrx_word' id='word_1_57' title='bbox 1222 472 1302 517; x_wconf 76' lang='lat' dir='ltr'>loco,</span> 
     </span>
     <span class='ocr_line' id='line_1_8' title="bbox 230 523 1288 575; baseline 0 -14"><span class='ocrx_word' id='word_1_58' title='bbox 230 525 385 572; x_wconf 56' lang='lat' dir='ltr'>,Quantis</span> <span class='ocrx_word' id='word_1_59' title='bbox 405 523 531 575; x_wconf 79' lang='lat' dir='ltr'>opibus,</span> <span class='ocrx_word' id='word_1_60' title='bbox 551 524 672 575; x_wconf 73' lang='lat' dir='ltr'>quibus</span> <span class='ocrx_word' id='word_1_61' title='bbox 691 524 731 561; x_wconf 77' lang='lat' dir='ltr'>dc</span> <span class='ocrx_word' id='word_1_62' title='bbox 749 524 846 561; x_wconf 77' lang='lat' dir='ltr'>rebus</span> <span class='ocrx_word' id='word_1_63' title='bbox 866 524 962 575; x_wconf 70' lang='lat' dir='ltr'>lapsa</span> <span class='ocrx_word' id='word_1_64' title='bbox 971 526 1123 573; x_wconf 78' lang='lat' dir='ltr'>fortuna</span> <span class='ocrx_word' id='word_1_65' title='bbox 1142 524 1288 562; x_wconf 80' lang='lat' dir='ltr'>accidat.</span> 
     </span>
    </p>
   </div>
   <div class='ocr_carea' id='block_1_5' title="bbox 121 596 1568 767">
    <p class='ocr_par' dir='ltr' id='par_1_5' title="bbox 121 596 1568 767">
     <span class='ocr_line' id='line_1_9' title="bbox 124 596 1568 655; baseline -0.002 -14"><span class='ocrx_word' id='word_1_66' title='bbox 124 597 241 641; x_wconf 77' lang='lat' dir='ltr'>Quid</span> <span class='ocrx_word' id='word_1_67' title='bbox 259 599 272 638; x_wconf 85' lang='lat'>?</span> <span class='ocrx_word' id='word_1_68' title='bbox 305 597 403 639; x_wconf 90' lang='lat' dir='ltr'>huic</span> <span class='ocrx_word' id='word_1_69' title='bbox 425 598 534 639; x_wconf 80' lang='lat' dir='ltr'>calix</span> <span class='ocrx_word' id='word_1_70' title='bbox 560 598 685 638; x_wconf 85' lang='lat' dir='ltr'>mulsi</span> <span class='ocrx_word' id='word_1_71' title='bbox 714 599 1015 654; x_wconf 81' lang='lat' dir='ltr'>impingendus</span> <span class='ocrx_word' id='word_1_72' title='bbox 1036 609 1114 650; x_wconf 81' lang='lat' dir='ltr'>est,</span> <span class='ocrx_word' id='word_1_73' title='bbox 1137 607 1185 640; x_wconf 86' lang='lat' dir='ltr'>ut</span> <span class='ocrx_word' id='word_1_74' title='bbox 1204 599 1370 655; x_wconf 88' lang='lat' dir='ltr'>plorare</span> <span class='ocrx_word' id='word_1_75' title='bbox 1392 596 1568 648; x_wconf 80' lang='lat' dir='ltr'>desinat,</span> 
     </span>
     <span class='ocr_line' id='line_1_10' title="bbox 123 654 1566 712; baseline 0 -17"><span class='ocrx_word' id='word_1_76' title='bbox 123 666 195 696; x_wconf 83' lang='lat' dir='ltr'>aut</span> <span class='ocrx_word' id='word_1_77' title='bbox 230 654 389 710; x_wconf 86' lang='lat' dir='ltr'>aliquid</span> <span class='ocrx_word' id='word_1_78' title='bbox 420 655 659 712; x_wconf 88' lang='lat' dir='ltr'>ejusmodi?</span> <span class='ocrx_word' id='word_1_79' title='bbox 694 656 804 696; x_wconf 86' lang='lat' dir='ltr'>Ecce</span> <span class='ocrx_word' id='word_1_80' title='bbox 837 655 915 697; x_wconf 78' lang='lat' dir='ltr'>tibi</span> <span class='ocrx_word' id='word_1_81' title='bbox 945 671 996 698; x_wconf 78' lang='lat' dir='ltr'>ex</span> <span class='ocrx_word' id='word_1_82' title='bbox 1027 657 1157 698; x_wconf 82' lang='lat' dir='ltr'>altera</span> <span class='ocrx_word' id='word_1_83' title='bbox 1186 665 1305 712; x_wconf 82' lang='lat' dir='ltr'>parte</span> <span class='ocrx_word' id='word_1_84' title='bbox 1332 655 1386 697; x_wconf 82' lang='lat' dir='ltr'>ab</span> <span class='ocrx_word' id='word_1_85' title='bbox 1415 654 1566 697; x_wconf 86' lang='lat' dir='ltr'>eodem</span> 
     </span>
     <span class='ocr_line' id='line_1_11' title="bbox 121 716 274 767; baseline 0 -15"><span class='ocrx_word' id='word_1_86' title='bbox 121 716 274 767; x_wconf 70' lang='lat' dir='ltr'>poeta:</span> 
     </span>
    </p>
   </div>
   <div class='ocr_carea' id='block_1_6' title="bbox 123 790 1242 922">
    <p class='ocr_par' dir='ltr' id='par_1_6' title="bbox 123 790 1242 922">
     <span class='ocr_line' id='line_1_12' title="bbox 229 790 1050 842; baseline 0.002 -15"><span class='ocrx_word' id='word_1_87' title='bbox 229 791 288 827; x_wconf 80' lang='lat' dir='ltr'>Ex</span> <span class='ocrx_word' id='word_1_88' title='bbox 304 790 419 842; x_wconf 79' lang='lat' dir='ltr'>opibus</span> <span class='ocrx_word' id='word_1_89' title='bbox 438 792 576 828; x_wconf 81' lang='lat' dir='ltr'>summis</span> <span class='ocrx_word' id='word_1_90' title='bbox 594 791 662 842; x_wconf 84' lang='lat' dir='ltr'>opis</span> <span class='ocrx_word' id='word_1_91' title='bbox 679 804 787 840; x_wconf 77' lang='lat' dir='ltr'>egens,</span> <span class='ocrx_word' id='word_1_92' title='bbox 810 791 946 836; x_wconf 72' lang='lat' dir='ltr'>Hector,</span> <span class='ocrx_word' id='word_1_93' title='bbox 967 801 1050 830; x_wconf 74' lang='lat' dir='ltr'>tuae.</span> 
     </span>
     <span class='ocr_line' id='line_1_13' title="bbox 123 865 1242 922; baseline 0 -16"><span class='ocrx_word' id='word_1_94' title='bbox 123 865 208 906; x_wconf 87' lang='lat' dir='ltr'>Hic</span> <span class='ocrx_word' id='word_1_95' title='bbox 230 866 448 907; x_wconf 85' lang='lat' dir='ltr'>subvenire</span> <span class='ocrx_word' id='word_1_96' title='bbox 469 866 687 907; x_wconf 84' lang='lat' dir='ltr'><strong>debemus.</strong></span> <span class='ocrx_word' id='word_1_97' title='bbox 718 865 870 922; x_wconf 87' lang='lat' dir='ltr'>quaerit</span> <span class='ocrx_word' id='word_1_98' title='bbox 888 866 1001 906; x_wconf 87' lang='lat' dir='ltr'>enim</span> <span class='ocrx_word' id='word_1_99' title='bbox 1023 866 1242 907; x_wconf 81' lang='lat' dir='ltr'>auxilium.</span> 
     </span>
    </p>
   </div>
   <div class='ocr_carea' id='block_1_7' title="bbox 228 946 1526 1212">
    <p class='ocr_par' dir='ltr' id='par_1_7' title="bbox 228 946 1526 1159">
     <span class='ocr_line' id='line_1_14' title="bbox 233 946 1526 998; baseline -0.001 -15"><span class='ocrx_word' id='word_1_100' title='bbox 233 947 329 996; x_wconf 75' lang='lat' dir='ltr'>Quid</span> <span class='ocrx_word' id='word_1_101' title='bbox 340 957 453 998; x_wconf 83' lang='lat' dir='ltr'>petam</span> <span class='ocrx_word' id='word_1_102' title='bbox 468 946 632 997; x_wconf 82' lang='lat' dir='ltr'>praesidl,</span> <span class='ocrx_word' id='word_1_103' title='bbox 653 954 715 983; x_wconf 79' lang='lat' dir='ltr'>aut</span> <span class='ocrx_word' id='word_1_104' title='bbox 735 961 900 997; x_wconf 67' lang='lat' dir='ltr'>exsequar</span> <span class='ocrx_word' id='word_1_105' title='bbox 916 950 938 983; x_wconf 72' lang='lat'><em>?</em></span> <span class='ocrx_word' id='word_1_106' title='bbox 968 960 1076 997; x_wconf 69' lang='lat' dir='ltr'>quo-ve</span> <span class='ocrx_word' id='word_1_107' title='bbox 1095 961 1181 984; x_wconf 77' lang='lat' dir='ltr'>nunc</span> <span class='ocrx_word' id='word_1_108' title='bbox 1199 947 1339 990; x_wconf 76' lang='lat' dir='ltr'>auxilio,</span> <span class='ocrx_word' id='word_1_109' title='bbox 1356 956 1417 983; x_wconf 75' lang='lat' dir='ltr'>aut</span> <span class='ocrx_word' id='word_1_110' title='bbox 1425 947 1526 996; x_wconf 69' lang='lat' dir='ltr'>fizga</span> 
     </span>
     <span class='ocr_line' id='line_1_15' title="bbox 228 1000 1521 1052; baseline -0.001 -15"><span class='ocrx_word' id='word_1_111' title='bbox 228 1001 330 1037; x_wconf 77' lang='lat' dir='ltr'>Freta</span> <span class='ocrx_word' id='word_1_112' title='bbox 349 1002 411 1037; x_wconf 85' lang='lat' dir='ltr'>sim</span> <span class='ocrx_word' id='word_1_113' title='bbox 425 1003 448 1037; x_wconf 78' lang='lat'><em>?</em></span> <span class='ocrx_word' id='word_1_114' title='bbox 469 1014 556 1043; x_wconf 67' lang='lat' dir='ltr'>arce,</span> <span class='ocrx_word' id='word_1_115' title='bbox 575 1011 607 1037; x_wconf 76' lang='lat' dir='ltr'>et</span> <span class='ocrx_word' id='word_1_116' title='bbox 628 1001 708 1037; x_wconf 76' lang='lat' dir='ltr'>urbe</span> <span class='ocrx_word' id='word_1_117' title='bbox 726 1000 808 1037; x_wconf 65' lang='lat' dir='ltr'>orluz</span> <span class='ocrx_word' id='word_1_118' title='bbox 827 1015 914 1038; x_wconf 84' lang='lat' dir='ltr'>sum.</span> <span class='ocrx_word' id='word_1_119' title='bbox 943 1016 1006 1052; x_wconf 71' lang='lat' dir='ltr'>quo</span> <span class='ocrx_word' id='word_1_120' title='bbox 1026 1001 1181 1038; x_wconf 57' lang='lat' dir='ltr'>acecdam</span> <span class='ocrx_word' id='word_1_121' title='bbox 1199 1003 1220 1036; x_wconf 79' lang='lat'><em>?</em></span> <span class='ocrx_word' id='word_1_122' title='bbox 1241 1014 1305 1051; x_wconf 76' lang='lat' dir='ltr'>quo</span> <span class='ocrx_word' id='word_1_123' title='bbox 1324 1000 1482 1050; x_wconf 74' lang='lat' dir='ltr'><em>applicem</em></span> <span class='ocrx_word' id='word_1_124' title='bbox 1498 1002 1521 1036; x_wconf 82' lang='lat'><em>?</em></span> 
     </span>
     <span class='ocr_line' id='line_1_16' title="bbox 230 1054 1403 1105; baseline -0.001 -15"><span class='ocrx_word' id='word_1_125' title='bbox 230 1054 297 1091; x_wconf 80' lang='lat' dir='ltr'>Cui</span> <span class='ocrx_word' id='word_1_126' title='bbox 317 1068 373 1091; x_wconf 75' lang='lat' dir='ltr'>nec</span> <span class='ocrx_word' id='word_1_127' title='bbox 392 1069 467 1091; x_wconf 71' lang='lat' dir='ltr'>arae</span> <span class='ocrx_word' id='word_1_128' title='bbox 480 1055 609 1105; x_wconf 76' lang='lat' dir='ltr'>patriae</span> <span class='ocrx_word' id='word_1_129' title='bbox 627 1054 715 1091; x_wconf 83' lang='lat' dir='ltr'>domi</span> <span class='ocrx_word' id='word_1_130' title='bbox 734 1064 828 1091; x_wconf 72' lang='lat' dir='ltr'>stant</span> <span class='ocrx_word' id='word_1_131' title='bbox 846 1071 857 1090; x_wconf 92' lang='lat'>.·</span> <span class='ocrx_word' id='word_1_132' title='bbox 875 1055 1026 1103; x_wconf 54' lang='lat' dir='ltr'>fractae,</span> <span class='ocrx_word' id='word_1_133' title='bbox 1048 1065 1079 1091; x_wconf 71' lang='lat' dir='ltr'>et</span> <span class='ocrx_word' id='word_1_134' title='bbox 1098 1054 1246 1102; x_wconf 56' lang='lat' dir='ltr'>diffi&#39;ctae</span> <span class='ocrx_word' id='word_1_135' title='bbox 1255 1056 1374 1102; x_wconf 60' lang='lat' dir='ltr'>jacent</span> <span class='ocrx_word' id='word_1_136' title='bbox 1392 1070 1403 1089; x_wconf 90' lang='lat'><em>:</em></span> 
     </span>
     <span class='ocr_line' id='line_1_17' title="bbox 228 1108 1203 1159; baseline 0 -15"><span class='ocrx_word' id='word_1_137' title='bbox 228 1109 485 1156; x_wconf 79' lang='lat' dir='ltr'>Fanaflamma</span> <span class='ocrx_word' id='word_1_138' title='bbox 505 1108 699 1157; x_wconf 66' lang='lat' dir='ltr'>deflagrata</span> <span class='ocrx_word' id='word_1_139' title='bbox 716 1124 728 1144; x_wconf 87' lang='lat'><em>:</em></span> <span class='ocrx_word' id='word_1_140' title='bbox 759 1109 835 1145; x_wconf 76' lang='lat' dir='ltr'>tosti</span> <span class='ocrx_word' id='word_1_141' title='bbox 853 1109 917 1145; x_wconf 73' lang='lat' dir='ltr'>alti</span> <span class='ocrx_word' id='word_1_142' title='bbox 938 1119 1031 1145; x_wconf 72' lang='lat' dir='ltr'>stant</span> <span class='ocrx_word' id='word_1_143' title='bbox 1043 1110 1203 1159; x_wconf 69' lang='lat' dir='ltr'>parietes,</span> 
     </span>
    </p>

    <p class='ocr_par' dir='ltr' id='par_1_8' title="bbox 229 1161 879 1212">
     <span class='ocr_line' id='line_1_18' title="bbox 229 1161 879 1212; baseline 0.003 -15"><span class='ocrx_word' id='word_1_144' title='bbox 229 1163 437 1210; x_wconf 60' lang='lat' dir='ltr'>chfhrmati,</span> <span class='ocrx_word' id='word_1_145' title='bbox 458 1174 559 1212; x_wconf 67' lang='lat' dir='ltr'>atque</span> <span class='ocrx_word' id='word_1_146' title='bbox 578 1168 617 1197; x_wconf 83' lang='lat'>78</span> <span class='ocrx_word' id='word_1_147' title='bbox 630 1161 738 1198; x_wconf 59' lang='lat' dir='ltr'>abiete</span> <span class='ocrx_word' id='word_1_148' title='bbox 756 1163 879 1212; x_wconf 73' lang='lat' dir='ltr'>crispa.</span> 
     </span>
    </p>
   </div>
   <div class='ocr_carea' id='block_1_8' title="bbox 122 1235 1096 1292">
    <p class='ocr_par' dir='ltr' id='par_1_9' title="bbox 122 1235 1096 1292">
     <span class='ocr_line' id='line_1_19' title="bbox 122 1235 1096 1292; baseline 0.001 -16"><span class='ocrx_word' id='word_1_149' title='bbox 122 1235 260 1287; x_wconf 86' lang='lat' dir='ltr'>Scitis,</span> <span class='ocrx_word' id='word_1_150' title='bbox 281 1251 375 1292; x_wconf 82' lang='lat' dir='ltr'>quae</span> <span class='ocrx_word' id='word_1_151' title='bbox 397 1245 650 1292; x_wconf 85' lang='lat' dir='ltr'>sequantur:</span> <span class='ocrx_word' id='word_1_152' title='bbox 682 1245 725 1276; x_wconf 86' lang='lat' dir='ltr'>et</span> <span class='ocrx_word' id='word_1_153' title='bbox 745 1235 850 1277; x_wconf 81' lang='lat' dir='ltr'>illud</span> <span class='ocrx_word' id='word_1_154' title='bbox 871 1236 912 1276; x_wconf 87' lang='lat' dir='ltr'>in</span> <span class='ocrx_word' id='word_1_155' title='bbox 934 1235 1096 1292; x_wconf 84' lang='lat' dir='ltr'>primis,</span> 
     </span>
    </p>
   </div>
   <div class='ocr_carea' id='block_1_9' title="bbox 225 1316 918 1580">
    <p class='ocr_par' dir='ltr' id='par_1_10' title="bbox 230 1316 918 1527">
     <span class='ocr_line' id='line_1_20' title="bbox 232 1316 912 1367; baseline -0.003 -13"><span class='ocrx_word' id='word_1_156' title='bbox 232 1317 264 1354; x_wconf 90' lang='grc' dir='ltr'><em>Ο</em></span> <span class='ocrx_word' id='word_1_157' title='bbox 277 1325 391 1367; x_wconf 82' lang='lat' dir='ltr'>pater,</span> <span class='ocrx_word' id='word_1_158' title='bbox 412 1331 428 1353; x_wconf 85' lang='lat' dir='ltr'><em>o</em></span> <span class='ocrx_word' id='word_1_159' title='bbox 443 1318 576 1367; x_wconf 77' lang='lat' dir='ltr'>patria,</span> <span class='ocrx_word' id='word_1_160' title='bbox 595 1331 613 1352; x_wconf 85' lang='grc' dir='ltr'><em>ο</em></span> <span class='ocrx_word' id='word_1_161' title='bbox 636 1317 767 1353; x_wconf 72' lang='lat' dir='ltr'>Priami</span> <span class='ocrx_word' id='word_1_162' title='bbox 785 1316 912 1360; x_wconf 79' lang='lat' dir='ltr'>domus,</span> 
     </span>
     <span class='ocr_line' id='line_1_21' title="bbox 231 1370 882 1420; baseline -0.002 -13"><span class='ocrx_word' id='word_1_163' title='bbox 231 1370 368 1420; x_wconf 78' lang='lat' dir='ltr'>Septum</span> <span class='ocrx_word' id='word_1_164' title='bbox 388 1371 528 1407; x_wconf 75' lang='lat' dir='ltr'>altisono</span> <span class='ocrx_word' id='word_1_165' title='bbox 546 1370 682 1407; x_wconf 74' lang='lat' dir='ltr'>cardine</span> <span class='ocrx_word' id='word_1_166' title='bbox 701 1371 856 1420; x_wconf 76' lang='lat' dir='ltr'>templum</span> <span class='ocrx_word' id='word_1_167' title='bbox 872 1387 882 1406; x_wconf 90' lang='grc'>.-</span> 
     </span>
     <span class='ocr_line' id='line_1_22' title="bbox 232 1423 918 1474; baseline 0 -14"><span class='ocrx_word' id='word_1_168' title='bbox 232 1424 311 1460; x_wconf 76' lang='lat' dir='ltr'>Wdi</span> <span class='ocrx_word' id='word_1_169' title='bbox 330 1438 389 1474; x_wconf 80' lang='lat' dir='ltr'>ego</span> <span class='ocrx_word' id='word_1_170' title='bbox 407 1434 451 1468; x_wconf 81' lang='lat' dir='ltr'>te,</span> <span class='ocrx_word' id='word_1_171' title='bbox 471 1424 630 1461; x_wconf 70' lang='lat' dir='ltr'>adstante</span> <span class='ocrx_word' id='word_1_172' title='bbox 646 1435 701 1474; x_wconf 74' lang='lat' dir='ltr'>ope</span> <span class='ocrx_word' id='word_1_173' title='bbox 721 1423 918 1468; x_wconf 65' lang='lat' dir='ltr'>barbam-a,</span> 
     </span>
     <span class='ocr_line' id='line_1_23' title="bbox 230 1478 703 1527; baseline -0.002 -13"><span class='ocrx_word' id='word_1_174' title='bbox 230 1478 338 1514; x_wconf 75' lang='lat' dir='ltr'>Tectis</span> <span class='ocrx_word' id='word_1_175' title='bbox 357 1478 501 1521; x_wconf 55' lang='lat' dir='ltr'>caelatis,</span> <span class='ocrx_word' id='word_1_176' title='bbox 521 1478 703 1527; x_wconf 73' lang='lat' dir='ltr'>laqueatis,</span> 
     </span>
    </p>

    <p class='ocr_par' dir='ltr' id='par_1_11' title="bbox 225 1530 826 1580">
     <span class='ocr_line' id='line_1_24' title="bbox 225 1530 826 1580; baseline 0.002 -13"><span class='ocrx_word' id='word_1_177' title='bbox 225 1534 335 1575; x_wconf 85' lang='lat' dir='ltr'>Auro,</span> <span class='ocrx_word' id='word_1_178' title='bbox 356 1531 448 1568; x_wconf 82' lang='lat' dir='ltr'><em>ebore</em></span> <span class='ocrx_word' id='word_1_179' title='bbox 466 1532 662 1567; x_wconf 72' lang='lat' dir='ltr'><em>instructam</em></span> <span class='ocrx_word' id='word_1_180' title='bbox 681 1530 826 1580; x_wconf 61' lang='lat' dir='ltr'>rcjgg&#39;fice.</span> 
     </span>
    </p>
   </div>
   <div class='ocr_carea' id='block_1_10' title="bbox 117 1602 1627 1834">
    <p class='ocr_par' dir='ltr' id='par_1_12' title="bbox 117 1602 1627 1834">
     <span class='ocr_line' id='line_1_25' title="bbox 120 1602 1627 1662; baseline 0 -15"><span class='ocrx_word' id='word_1_181' title='bbox 120 1607 158 1647; x_wconf 97' lang='lat' dir='ltr'>O</span> <span class='ocrx_word' id='word_1_182' title='bbox 181 1613 351 1662; x_wconf 71' lang='lat' dir='ltr'>poetam</span> <span class='ocrx_word' id='word_1_183' title='bbox 374 1606 598 1662; x_wconf 85' lang='lat' dir='ltr'>egregium</span> <span class='ocrx_word' id='word_1_184' title='bbox 617 1605 624 1646; x_wconf 90' lang='lat'>!</span> <span class='ocrx_word' id='word_1_185' title='bbox 650 1619 907 1661; x_wconf 80' lang='lat' dir='ltr'>quamquam</span> <span class='ocrx_word' id='word_1_186' title='bbox 930 1605 983 1646; x_wconf 83' lang='lat' dir='ltr'>ab</span> <span class='ocrx_word' id='word_1_187' title='bbox 1005 1604 1069 1646; x_wconf 89' lang='lat' dir='ltr'>his</span> <span class='ocrx_word' id='word_1_188' title='bbox 1090 1602 1332 1645; x_wconf 85' lang='lat' dir='ltr'>cantoribus</span> <span class='ocrx_word' id='word_1_189' title='bbox 1350 1602 1565 1659; x_wconf 85' lang='lat' dir='ltr'>Euphori-</span> <span class='ocrx_word' id='word_1_190' title='bbox 1577 1615 1627 1649; x_wconf 80' lang='lat'>45</span> 
     </span>
     <span class='ocr_line' id='line_1_26' title="bbox 119 1661 1567 1718; baseline -0.003 -13"><span class='ocrx_word' id='word_1_191' title='bbox 119 1663 211 1705; x_wconf 90' lang='lat' dir='ltr'>onis</span> <span class='ocrx_word' id='word_1_192' title='bbox 234 1664 532 1705; x_wconf 83' lang='lat' dir='ltr'>contemnitur.</span> <span class='ocrx_word' id='word_1_193' title='bbox 564 1663 690 1704; x_wconf 86' lang='lat' dir='ltr'>sentit</span> <span class='ocrx_word' id='word_1_194' title='bbox 709 1663 853 1703; x_wconf 85' lang='lat' dir='ltr'>omnia</span> <span class='ocrx_word' id='word_1_195' title='bbox 874 1661 1105 1718; x_wconf 84' lang='lat' dir='ltr'>repentina,</span> <span class='ocrx_word' id='word_1_196' title='bbox 1123 1669 1166 1702; x_wconf 87' lang='lat' dir='ltr'>et</span> <span class='ocrx_word' id='word_1_197' title='bbox 1186 1674 1263 1701; x_wconf 89' lang='lat' dir='ltr'>nec</span> <span class='ocrx_word' id='word_1_198' title='bbox 1282 1661 1453 1716; x_wconf 83' lang='lat' dir='ltr'>opinata</span> <span class='ocrx_word' id='word_1_199' title='bbox 1474 1675 1567 1702; x_wconf 85' lang='lat' dir='ltr'>esse</span> 
     </span>
     <span class='ocr_line' id='line_1_27' title="bbox 117 1718 1568 1776; baseline -0.003 -14"><span class='ocrx_word' id='word_1_200' title='bbox 117 1721 322 1775; x_wconf 82' lang='lat' dir='ltr'>graviora.</span> <span class='ocrx_word' id='word_1_201' title='bbox 369 1720 634 1776; x_wconf 82' lang='lat' dir='ltr'>exaggeratis</span> <span class='ocrx_word' id='word_1_202' title='bbox 666 1720 798 1775; x_wconf 85' lang='lat' dir='ltr'>igitur</span> <span class='ocrx_word' id='word_1_203' title='bbox 830 1720 943 1775; x_wconf 82' lang='lat' dir='ltr'>regis</span> <span class='ocrx_word' id='word_1_204' title='bbox 981 1718 1150 1775; x_wconf 83' lang='lat' dir='ltr'>opibus,</span> <span class='ocrx_word' id='word_1_205' title='bbox 1186 1732 1281 1773; x_wconf 89' lang='lat' dir='ltr'>quae</span> <span class='ocrx_word' id='word_1_206' title='bbox 1318 1718 1568 1759; x_wconf 82' lang='lat' dir='ltr'>videbantur</span> 
     </span>
     <span class='ocr_line' id='line_1_28' title="bbox 120 1777 885 1834; baseline -0.003 -16"><span class='ocrx_word' id='word_1_207' title='bbox 120 1778 388 1834; x_wconf 62' lang='lat' dir='ltr'>sempiternae</span> <span class='ocrx_word' id='word_1_208' title='bbox 411 1778 514 1829; x_wconf 86' lang='lat' dir='ltr'>fore,</span> <span class='ocrx_word' id='word_1_209' title='bbox 537 1777 640 1834; x_wconf 88' lang='lat' dir='ltr'>quid</span> <span class='ocrx_word' id='word_1_210' title='bbox 661 1777 885 1833; x_wconf 81' lang='lat' dir='ltr'>adjungit?</span> 
     </span>
    </p>
   </div>
   <div class='ocr_carea' id='block_1_11' title="bbox 228 1858 777 1955">
    <p class='ocr_par' dir='ltr' id='par_1_13' title="bbox 228 1858 777 1955">
     <span class='ocr_line' id='line_1_29' title="bbox 228 1858 777 1902; baseline -0.002 -8"><span class='ocrx_word' id='word_1_211' title='bbox 228 1858 317 1894; x_wconf 81' lang='lat' dir='ltr'>Haec</span> <span class='ocrx_word' id='word_1_212' title='bbox 334 1859 443 1894; x_wconf 84' lang='lat' dir='ltr'>omnia</span> <span class='ocrx_word' id='word_1_213' title='bbox 462 1858 539 1894; x_wconf 80' lang='lat' dir='ltr'>vidi</span> <span class='ocrx_word' id='word_1_214' title='bbox 557 1859 590 1894; x_wconf 80' lang='lat' dir='ltr'>in</span> <span class='ocrx_word' id='word_1_215' title='bbox 618 1858 777 1902; x_wconf 79' lang='lat' dir='ltr'>ammari,</span> 
     </span>
     <span class='ocr_line' id='line_1_30' title="bbox 229 1912 712 1955; baseline 0 -7"><span class='ocrx_word' id='word_1_216' title='bbox 229 1912 367 1948; x_wconf 82' lang='lat' dir='ltr'><em>Priamo</em></span> <span class='ocrx_word' id='word_1_217' title='bbox 386 1912 426 1948; x_wconf 83' lang='lat' dir='ltr'>vi</span> <span class='ocrx_word' id='word_1_218' title='bbox 444 1913 554 1948; x_wconf 76' lang='lat' dir='ltr'>vitam</span> <span class='ocrx_word' id='word_1_219' title='bbox 575 1913 712 1955; x_wconf 75' lang='lat' dir='ltr'>evitari,</span> 
     </span>
    </p>
   </div>
   <div class='ocr_carea' id='block_1_12' title="bbox 227 1965 791 2017">
    <p class='ocr_par' dir='ltr' id='par_1_14' title="bbox 227 1965 791 2017">
     <span class='ocr_line' id='line_1_31' title="bbox 227 1965 791 2017; baseline 0.002 -16"><span class='ocrx_word' id='word_1_220' title='bbox 227 1966 328 2002; x_wconf 79' lang='lat' dir='ltr'>Jovis</span> <span class='ocrx_word' id='word_1_221' title='bbox 345 1979 443 2002; x_wconf 82' lang='lat' dir='ltr'>aram</span> <span class='ocrx_word' id='word_1_222' title='bbox 465 1966 627 2017; x_wconf 60' lang='lat' dir='ltr'>sanguina·</span> <span class='ocrx_word' id='word_1_223' title='bbox 649 1965 791 2016; x_wconf 80' lang='lat' dir='ltr'>turpari.</span> 
     </span>
    </p>
   </div>
   <div class='ocr_carea' id='block_1_13' title="bbox 118 2036 1650 2610">
    <p class='ocr_par' dir='ltr' id='par_1_15' title="bbox 118 2036 1633 2551">
     <span class='ocr_line' id='line_1_32' title="bbox 121 2036 1612 2090; baseline -0.003 -9"><span class='ocrx_word' id='word_1_224' title='bbox 121 2040 374 2082; x_wconf 84' lang='lat' dir='ltr'>Praeclarum</span> <span class='ocrx_word' id='word_1_225' title='bbox 407 2054 592 2081; x_wconf 88' lang='lat' dir='ltr'>carmen.</span> <span class='ocrx_word' id='word_1_226' title='bbox 623 2049 688 2080; x_wconf 87' lang='lat' dir='ltr'>est</span> <span class='ocrx_word' id='word_1_227' title='bbox 720 2039 831 2080; x_wconf 88' lang='lat' dir='ltr'>enim</span> <span class='ocrx_word' id='word_1_228' title='bbox 862 2049 906 2080; x_wconf 88' lang='lat' dir='ltr'>et</span> <span class='ocrx_word' id='word_1_229' title='bbox 934 2038 1073 2090; x_wconf 82' lang='lat' dir='ltr'>rebus,</span> <span class='ocrx_word' id='word_1_230' title='bbox 1099 2046 1142 2079; x_wconf 87' lang='lat' dir='ltr'>et</span> <span class='ocrx_word' id='word_1_231' title='bbox 1170 2036 1322 2088; x_wconf 86' lang='lat' dir='ltr'>verbis,</span> <span class='ocrx_word' id='word_1_232' title='bbox 1354 2046 1398 2079; x_wconf 89' lang='lat' dir='ltr'>et</span> <span class='ocrx_word' id='word_1_233' title='bbox 1428 2036 1566 2078; x_wconf 92' lang='lat' dir='ltr'>modis</span> <span class='ocrx_word' id='word_1_234' title='bbox 1579 2042 1612 2074; x_wconf 87' lang='lat' dir='ltr'>b.</span> 
     </span>
     <span class='ocr_line' id='line_1_33' title="bbox 118 2086 1633 2153; baseline -0.003 -14"><span class='ocrx_word' id='word_1_235' title='bbox 118 2097 317 2153; x_wconf 87' lang='lat' dir='ltr'>lugubre.</span> <span class='ocrx_word' id='word_1_236' title='bbox 347 2097 573 2152; x_wconf 83' lang='lat' dir='ltr'>eripiamus</span> <span class='ocrx_word' id='word_1_237' title='bbox 595 2096 694 2137; x_wconf 90' lang='lat' dir='ltr'>huie</span> <span class='ocrx_word' id='word_1_238' title='bbox 716 2096 1026 2152; x_wconf 71' lang='lat' dir='ltr'>aegritudinem.</span> <span class='ocrx_word' id='word_1_239' title='bbox 1058 2110 1144 2151; x_wconf 91' lang='lat' dir='ltr'>quo</span> <span class='ocrx_word' id='word_1_240' title='bbox 1170 2094 1330 2135; x_wconf 88' lang='lat' dir='ltr'>modo?</span> <span class='ocrx_word' id='word_1_241' title='bbox 1367 2094 1567 2135; x_wconf 91' lang='lat' dir='ltr'>Colloce-</span> <span class='ocrx_word' id='word_1_242' title='bbox 1578 2086 1633 2124; x_wconf 70' lang='lat'>4⁶</span> 
     </span>
     <span class='ocr_line' id='line_1_34' title="bbox 119 2151 1566 2209; baseline -0.003 -14"><span class='ocrx_word' id='word_1_243' title='bbox 119 2170 214 2196; x_wconf 91' lang='lat' dir='ltr'>mus</span> <span class='ocrx_word' id='word_1_244' title='bbox 235 2155 278 2196; x_wconf 93' lang='lat' dir='ltr'>in</span> <span class='ocrx_word' id='word_1_245' title='bbox 300 2154 455 2196; x_wconf 84' lang='lat' dir='ltr'>culcita</span> <span class='ocrx_word' id='word_1_246' title='bbox 474 2154 645 2209; x_wconf 85' lang='lat' dir='ltr'>plumea</span> <span class='ocrx_word' id='word_1_247' title='bbox 665 2171 673 2195; x_wconf 91' lang='lat'>:</span> <span class='ocrx_word' id='word_1_248' title='bbox 696 2153 910 2209; x_wconf 79' lang='lat' dir='ltr'>psaltriam</span> <span class='ocrx_word' id='word_1_249' title='bbox 934 2153 1194 2194; x_wconf 80' lang='lat' dir='ltr'>adducamus</span> <span class='ocrx_word' id='word_1_250' title='bbox 1211 2168 1221 2193; x_wconf 70' lang='grc' dir='ltr'><strong><em>ε</em></strong></span> <span class='ocrx_word' id='word_1_251' title='bbox 1244 2159 1284 2188; x_wconf 84' lang='grc'>79</span> <span class='ocrx_word' id='word_1_252' title='bbox 1298 2151 1566 2207; x_wconf 86' lang='lat' dir='ltr'>hedrychum</span> 
     </span>
     <span class='ocr_line' id='line_1_35' title="bbox 119 2206 1568 2265; baseline -0.003 -13"><span class='ocrx_word' id='word_1_253' title='bbox 119 2212 420 2254; x_wconf 84' lang='lat' dir='ltr'>incendamus:</span> <span class='ocrx_word' id='word_1_254' title='bbox 452 2211 600 2252; x_wconf 90' lang='lat' dir='ltr'>demus</span> <span class='ocrx_word' id='word_1_255' title='bbox 634 2210 856 2252; x_wconf 82' lang='lat' dir='ltr'>scutellam</span> <span class='ocrx_word' id='word_1_256' title='bbox 894 2209 1117 2250; x_wconf 82' lang='lat' dir='ltr'>dulciculae</span> <span class='ocrx_word' id='word_1_257' title='bbox 1151 2208 1337 2265; x_wconf 87' lang='lat' dir='ltr'>potionis</span> <span class='ocrx_word' id='word_1_258' title='bbox 1356 2225 1366 2249; x_wconf 73' lang='grc' dir='ltr'><strong>ε</strong></span> <span class='ocrx_word' id='word_1_259' title='bbox 1407 2206 1568 2263; x_wconf 84' lang='lat' dir='ltr'>aliquid</span> 
     </span>
     <span class='ocr_line' id='line_1_36' title="bbox 118 2263 1567 2321; baseline -0.003 -13"><span class='ocrx_word' id='word_1_260' title='bbox 118 2268 334 2310; x_wconf 84' lang='lat' dir='ltr'>videamus</span> <span class='ocrx_word' id='word_1_261' title='bbox 356 2276 399 2310; x_wconf 87' lang='lat' dir='ltr'>et</span> <span class='ocrx_word' id='word_1_262' title='bbox 419 2268 516 2309; x_wconf 90' lang='lat' dir='ltr'>cibi.</span> <span class='ocrx_word' id='word_1_263' title='bbox 577 2269 686 2309; x_wconf 85' lang='lat' dir='ltr'>Haec</span> <span class='ocrx_word' id='word_1_264' title='bbox 714 2267 883 2308; x_wconf 86' lang='lat' dir='ltr'>tandem</span> <span class='ocrx_word' id='word_1_265' title='bbox 906 2267 1020 2308; x_wconf 84' lang='lat' dir='ltr'>bona</span> <span class='ocrx_word' id='word_1_266' title='bbox 1040 2274 1150 2315; x_wconf 90' lang='lat' dir='ltr'>sunt,</span> <span class='ocrx_word' id='word_1_267' title='bbox 1172 2264 1326 2321; x_wconf 88' lang='lat' dir='ltr'>quibus</span> <span class='ocrx_word' id='word_1_268' title='bbox 1346 2263 1567 2319; x_wconf 64' lang='lat' dir='ltr'>aegritudi-</span> 
     </span>
     <span class='ocr_line' id='line_1_37' title="bbox 120 2321 1568 2382; baseline -0.005 -15"><span class='ocrx_word' id='word_1_269' title='bbox 120 2340 193 2367; x_wconf 89' lang='lat' dir='ltr'>nes</span> <span class='ocrx_word' id='word_1_270' title='bbox 210 2325 469 2382; x_wconf 76' lang='lat' dir='ltr'>gravissimae</span> <span class='ocrx_word' id='word_1_271' title='bbox 490 2325 795 2366; x_wconf 77' lang='lat' dir='ltr'>detrahantur?</span> <span class='ocrx_word' id='word_1_272' title='bbox 828 2333 877 2365; x_wconf 90' lang='lat' dir='ltr'>tu</span> <span class='ocrx_word' id='word_1_273' title='bbox 898 2324 1010 2365; x_wconf 90' lang='lat' dir='ltr'>enim</span> <span class='ocrx_word' id='word_1_274' title='bbox 1032 2322 1176 2378; x_wconf 87' lang='lat' dir='ltr'>paullo</span> <span class='ocrx_word' id='word_1_275' title='bbox 1208 2331 1305 2363; x_wconf 86' lang='lat' dir='ltr'>ante</span> <span class='ocrx_word' id='word_1_276' title='bbox 1333 2335 1386 2362; x_wconf 87' lang='lat' dir='ltr'>ne</span> <span class='ocrx_word' id='word_1_277' title='bbox 1410 2321 1568 2361; x_wconf 86' lang='lat' dir='ltr'>intelli-</span> 
     </span>
     <span class='ocr_line' id='line_1_38' title="bbox 119 2379 1569 2439; baseline -0.003 -17"><span class='ocrx_word' id='word_1_278' title='bbox 119 2396 220 2438; x_wconf 84' lang='lat' dir='ltr'>gere</span> <span class='ocrx_word' id='word_1_279' title='bbox 242 2392 285 2424; x_wconf 91' lang='lat' dir='ltr'>te</span> <span class='ocrx_word' id='word_1_280' title='bbox 305 2382 476 2439; x_wconf 90' lang='lat' dir='ltr'>quidem</span> <span class='ocrx_word' id='word_1_281' title='bbox 497 2382 579 2423; x_wconf 81' lang='lat' dir='ltr'>alia</span> <span class='ocrx_word' id='word_1_282' title='bbox 602 2382 690 2425; x_wconf 82' lang='lat' dir='ltr'>ulla</span> <span class='ocrx_word' id='word_1_283' title='bbox 717 2381 900 2423; x_wconf 83' lang='lat' dir='ltr'>dicebas.</span> <span class='ocrx_word' id='word_1_284' title='bbox 932 2380 1116 2422; x_wconf 79' lang='lat' dir='ltr'>revocari</span> <span class='ocrx_word' id='word_1_285' title='bbox 1149 2379 1280 2435; x_wconf 86' lang='lat' dir='ltr'>igitur</span> <span class='ocrx_word' id='word_1_286' title='bbox 1312 2386 1509 2434; x_wconf 87' lang='lat' dir='ltr'>oportere</span> <span class='ocrx_word' id='word_1_287' title='bbox 1543 2392 1569 2418; x_wconf 86' lang='lat' dir='ltr'>a</span> 
     </span>
     <span class='ocr_line' id='line_1_39' title="bbox 118 2434 1565 2495; baseline -0.002 -17"><span class='ocrx_word' id='word_1_288' title='bbox 118 2453 297 2481; x_wconf 87' lang='lat' dir='ltr'>maerore</span> <span class='ocrx_word' id='word_1_289' title='bbox 315 2439 368 2482; x_wconf 84' lang='lat' dir='ltr'>ad</span> <span class='ocrx_word' id='word_1_290' title='bbox 383 2439 688 2495; x_wconf 77' lang='lat' dir='ltr'>cogitationem</span> <span class='ocrx_word' id='word_1_291' title='bbox 710 2439 935 2480; x_wconf 84' lang='lat' dir='ltr'>bonorum.</span> <span class='ocrx_word' id='word_1_292' title='bbox 966 2437 1206 2479; x_wconf 88' lang='lat' dir='ltr'>conveniret</span> <span class='ocrx_word' id='word_1_293' title='bbox 1223 2434 1329 2476; x_wconf 89' lang='lat' dir='ltr'>mihi</span> <span class='ocrx_word' id='word_1_294' title='bbox 1347 2449 1447 2476; x_wconf 90' lang='lat' dir='ltr'>cum</span> <span class='ocrx_word' id='word_1_295' title='bbox 1464 2435 1565 2490; x_wconf 79' lang='lat' dir='ltr'>Epi—</span> 
     </span>
     <span class='ocr_line' id='line_1_40' title="bbox 119 2495 1032 2551; baseline -0.001 -15"><span class='ocrx_word' id='word_1_296' title='bbox 119 2509 237 2544; x_wconf 89' lang='lat' dir='ltr'>curo,</span> <span class='ocrx_word' id='word_1_297' title='bbox 259 2497 307 2547; x_wconf 86' lang='lat' dir='ltr'>si,</span> <span class='ocrx_word' id='word_1_298' title='bbox 328 2496 431 2551; x_wconf 91' lang='lat' dir='ltr'>quid</span> <span class='ocrx_word' id='word_1_299' title='bbox 449 2506 561 2538; x_wconf 88' lang='lat' dir='ltr'>esset</span> <span class='ocrx_word' id='word_1_300' title='bbox 578 2497 755 2547; x_wconf 79' lang='lat' dir='ltr'>bonum,</span> <span class='ocrx_word' id='word_1_301' title='bbox 776 2495 1032 2536; x_wconf 84' lang='lat' dir='ltr'>conveniret.</span> 
     </span>
    </p>

    <p class='ocr_par' dir='ltr' id='par_1_16' title="bbox 176 2544 1650 2610">
     <span class='ocr_line' id='line_1_41' title="bbox 176 2544 1650 2610; baseline -0.001 -16"><span class='ocrx_word' id='word_1_302' title='bbox 176 2552 305 2594; x_wconf 86' lang='lat' dir='ltr'>Dicet</span> <span class='ocrx_word' id='word_1_303' title='bbox 331 2553 482 2609; x_wconf 86' lang='lat' dir='ltr'>aliquis</span> <span class='ocrx_word' id='word_1_304' title='bbox 504 2569 514 2595; x_wconf 74' lang='grc' dir='ltr'>ε</span> <span class='ocrx_word' id='word_1_305' title='bbox 545 2553 664 2610; x_wconf 67' lang='lat' dir='ltr'>Quid</span> <span class='ocrx_word' id='word_1_306' title='bbox 687 2553 822 2609; x_wconf 88' lang='lat' dir='ltr'>ergo?</span> <span class='ocrx_word' id='word_1_307' title='bbox 857 2561 896 2584; x_wconf 77' lang='lat'>80</span> <span class='ocrx_word' id='word_1_308' title='bbox 913 2563 961 2594; x_wconf 92' lang='lat' dir='ltr'>tu</span> <span class='ocrx_word' id='word_1_309' title='bbox 989 2551 1220 2607; x_wconf 88' lang='lat' dir='ltr'>Epicurum</span> <span class='ocrx_word' id='word_1_310' title='bbox 1246 2548 1460 2591; x_wconf 86' lang='lat' dir='ltr'>existimas</span> <span class='ocrx_word' id='word_1_311' title='bbox 1485 2548 1566 2589; x_wconf 84' lang='lat' dir='ltr'>ista</span> <span class='ocrx_word' id='word_1_312' title='bbox 1579 2544 1650 2592; x_wconf 71' lang='lat'>20</span> 
     </span>
    </p>
   </div>
   <div class='ocr_carea' id='block_1_14' title="bbox 121 2654 1566 2827">
    <p class='ocr_par' dir='ltr' id='par_1_17' title="bbox 121 2654 1566 2782">
     <span class='ocr_line' id='line_1_42' title="bbox 164 2654 1566 2697; baseline -0.003 -9"><span class='ocrx_word' id='word_1_313' title='bbox 164 2663 203 2693; x_wconf 83' lang='lat'>78</span> <span class='ocrx_word' id='word_1_314' title='bbox 227 2658 319 2687; x_wconf 80' lang='lat' dir='ltr'>abiete</span> <span class='ocrx_word' id='word_1_315' title='bbox 348 2655 458 2697; x_wconf 79' lang='lat' dir='ltr'>crispa]</span> <span class='ocrx_word' id='word_1_316' title='bbox 493 2656 612 2687; x_wconf 69' lang='lat' dir='ltr'>Quales</span> <span class='ocrx_word' id='word_1_317' title='bbox 641 2665 688 2686; x_wconf 85' lang='lat' dir='ltr'>sc.</span> <span class='ocrx_word' id='word_1_318' title='bbox 717 2655 819 2686; x_wconf 83' lang='lat' dir='ltr'>trabes</span> <span class='ocrx_word' id='word_1_319' title='bbox 908 2662 948 2685; x_wconf 87' lang='lat'>80</span> <span class='ocrx_word' id='word_1_320' title='bbox 965 2661 996 2684; x_wconf 80' lang='lat' dir='ltr'>tu</span> <span class='ocrx_word' id='word_1_321' title='bbox 1013 2655 1052 2684; x_wconf 90' lang='lat' dir='ltr'>E.</span> <span class='ocrx_word' id='word_1_322' title='bbox 1067 2654 1230 2694; x_wconf 83' lang='lat' dir='ltr'>existimas]</span> <span class='ocrx_word' id='word_1_323' title='bbox 1243 2655 1295 2684; x_wconf 88' lang='lat' dir='ltr'>Sic</span> <span class='ocrx_word' id='word_1_324' title='bbox 1312 2655 1345 2684; x_wconf 90' lang='lat' dir='ltr'>in</span> <span class='ocrx_word' id='word_1_325' title='bbox 1362 2654 1426 2684; x_wconf 90' lang='lat' dir='ltr'>Ms.</span> <span class='ocrx_word' id='word_1_326' title='bbox 1441 2654 1566 2684; x_wconf 82' lang='lat' dir='ltr'>Balliol.</span> 
     </span>
     <span class='ocr_line' id='line_1_43' title="bbox 121 2696 1566 2739; baseline -0.003 -8"><span class='ocrx_word' id='word_1_327' title='bbox 121 2700 263 2739; x_wconf 77' lang='lat' dir='ltr'>abiegnae</span> <span class='ocrx_word' id='word_1_328' title='bbox 282 2711 348 2731; x_wconf 85' lang='lat' dir='ltr'>esse</span> <span class='ocrx_word' id='word_1_329' title='bbox 369 2701 485 2736; x_wconf 87' lang='lat' dir='ltr'>solent,</span> <span class='ocrx_word' id='word_1_330' title='bbox 501 2709 578 2729; x_wconf 85' lang='lat' dir='ltr'>eum</span> <span class='ocrx_word' id='word_1_331' title='bbox 594 2706 671 2730; x_wconf 88' lang='lat' dir='ltr'>sunt</span> <span class='ocrx_word' id='word_1_332' title='bbox 685 2700 818 2736; x_wconf 67' lang='lat' dir='ltr'>adustae,</span> <span class='ocrx_word' id='word_1_333' title='bbox 863 2699 976 2737; x_wconf 88' lang='lat' dir='ltr'>reperit</span> <span class='ocrx_word' id='word_1_334' title='bbox 993 2696 1156 2732; x_wconf 83' lang='lat' dir='ltr'>Davisius,</span> <span class='ocrx_word' id='word_1_335' title='bbox 1177 2704 1210 2728; x_wconf 89' lang='lat' dir='ltr'>et</span> <span class='ocrx_word' id='word_1_336' title='bbox 1230 2699 1275 2728; x_wconf 87' lang='lat' dir='ltr'>sic</span> <span class='ocrx_word' id='word_1_337' title='bbox 1295 2697 1365 2727; x_wconf 89' lang='lat' dir='ltr'>edd.</span> <span class='ocrx_word' id='word_1_338' title='bbox 1381 2696 1455 2727; x_wconf 88' lang='lat' dir='ltr'>Ald.</span> <span class='ocrx_word' id='word_1_339' title='bbox 1473 2699 1566 2728; x_wconf 84' lang='lat' dir='ltr'>Man.</span> 
     </span>
     <span class='ocr_line' id='line_1_44' title="bbox 122 2740 1566 2782; baseline -0.003 -8"><span class='ocrx_word' id='word_1_340' title='bbox 122 2753 187 2774; x_wconf 88' lang='lat' dir='ltr'>non</span> <span class='ocrx_word' id='word_1_341' title='bbox 204 2744 297 2782; x_wconf 82' lang='lat' dir='ltr'>plane</span> <span class='ocrx_word' id='word_1_342' title='bbox 312 2745 501 2774; x_wconf 81' lang='lat' dir='ltr'>combustae.</span> <span class='ocrx_word' id='word_1_343' title='bbox 864 2742 976 2772; x_wconf 88' lang='lat' dir='ltr'>Lamb.</span> <span class='ocrx_word' id='word_1_344' title='bbox 1000 2741 1079 2771; x_wconf 87' lang='lat' dir='ltr'>olim</span> <span class='ocrx_word' id='word_1_345' title='bbox 1103 2741 1226 2779; x_wconf 83' lang='lat' dir='ltr'>conjeci</span> <span class='ocrx_word' id='word_1_346' title='bbox 1251 2740 1442 2770; x_wconf 83' lang='lat' dir='ltr'>existimabis.</span> <span class='ocrx_word' id='word_1_347' title='bbox 1467 2746 1498 2770; x_wconf 88' lang='lat' dir='ltr'>et</span> <span class='ocrx_word' id='word_1_348' title='bbox 1519 2740 1566 2770; x_wconf 79' lang='lat' dir='ltr'>sic</span> 
     </span>
    </p>

    <p class='ocr_par' dir='ltr' id='par_1_18' title="bbox 166 2784 1417 2827">
     <span class='ocr_line' id='line_1_45' title="bbox 166 2784 1417 2827; baseline -0.002 -12"><span class='ocrx_word' id='word_1_349' title='bbox 166 2792 205 2820; x_wconf 82' lang='lat'>79</span> <span class='ocrx_word' id='word_1_350' title='bbox 229 2786 409 2827; x_wconf 75' lang='lat' dir='ltr'>hedrychum]</span> <span class='ocrx_word' id='word_1_351' title='bbox 429 2787 466 2817; x_wconf 86' lang='lat' dir='ltr'>V.</span> <span class='ocrx_word' id='word_1_352' title='bbox 485 2785 574 2815; x_wconf 84' lang='lat' dir='ltr'>Clav.</span> <span class='ocrx_word' id='word_1_353' title='bbox 589 2785 621 2814; x_wconf 81' lang='lat' dir='ltr'>in</span> <span class='ocrx_word' id='word_1_354' title='bbox 638 2785 672 2814; x_wconf 88' lang='lat' dir='ltr'>h.</span> <span class='ocrx_word' id='word_1_355' title='bbox 689 2794 719 2815; x_wconf 82' lang='lat' dir='ltr'>v.</span> <span class='ocrx_word' id='word_1_356' title='bbox 864 2790 910 2814; x_wconf 74' lang='lat' dir='ltr'>est</span> <span class='ocrx_word' id='word_1_357' title='bbox 926 2785 958 2814; x_wconf 87' lang='lat' dir='ltr'>in</span> <span class='ocrx_word' id='word_1_358' title='bbox 975 2784 1040 2815; x_wconf 81' lang='lat' dir='ltr'>Ms.</span> <span class='ocrx_word' id='word_1_359' title='bbox 1058 2784 1144 2814; x_wconf 86' lang='lat' dir='ltr'>Leid.</span> <span class='ocrx_word' id='word_1_360' title='bbox 1160 2793 1210 2823; x_wconf 84' lang='lat' dir='ltr'>ap.</span> <span class='ocrx_word' id='word_1_361' title='bbox 1228 2784 1417 2815; x_wconf 60' lang='lat' dir='ltr'>Euhenum.</span> 
     </span>
    </p>
   </div>
  </div>
 </body>
</html>
