1778 3095
234 167 312 204 434
627 165 706 205 DE
731 166 993 207 NATURA
1020 169 1287 209 DEORUM

283 273 398 324 prima
415 273 544 326 quidem
568 287 664 336 pars,
686 291 890 329 quamquam
911 292 950 316 776
967 292 1058 329 egere
1076 279 1203 341 quidem
1223 279 1368 317 oratione
1384 279 1496 317 videri
1516 286 1664 331 poterat,

294 336 406 364 tamen
423 331 628 378 argumentis
655 331 883 378 confirmatur.
940 334 1032 370 Nam
1054 334 1173 385 primo,
1194 331 1283 383 quod
1306 333 1448 370 omnium
1470 336 1669 372 consentiens

290 388 338 417 est
356 381 396 417 de
415 383 494 418 Diis
512 383 626 433 opinio,
646 391 772 422 natura
790 386 925 422 evidens
953 387 997 423 sit
1024 400 1148 424 necesse
1166 396 1240 423 est:
1270 385 1397 428 demde,
1418 388 1482 424 Dii
1499 387 1561 438 ipsi
1573 399 1668 438 prae·

291 435 398 471 sentia
425 449 488 471 sua
516 446 547 472 et
573 438 776 487 apparitione
803 452 873 475 eam
904 453 970 475 rem
999 439 1262 485 confirmarunt.-
1287 439 1515 490 praedictiones
1542 441 1618 477 item
1636 447 1669 477 et

285 489 522 548 prcesensioncs
552 503 661 527 rerum
678 491 900 539 fitturarum,
929 493 1016 529 Deos
1043 506 1122 537 esse,
1150 494 1323 538 clamant3
1352 494 1495 530 omnium
1525 494 1669 530 maxime

291 551 402 578 autem
427 543 512 579 777770
540 544 639 580 totius
667 545 783 580 mundi
809 546 973 588 varietas,
986 546 1210 595 pulchritudo,
1228 547 1317 606 ordo,
1337 559 1507 597 rerumque
1524 547 1667 583 omnium

292 593 341 630 ad
368 595 545 632 utilitatem
574 596 754 633 humanam
783 599 985 647 conspiratio
1048 599 1136 648 Quin
1163 613 1205 635 ex
1231 600 1304 650 ipsa
1330 599 1494 636 hominum
1522 599 1670 636 sollertia

293 648 403 697 colligi
426 658 502 698 pote
504 659 544 691 st,
575 663 643 686 6-556
668 650 818 700 aliquam
846 651 1000 687 divinam
1028 662 1174 689 mentem.
1232 655 1324 690 Nam
1345 654 1512 697 siceum,
1532 667 1609 703 quae
1634 653 1671 689 in

295 711 422 751 corpore
446 713 540 745 sun,t
561 703 737 739 sumsimus
765 703 912 747 aliunde,
941 704 1040 740 aliud
1055 718 1077 741 a
1096 713 1200 749 terra,
1218 706 1316 743 aliud
1341 706 1385 743 00
1412 706 1554 749 humore,
1574 704 1675 743 aliud

293 753 338 790 ab
357 756 445 796 a'e're,
465 755 564 791 aliud
579 756 655 792 00
644 756 739 805 7gni;
769 757 926 793 rationem
956 757 1054 793 etiam
1079 735 1213 794 aliunde
1239 759 1421 796 [abeamus
1449 773 1573 797 necesse
1591 767 1670 795 est:

291 817 323 844 et
341 820 413 843 cum
432 818 537 844 cetera
555 809 665 845 07777770
693 809 835 846 mundus
861 809 880 845 ί
883 809 994 854 00607,
1014 810 1102 861 quod
1115 820 1161 847 est
1179 813 1320 848 omnium
1343 813 1511 863 optimum,
1532 812 1571 849 id
1587 826 1669 863 quo-

293 873 355 910 0776
382 874 441 896 cur
458 874 519 897 77077
539 861 674 904 000607,
697 862 791 899 nulla
819 871 866 900 757
893 864 991 900 ratio
1051 865 1172 900 Omnes
1191 875 1288 914 porro
1313 865 1502 911 concedunt,
1531 866 1583 902 nil
1607 878 1672 902 non

295 913 384 950 modo
403 927 468 950 esse
487 914 604 951 mundo
625 915 753 960 nulius,
773 916 833 953 sed
848 930 886 953 ne
904 917 1045 966 cogitari
1072 916 1200 967 quidem
1220 929 1338 967 posse:
1369 931 1481 978 quare,
1510 932 1584 955 cum
1608 932 1670 955 ra-

296 967 380 1002 tione
409 967 460 1003 nil
485 968 612 1012 melius,
632 982 671 1005 ea
703 983 827 1019 quoque
854 970 974 1007 mundo
1001 971 1081 1007 insit
1110 984 1233 1008 necesse
1259 980 1332 1008 est·
1324 999 1334 1017 ‚
1362 972 1421 1021 07ιὶ
1443 975 1586 1021 profecto
1609 985 1673 1008 non

287 1029 397 1079 pessel
416 1030 466 1057 ita
485 1021 634 1058 omnibns
656 1023 815 1073 partibus
833 1025 1024 1067 consentire,
1045 1025 1110 1061 nisi
1134 1038 1197 1060 77770
1214 1024 1332 1061 divino
1349 1034 1380 1061 et
1398 1025 1586 1062 continuato
1604 1025 1673 1075 spi-

295 1073 363 1109 ritu
392 1075 618 1112 contineretur
640 1089 668 1112 6.
690 1083 731 1113 2-
736 1082 772 1114 8.
830 1077 895 1114 H7s
927 1077 1110 1114 rationibus
1138 1078 1364 1125 suinciuntur
1384 1077 1673 1115 demonstrationes

288 1126 401 1177 physic
398 1141 448 1164 ·ae
507 1129 624 1165 Prima
656 1128 839 1176 hujusmodi
872 1139 931 1167 est.
961 1132 1070 1167 omnia
1098 1144 1176 1181 quae
1206 1131 1344 1168 aluntur
1375 1141 1407 1168 et
1439 1139 1604 1176 crescunt,
1631 1143 1672 1168 ea

294 1181 524 1230 temperatione
541 1182 657 1219 caloris
677 1183 829 1219 oriuntur
855 1191 885 1220 et
913 1194 1091 1233 augentur,
1110 1197 1279 1244 omnesque
1298 1193 1414 1234 partes
1433 1183 1548 1222 mundi
1566 1184 1675 1222 calore

282 1233 395 1281 fultae
426 1236 652 1279 sustinentur;
683 1236 796 1286 itaque
828 1245 858 1273 et
885 1237 1024 1274 mundus
1053 1238 1155 1274 simili
1177 1238 1319 1297 parique
1345 1247 1471 1275 natura
1498 1247 1671 1276 servatur

297 1288 361 1323 Est
384 1288 491 1347 igitur
519 1298 658 1333 natura,
678 1302 756 1348 0770.2
783 1303 905 1326 0777776777
933 1290 1091 1328 mundum
1110 1291 1252 1328 continet
1267 1303 1404 1342 eumque
1429 1300 1565 1334 tuetur;
1595 1304 1675 1341 quae

295 1342 449 1390 quoniam
469 1356 547 1378 mun
538 1341 584 1378 di
599 1343 836 1393 principatum,
861 1344 1086 1393 (ἦγεμονικὸν)
1109 1353 1147 1380 777
1166 1344 1201 1380 in
1221 1343 1346 1381 homine
1370 1357 1471 1388 mens,
1488 1343 1622 1387 obtinet,
1640 1352 1674 1380 et

295 1403 343 1430 est
361 1393 441 1430 adeo
459 1396 601 1431 omnium
621 1396 757 1446 optima,
776 1410 887 1433 seusus
904 1410 1029 1448 quoque
1054 1406 1086 1434 et
1112 1397 1199 1434 ratio
1228 1396 1305 1434 huic
1331 1405 1466 1435 naturae
1492 1398 1595 1434 insint
1617 1410 1673 1434 ne-

295 1460 378 1483 66556
395 1457 456 1491 657,
477 1463 555 1498 quae
581 1449 616 1485 in
639 1449 797 1499 partibus
816 1450 930 1487 mundi
957 1461 1048 1495 sunt,
1069 1459 1100 1487 et
1128 1450 1230 1488 multo
1256 1450 1387 1501 quidem
1415 1452 1544 1488 acriora
1573 1459 1675 1501 atque

296 1502 448 1548 major—a
440 1530 449 1545 ‚
479 1515 521 1538 ex
545 1516 608 1552 quo
634 1502 794 1539 mundum
815 1504 926 1541 Deum
954 1518 1021 1542 esse
1047 1503 1264 1541 concluditur.
1321 1505 1385 1541 Est
1408 1513 1571 1555 praeterea
1598 1503 1675 1541 ani-

296 1568 391 1590 mans
420 1555 584 1592 mundus·
577 1572 584 1599 3
615 1556 703 1606 quod
730 1565 817 1593 nzotu
837 1571 894 1594 suo
915 1558 1028 1600 cietur,
1048 1558 1119 1617 qui,
1137 1558 1196 1594 vel
1213 1558 1356 1595 Platone
1373 1567 1520 1602 auctore,
1541 1566 1673 1594 tantum

295 1608 330 1643 in
359 1609 482 1645 animos
506 1609 609 1645 cadit.
637 1623 664 1646 c.
686 1618 724 1656 9
735 1617 793 1647 12.
851 1611 970 1647 Altera
998 1613 1084 1647 ratio
1112 1611 1158 1647 sic
1181 1611 1352 1661 procedit:
1384 1612 1426 1647 In
1452 1610 1538 1647 omni
1563 1623 1673 1647 rerum

296 1662 502 1698 institutione
520 1671 568 1698 est
586 1662 721 1713 aliquid
743 1672 922 1700 extremum
950 1674 1050 1714 070776
1071 1664 1265 1714 perfectum,
1285 1664 1350 1700 nisi
1367 1663 1524 1723 quaea'am
1542 1664 1598 1700 vis
1615 1662 1675 1700 ob-

297 1715 408 1753 sistat
466 1716 578 1764 Igitur
605 1716 639 1752 in
668 1717 754 1752 omni
781 1727 905 1754 natura
933 1731 961 1754 s.
981 1718 1146 1757 univ‚erse
1166 1730 1208 1753 ac
1234 1716 1337 1753 multo
1355 1718 1455 1753 etiam
1475 1717 1598 1776 magis,
1617 1729 1675 1753 ne-

297 1781 381 1804 cesse
397 1775 446 1804 est
465 1768 600 1806 absolvi
617 1768 750 1819 027ᾞο777]
765 1783 806 1807 06
828 1769 969 1820 perfici5
997 1770 1084 1821 quod
1101 1771 1161 1813 nil,
1182 1780 1220 1806 ut
1238 1770 1273 1806 in
1291 1770 1403 1825 ceteris
1420 1771 1567 1814 naturis,
1586 1769 1673 1806 ohsi-

295 1830 380 1858 stere
405 1828 522 1881 potest.
550 1835 626 1872 ergo
656 1836 728 1859 cum
758 1823 794 1860 in
821 1823 885 1868 075,
905 1838 981 1874 07776
1004 1824 1199 1874 gignuntur
1224 1836 1265 1860 ex
1292 1832 1396 1866 terra,
1416 1822 1467 1859 nil
1481 1823 1526 1860 sit
1549 1831 1675 1873 praeter

295 1874 528 1912 nutritionem·
520 1903 530 1918 ‚
561 1875 675 1912 bestiae
697 1885 862 1925 praeterea
891 1891 1022 1919 sensum,
1048 1884 1080 1913 67
1106 1883 1226 1914 motum
1250 1875 1374 1913 habent
1400 1882 1432 1913 et
1459 1878 1672 1926 appetitum:

296 1926 417 1964 homini
435 1927 553 1966 addita
571 1929 672 1966 etiam
699 1936 748 1965 est
774 1930 874 1974 ratio,
895 1944 963 1981 qua
992 1930 1158 1981 appetitus
1185 1939 1361 1979 regantur.
1418 1930 1475 1966 Ex
1492 1943 1555 1980 quo
1572 1928 1675 1977 effici-

297 1990 366 2024 tur,
384 1994 452 2018 esse
476 1983 578 2019 etiam
596 1991 754 2033 quartum
773 1990 805 2019 67
824 1983 1023 2020 altissimum
1045 1982 1196 2033 gradum
1221 1996 1344 2027 eorum,
1364 1983 1421 2034 qui
1448 1991 1575 2020 natura
1602 1981 1677 2019 boni

297 2036 521 2085 sapientesque
543 2037 747 2085 gignantur,
776 2036 895 2086 quibus
923 2037 968 2074 00
995 2037 1087 2074 initio
1116 2037 1195 2073 insit
1224 2046 1314 2073 recta
1340 2046 1556 2087 constansque
1576 2036 1677 2079 ratio,

297 2102 376 2138 quae
396 2089 468 2125 Deo
494 2089 670 2126 tribuenda
690 2089 744 2131 sit,
764 2090 822 2127 006
840 2099 888 2127 657
907 2090 1037 2128 mundo.
1093 2089 1216 2127 Eodem
1232 2090 1312 2138 sere
1330 2089 1420 2126 modo
1437 2089 1592 2137 ffcitur,
1611 2102 1678 2126 esse

300 2142 334 2177 in
355 2141 475 2178 mundo
503 2156 667 2179 summam
695 2143 856 2180 virtutem
875 2153 907 2181 67
924 2144 1134 2194 sapientiam.
1163 2158 1191 2180 6.
1217 2149 1347 2181 12-14.
1406 2142 1475 2180 Sed
1490 2142 1606 2196 mundi
1623 2142 1676 2180 di-

297 2195 443 2231 vinitate
469 2203 652 2246 perspecta,
685 2198 786 2233 astris
819 2198 918 2234 etiam
954 2197 1121 2234 divinitas
1151 2206 1199 2233 est
1231 2196 1419 2234 tribuenda.
1477 2196 1678 2245 Gignuntur

296 2249 380 2284 enim
399 2261 440 2285 ex
460 2248 673 2286 mobilissima
700 2259 731 2287 et
754 2251 935 2300 purissima
953 2250 1087 2288 66706775
1099 2260 1213 2300 parte,
1233 2250 1328 2286 nulla
1347 2250 1419 2286 alia
1438 2248 1592 2286 admixta
1610 2261 1676 2285 na-

298 2311 391 2344 tura,
411 2311 544 2353 totaque
572 2313 651 2339 sunt
677 2303 791 2340 calida
818 2313 849 2340 et
871 2303 1051 2364 pellucidae.
1106 2303 1304 2340 Absurdum
1330 2312 1440 2340 autem
1458 2310 1552 2343 esset,
1572 2301 1602 2338 si
1625 2314 1676 2339 res

297 2356 373 2391 a'ere
399 2365 483 2392 ortae
509 2356 669 2393 rationem
697 2356 866 2400 haberent,
885 2372 963 2407 quae
990 2357 1025 2394 in
1053 2357 1155 2393 multo
1166 2356 1311 2417 ’puriore
1333 2355 1455 2392 aetbere
1479 2364 1677 2398 nascuntur,

299 2422 395 2444 5677577
414 2417 476 2446 aut
494 2409 621 2446 ratione
638 2420 799 2453 carerent,
817 2424 895 2461 quae
911 2410 958 2447 ibi
979 2410 1082 2447 multo
1100 2410 1231 2447 acriora
1257 2410 1326 2445 sint
1351 2420 1472 2445 necesse
1491 2416 1552 2452 est,
1573 2417 1606 2444 et
1622 2408 1684 2446 vel

296 2460 408 2498 ordine
435 2475 544 2498 eorum
572 2473 603 2499 et
631 2464 829 2505 constantia,
858 2472 1009 2513 motuque
1036 2462 1227 2500 voluntario
1253 2461 1482 2499 declarantur.
1511 2467 1679 2500 6.15.5.

299 2513 371 2551 Sed
386 2515 531 2551 maxime
549 2524 716 2552 astrorum
733 2529 863 2553 sensum
890 2526 921 2553 et
948 2516 1202 2565 intelligentiam
1227 2514 1505 2565 divinitatemque
1527 2514 1680 2552 declarat

296 2566 461 2603 mirabilis
480 2567 556 2604 ordo
574 2581 683 2605 eorum
701 2577 734 2606 et
750 2569 950 2613 constantia,
971 2583 1050 2619 quae
1076 2581 1176 2619 neque
1202 2576 1361 2605 naturam
1386 2567 1572 2618 signficat,
1591 2567 1683 2618 quod

296 2629 345 2656 est
369 2619 468 2670 plena
496 2621 647 2664 rationis,
676 2635 778 2672 neque
792 2623 990 2670 fortunam,
1021 2635 1099 2672 quae
1125 2622 1344 2658 constantiam
1365 2622 1502 2671 respuit.
1556 2622 1598 2658 In
1615 2635 1680 2671 quo

301 2673 464 2722 Epicurus
483 2673 621 2710 ridicule
640 2684 744 2716 errat,
763 2675 822 2724 qui
847 2675 1030 2712 humanam
1045 2674 1204 2724 figuram
1227 2674 1306 2711 Diis
1324 2674 1496 2718 attribuit,
1514 2683 1680 2724 negatque

298 2726 475 2763 rotundum
504 2734 536 2762 et
562 2727 743 2764 volubilem
770 2728 882 2764 Deum
909 2729 1050 2788 cogitari
1072 2739 1178 2778 posse.
1207 2740 1236 2764 c.
1261 2728 1321 2765 16.
1340 2740 1407 2778 560.
1465 2726 1535 2763 Sed
1562 2727 1681 2771 multae

298 2780 379 2816 aliae
412 2789 547 2816 naturae
583 2781 728 2817 Deorum
763 2793 805 2817 ev
841 2783 973 2830 magnis
1010 2795 1117 2818 eorum
1157 2779 1320 2841 ⁸benefici-is
1362 2780 1552 2817 constitutae
1586 2789 1678 2818 sunt.

301 2832 394 2869 Nam
409 2833 517 2883 primo
543 2833 634 2894 quod
656 2843 705 2871 est
722 2846 746 2870 a
766 2834 839 2871 Deo
867 2844 998 2877 natum,
1018 2834 1056 2872 id
1082 2835 1208 2871 nomine
1234 2834 1336 2885 ipsius
1356 2834 1425 2871 Dei
1443 2842 1677 2883 nuncupatur·
1667 2861 1678 2878 ,

297 2885 411 2924 deinde
436 2900 487 2924 res
514 2887 602 2938 ipsa,
620 2901 655 2924 m
681 2900 749 2938 qua
767 2897 815 2925 est
831 2889 885 2926 vis
906 2888 1011 2935 major
1037 2889 1169 2940 aliqua,
1199 2888 1247 2925 sic
1273 2886 1491 2939 appellatur·
1519 2884 1681 2934 beneficiis
