1768 3095
525 143 707 182 LIBER
746 141 1083 179 SECUNDUS.
1461 146 1530 179 121

105 254 279 298 omnino
314 254 509 310 ignorare
539 250 657 301 dicit,
689 265 832 306 quam,
867 258 942 290 aut
972 248 1142 305 qualem
1173 260 1264 288 esse
1294 247 1437 298 velint,
1464 249 1536 304 qui

106 311 327 354 honestate
357 323 572 351 summum
603 308 766 348 bonurn
797 306 1039 348 metiantur.
1071 305 1106 345 si
1136 305 1250 345 enim
1272 311 1309 335 88
1324 303 1377 344 ad
1405 304 1538 346 hone—

105 378 257 411 statem
286 367 426 408 omnia
454 365 700 415 referantur,
721 378 859 420 neque
878 363 922 404 in
941 376 991 402 ea
1012 361 1273 416 voluptatem
1304 360 1447 417 dicant
1475 362 1539 401 in-

107 439 223 476 esse3
255 424 326 475 ait,
345 437 416 463 eos
438 420 477 456 89'
495 421 605 462 inani
636 435 737 461 voce
767 433 916 461 sonare
942 419 1022 473 (his
1048 418 1161 458 enim
1181 418 1282 473 ipsis
1303 417 1437 458 verbis
1459 419 1542 458 uti-

108 483 192 534 tur)
217 495 350 536 neque
370 478 621 533 intelligere,
641 492 777 532 neque
807 476 958 526 videre,
981 475 1058 516 sub
1084 475 1163 515 hac
1183 489 1287 515 voce
1309 473 1541 514 honestatis

109 553 202 594 quae
224 537 276 578 sit
297 535 557 591 subjicienda
578 534 796 575 sententia.
827 542 875 574 ut
904 533 1016 574 enim
1048 530 1313 572 consuetudo
1338 530 1541 586 loquitur,

110 594 154 636 id
185 594 321 634 solum
351 591 504 633 dieitur
535 591 777 641 honestum,
799 589 916 646 quod
941 599 1006 630 est
1034 588 1229 644 populari
1249 589 1362 629 fama
1381 587 1542 642 glorio-

109 665 216 692 sum.
247 648 377 704 quod,
408 648 558 705 inquit,
591 661 846 704 quamquam
879 646 1166 702 voluptatibus
1195 644 1450 701 quibusdam
1479 652 1542 684 est
1555 653 1586 682 P·
1605 650 1655 679 7⁵-

109 721 218 761 saepe
243 704 488 761 jucundius,
517 714 658 746 tamen
689 705 896 760 expetitur
927 711 1099 758 propter
1128 702 1406 757 voluptatem.
1464 695 1582 767 Vi-Ji

108 762 235 804 desne
255 777 381 817 quam
403 762 456 803 sit
476 776 632 817 magna
651 761 884 802 dissensio?
919 759 1198 815 philosophus
1225 758 1392 808 nobilis,
1413 772 1437 798 a
1458 771 1544 813 quo
1584 739 1608 778 9

109 834 192 860 non
214 819 352 859 solum
375 818 555 869 Graecia,
576 826 617 858 et
638 817 774 868 Italia,
795 818 867 858 sed
888 818 1015 858 etiam
1036 816 1173 857 omnis
1203 815 1396 856 barbaria
1425 829 1545 855 com-

109 884 226 917 mota
245 885 323 925 est,
343 875 569 916 honestum
590 874 692 930 quid
715 875 782 924 sit,
805 875 838 915 si
857 874 899 914 id
921 888 1004 913 non
1027 883 1090 914 est
1110 873 1151 913 in
1172 872 1401 928 voluptate,
1419 879 1547 926 negat

110 946 154 973 se
187 932 424 987 intelligere
443 949 452 973 :
489 932 567 972 nisi
603 931 714 972 forte
749 931 870 981 illud,
905 929 1022 986 quod
1059 928 1343 970 multitudinis
1379 941 1547 968 rumore

109 988 318 1030 laudetur.
378 990 473 1044 Ego
491 997 632 1029 autem
655 988 737 1028 hoc
758 989 885 1028 etiam
907 995 1029 1042 turpe
1051 1000 1141 1026 esse
1162 1001 1272 1041 saepe
1284 984 1458 1046 judico:
1491 993 1547 1034 et,

111 1045 146 1086 si
167 1045 335 1100 quando
356 1053 478 1100 turpe
500 1060 585 1086 non
606 1045 673 1095 sit,
696 1053 837 1085 tamen
858 1059 942 1084 non
963 1058 1055 1084 esse
1076 1057 1160 1083 non
1183 1052 1319 1098 turpe,
1340 1056 1438 1082 cum
1462 1041 1503 1081 id
1525 1051 1549 1081 a

109 1101 382 1143 multitudine
401 1101 612 1143 laudetur.
643 1100 759 1157 quod
782 1102 816 1142 si
833 1102 886 1142 sit
906 1101 1044 1156 ipsum
1064 1114 1137 1154 per
1158 1113 1201 1140 se
1221 1110 1402 1147 rectum,
1423 1106 1550 1154 atque

111 1158 338 1209 laudabile,
368 1173 454 1199 non
486 1160 667 1205 obeam
702 1173 873 1199 causam
906 1168 1048 1198 tamen
1077 1156 1183 1197 illud
1212 1156 1294 1197 dici
1323 1155 1550 1196 honestum

114 1229 219 1266 esse,
240 1215 337 1270 quia
357 1215 553 1256 laudetur
571 1230 596 1256 a
614 1215 775 1265 multis,
795 1214 867 1255 sed
887 1214 986 1269 quia
1005 1214 1088 1254 tale
1110 1213 1177 1264 sit,
1198 1223 1247 1254 ut
1271 1212 1351 1266 (vel
1372 1212 1405 1252 si
1426 1212 1553 1268 igno-

115 1279 254 1312 rarent
273 1271 317 1312 id
334 1271 543 1322 homines,
563 1272 628 1312 vel
657 1272 691 1312 si
721 1272 1048 1323 obmutuissent)
1073 1284 1149 1310 sua
1175 1279 1317 1310 tamen
1347 1268 1553 1324 pulcritu-

114 1327 214 1369 dine
234 1336 357 1378 esset,
379 1328 600 1383 specieque
628 1327 853 1368 laudabile.
916 1328 1065 1382 Itaque
1092 1326 1205 1366 idem
1238 1335 1386 1366 natura
1405 1325 1553 1376 victus,

116 1383 185 1424 cui
221 1384 370 1425 obsisti
402 1399 487 1425 non
516 1393 670 1439 potest,
702 1384 805 1424 dicit
835 1384 918 1424 alio
952 1384 1047 1424 loco
1077 1382 1133 1428 id,
1158 1383 1273 1437 quod
1307 1397 1331 1422 a
1356 1391 1398 1422 te
1426 1383 1554 1422 etiam

117 1440 260 1494 paullo
290 1448 387 1481 ante
421 1441 583 1482 dictum
614 1450 692 1490 est,
722 1455 804 1480 non
836 1454 959 1495 posse
983 1439 1175 1495 jucunde
1205 1438 1296 1488 vivi,
1318 1438 1397 1479 nisi
1427 1439 1554 1479 etiam

115 1496 306 1537 honeste.
368 1504 407 1530 90
424 1497 542 1553 Quid
571 1511 697 1547 nunc,
718 1497 907 1546 honeste,
924 1496 1077 1536 dicitur
1095 1498 1107 1536 ?
1141 1495 1323 1546 idemne,
1343 1495 1458 1550 quod
1482 1494 1555 1551 ju*
1568 1506 1620 1538 50

118 1553 288 1593 eunde?
321 1567 425 1607 ergo
455 1554 527 1604 ita,
550 1563 583 1587 9¹
606 1568 689 1596 non
719 1568 843 1608 posse
873 1554 1050 1594 honeste
1079 1552 1171 1601 vivi,
1193 1553 1270 1592 nisi
1292 1552 1470 1592 honeste
1499 1552 1558 1592 vi-

118 1617 250 1650 vatur.
281 1623 334 1649 an
356 1610 435 1649 nisi
456 1610 650 1664 populari
671 1610 811 1650 fama?
845 1610 933 1650 sine
954 1624 1003 1650 ea
1022 1609 1152 1664 igitur
1165 1608 1355 1663 jucunde
1376 1617 1415 1642 92
1433 1618 1559 1664 negat

118 1679 242 1720 posse
271 1666 379 1706 vivi?
412 1666 531 1722 Quid
562 1666 740 1721 turpius,
761 1681 889 1721 quam
922 1666 1120 1720 sapientis
1141 1666 1268 1706 vitam
1290 1679 1339 1705 ex
1360 1665 1558 1720 insipien-

118 1721 227 1762 tium
258 1736 452 1763 sermone
482 1723 691 1777 pendere?
726 1723 829 1778 quid
858 1737 963 1778 ergo
986 1723 1067 1762 hoc
1089 1722 1186 1762 loco
1208 1721 1407 1777 intelligit
1426 1722 1560 1762 hone-

117 1780 263 1819 stum?
297 1788 410 1819 certe
440 1779 560 1830 nihil,
592 1779 669 1820 nisi
701 1779 816 1834 quod
851 1779 985 1835 possit
1017 1780 1155 1834 ipsum
1189 1789 1364 1834 propter
1396 1793 1439 1819 se
1463 1780 1561 1834 jure.

120 1835 296 1876 laudari.
327 1850 424 1876 nam
446 1837 480 1876 si
499 1845 671 1891 propter
692 1836 976 1891 voluptatem:
1011 1851 1104 1891 quae
1133 1845 1199 1876 est
1229 1835 1309 1876 ista
1339 1835 1445 1886 laus,
1466 1851 1560 1891 quae

120 1891 255 1946 possit
273 1906 296 1931 e
314 1892 493 1933 macello
516 1893 630 1948 peti?
664 1894 766 1933 Non
788 1893 822 1933 is
842 1893 902 1934 vir
922 1902 999 1944 est,
1021 1901 1082 1942 ut,
1105 1906 1203 1932 cum
1224 1892 1490 1934 honestatem
1510 1907 1561 1934 eo

119 1948 217 1989 loco
240 1948 408 1998 habeat,
428 1958 478 1990 ut
497 1950 584 1989 sine
615 1963 665 1988 ea
687 1949 876 2004 jucunde
899 1958 1028 2005 neget
1049 1963 1173 2004 posse
1192 1949 1285 1999 vivi,
1306 1949 1410 1990 illud
1430 1950 1593 1990 hone-s

123 2014 252 2054 stum,
274 2005 390 2059 quod
411 2005 613 2060 populare
642 2005 709 2054 sit,
731 2014 768 2040 923
788 2007 951 2057 sentiat,
971 2016 1013 2046 et
1033 2007 1120 2046 sine
1150 2020 1200 2046 eo
1224 2006 1415 2061 jucunde
1436 2015 1562 2061 neget

121 2060 199 2102 vivi
235 2075 358 2115 posse
379 2078 388 2102 z
430 2069 502 2102 aut
543 2062 772 2117 quidquam
808 2063 922 2103 aliud
959 2063 1184 2103 honestum
1222 2062 1448 2118 intelligat,
1483 2063 1562 2104 nisi

122 2117 239 2173 quod
261 2117 315 2158 sit
334 2127 511 2168 rectum,
530 2118 753 2174 ipsumque
776 2134 848 2174 per
868 2134 927 2170 se,
947 2134 1023 2160 sua
1041 2119 1092 2169 vi,
1110 2134 1186 2160 sua
1204 2128 1369 2174 sponte,
1392 2134 1467 2160 sua
1488 2134 1561 2160 na-

121 2182 216 2216 tura
253 2174 476 2216 laudabile.
547 2175 711 2230 Itaque,
749 2176 981 2231 Torquate,
1019 2191 1119 2217 cum
1167 2176 1341 2227 diceres,
1380 2176 1562 2217 clamare
1579 2167 1645 2221 16

167 2338 206 2362 88
223 2331 264 2360 ad
277 2331 305 2360 h.
321 2343 345 2361 o.
363 2330 540 2371 referantur]
555 2331 619 2360 Th.
637 2331 736 2360 Bentl.
755 2340 823 2360 cor-

123 2375 242 2414 rigebat
257 2375 399 2412 referant,
415 2376 500 2413 quod
516 2381 546 2404 et
562 2377 678 2413 recepit
693 2376 731 2404 de
748 2384 824 2403 con-

119 2418 244 2456 jectura
267 2417 426 2453 Davisius,
452 2418 527 2456 quia
549 2419 691 2456 sequitur
713 2417 823 2445 dicant.

122 2460 184 2491 sed·
199 2461 261 2490 hoc
285 2470 351 2490 non
372 2460 446 2490 facit
469 2462 698 2491 correctionem
714 2469 822 2490 neces-

123 2504 250 2534 sariam.

170 2553 209 2578 89
226 2545 306 2574 inani
321 2557 390 2574 voce
410 2544 520 2582 sonare]
540 2556 637 2575 sonare
652 2554 707 2584 pro
723 2545 823 2584 loqui,

124 2588 267 2619 absolute
283 2590 420 2625 dictum,
438 2595 473 2617 ut
489 2588 597 2617 chordIs
610 2598 720 2624 sonare,
731 2588 824 2618 Ovld.

124 2632 164 2661 ad
186 2631 307 2662 Liviam
326 2639 398 2662 108.
421 2641 519 2659 sonare
540 2632 618 2659 tenui
643 2641 722 2660 voce.
744 2632 825 2659 inani

125 2685 206 2710 voce,
225 2681 282 2712 est,
305 2675 405 2704 verbis
429 2675 497 2703 sine
519 2683 637 2703 sensu:
663 2682 722 2702 nec
745 2684 825 2714 opus

127 2722 173 2746 est
188 2718 338 2756 corrigere
354 2727 431 2746 curn
447 2717 576 2746 Davisio
593 2717 686 2745 inatus
699 2727 791 2746 voces.

171 2766 210 2792 90
228 2759 309 2790 Quid
318 2771 404 2795 nunc,
421 2759 530 2788 honeste
546 2759 668 2798 dicitur}
688 2759 738 2788 Sic
755 2761 824 2790 edd.

127 2811 174 2841 pr.
188 2800 268 2832 Ven.
287 2803 372 2832 Med.
392 2803 486 2841 idque
502 2809 628 2832 secutus
645 2812 731 2831 sum.
749 2813 826 2832 nam

127 2843 294 2882 vulgatum
315 2845 387 2875 dicit
402 2852 448 2876 est
463 2846 584 2882 durius,
602 2846 688 2884 quod
704 2847 826 2885 primus

129 2885 229 2917 Aldus
245 2888 351 2919 edidit.

911 2337 947 2363 91
967 2342 1018 2359 non
1035 2337 1116 2370 posse
1137 2332 1247 2361 honeste
1268 2333 1352 2368 vivi,
1377 2333 1434 2362 nisi
1456 2333 1566 2362 honeste

865 2373 1006 2411 vivatur]
1036 2375 1182 2404 Pearcius
1212 2386 1266 2414 pro
1293 2375 1404 2405 honeste
1429 2383 1565 2416 utroque

867 2416 937 2446 loco
960 2418 1053 2447 scribi
1076 2418 1145 2448 vult
1157 2418 1299 2457 jucunde,
1320 2418 1480 2458 delerique
1500 2420 1568 2450 nisi.

866 2460 945 2489 illud
962 2470 1027 2490 non
1043 2461 1135 2490 bene.
1151 2461 1207 2490 nisi
1229 2468 1338 2491 tamen
1354 2469 1385 2491 et
1399 2462 1463 2501 ipse
1485 2463 1571 2493 dele-

866 2504 980 2539 verim,
1008 2512 1064 2533 aut
1086 2514 1163 2533 curn
1186 2504 1314 2534 Davisio
1337 2505 1468 2544 legerim
1491 2517 1567 2541 cum,

869 2555 945 2575 nam
957 2546 1093 2585 populari
1105 2547 1199 2587 fama
1215 2554 1261 2577 est
1276 2554 1401 2578 tantum
1422 2550 1571 2588 interpre-

869 2590 944 2618 tatio
960 2589 1010 2617 τοῦ
1025 2589 1146 2626 honeste,
1164 2600 1237 2629 quae
1252 2600 1295 2620 sc.
1311 2598 1341 2620 et
1355 2591 1423 2621 sola
1441 2592 1570 2631 requiri—

870 2639 930 2662 tur.
976 2633 1036 2661 Sed
1052 2640 1158 2662 tamen
1177 2644 1241 2663 non
1258 2641 1304 2663 est
1318 2636 1545 2665 necessarium.

913 2682 952 2707 92
970 2682 1055 2713 negat
1065 2682 1146 2714 posse
1169 2676 1287 2715 tumve]
1306 2677 1371 2707 Aut
1391 2677 1463 2707 ‘vivi
1476 2678 1569 2708 corri-

870 2718 1025 2756 gendum,
1053 2726 1088 2748 ut
1116 2729 1181 2749 non
1209 2720 1313 2749 multo
1338 2728 1406 2760 post
1432 2727 1488 2751 est.
1516 2728 1572 2750 aut

867 2766 944 2798 posse
959 2772 997 2791 se.
1043 2761 1103 2791 Sed
1127 2762 1206 2792 illud
1230 2763 1355 2794 melius.
1377 2764 1471 2803 idque
1488 2773 1571 2802 recc-

871 2813 912 2842 pi.

872 2888 893 2917 h
915 2852 953 2877 93
975 2846 1094 2886 sentiat]
1121 2848 1300 2887 Intelligere
1322 2849 1418 2889 possit
1441 2848 1572 2878 nomine

897 2895 1008 2919 onesti.
