1768 3095
566 122 744 160 LIBER
771 121 1079 159 QUARTUS.
1487 126 1539 168 27

106 233 232 276 chum
265 231 551 280 disserentem,
579 238 624 271 et
652 229 755 270 item
782 228 1046 270 Antiochum
1074 234 1224 268 contra
1242 226 1539 280 Academicos,

100 290 203 333 dedi
222 283 440 335 Antiocho
469 300 637 342 operam
673 285 934 341 diligentius,
960 293 1008 325 ut
1047 298 1218 324 causam
1246 298 1297 324 ex
1326 298 1377 325 eo
1405 294 1539 326 totam

106 358 421 402 cognoscerem.
480 344 630 398 Itaque
663 342 904 398 complures
943 341 1046 391 dies,
1077 340 1267 381 adhibito
1304 341 1539 393 Heraclito,

109 404 327 458 doctisque
349 400 658 455 compluribus,
688 409 733 440 et
762 400 804 439 in
826 398 901 438 —his
933 396 1138 439 Antiochi
1163 397 1290 438 fratre
1317 398 1478 447 Aristo,
1500 408 1542 438 et

108 470 308 516 praeterea
331 457 545 507 Aristone,
571 465 614 497 et
642 456 811 506 Dione,
827 454 987 511 quibus
1011 454 1081 495 ille
1110 454 1343 495 secundum
1370 456 1541 494 fratrem

109 516 337 572 plurimum
362 513 594 562 tribuebat,
616 512 801 561 multum
825 511 1029 566 temporis
1060 510 1103 551 in
1133 511 1212 551 ista
1244 526 1325 551 una
1353 511 1542 566 disputa-

110 574 222 614 tione
262 570 586 617 consumsimus.
629 569 728 617 ,Sed
766 583 815 609 ea
841 579 965 623 «pam,
1002 582 1096 623 quae
1134 576 1282 613 contra
1322 567 1543 608 Philonem

109 626 591 684 erat,‘praetermittenda
608 635 686 667 est.
705 626 865 673 ‚minus
882 625 993 666 enim
1014 638 1117 665 acer>
1130 632 1195 664 est
1215 623 1472 664 adversarius
1494 625 1543 675 is,
1556 635 1587 665 b.

107 685 181 740 qui
209 685 303 736 ista,
323 699 418 740 quae
448 692 547 724 sunt
578 682 667 724 heri
697 682 881 732 defensa,
901 690 1030 736 negat
1059 679 1339 721 Academicos
1370 680 1544 722 omnino

109 740 378 785 dicere-»etsi
413 740 525 781 enim
563 738 780 789 mentitur,
819 747 961 779 tamen
1000 747 1063 778 est
1102 737 1360 778 adversarius
1397 738 1544 779 lenior.

108 798 181 839 Ad
201 797 451 847 Arcesilam,
473 795 823 851 Carneademque
842 795 1072 841 veniamus.
1562 802 1604 834 13

167 855 277 900 Quae
295 868 395 895 cum
420 853 606 904 dixisset,
637 853 696 893 sic
724 866 867 893 rursus
898 865 1071 892 exorsus
1102 859 1191 892 est:
1225 850 1409 891 Primum
1441 850 1588 900 mihi5

110 911 306 957 videmini
331 912 415 964 (me
445 919 586 951 autem
620 909 788 950 nomine
817 908 1072 963 appellabat)
1096 916 1135 940 22
1153 922 1252 949 cum
1270 917 1429 948 veteres
1450 907 1547 962 phi-

109 967 313 1023 losophos
335 967 576 1017 nominatis,
598 966 734 1007 facere
761 965 888 1015 idem,
910 965 1025 1021 quod
1055 964 1244 1006 seditiosi
1265 964 1373 1005 cives
1396 964 1548 1015 solent,

111 1033 210 1067 cum
228 1024 391 1079 aliquos
423 1038 474 1064 ex
504 1023 685 1079 antiquis
718 1022 854 1064 claros
877 1022 983 1063 viros
1014 1022 1249 1077 proferunt,
1270 1035 1376 1076 quos
1406 1020 1549 1062 dicant

111 1081 239 1128 fuisse
259 1081 497 1136 populares,
516 1089 566 1121 ut
585 1093 733 1121 eorum
754 1078 832 1134 ipsi
853 1078 1010 1119 similes
1031 1092 1123 1119 esse
1143 1077 1371 1118 videantur.
1411 1085 1449 1108 23
1467 1079 1549 1118 Re-

106 1146 262 1192 petunt
282 1152 308 1178 a
329 1139 372 1178 P.
392 1137 579 1188 Valerio,
599 1136 686 1192 qui,
706 1136 862 1178 exactis
889 1135 1075 1190 regibus,
1095 1135 1233 1190 primo
1261 1149 1371 1175 anno
1401 1134 1550 1175 consul

105 1194 216 1236 fuit:
247 1202 584 1235 commemorant
611 1192 810 1248 reliquos,
831 1193 904 1248 qui
923 1192 1039 1247 leges
1059 1191 1284 1247 populares
1315 1191 1367 1232 de
1388 1190 1548 1246 'provo-

112 1251 348 1297 cationibus
374 1250 561 1299 tulerint,
581 1264 680 1291 cum
710 1250 906 1290 consules
927 1257 1092 1289 essent:
1123 1257 1214 1289 tum
1236 1247 1291 1289 ad
1310 1248 1388 1288 hos
1411 1248 1550 1289 notio-

114 1321 196 1357 res,
228 1306 281 1347 C.
304 1307 570 1356 Flaminium,
599 1307 672 1361 qui
701 1306 844 1361 legem
876 1305 1083 1360 agrariam
1112 1305 1275 1360 aliquot
1303 1304 1422 1345 annis
1454 1313 1551 1346 ante

107 1363 348 1404 secundum
386 1363 591 1404 Punicum
623 1361 785 1403 bellum
824 1361 1019 1402 tribunus
1051 1361 1187 1416 plebis
1221 1361 1380 1411 tulerit,
1422 1362 1552 1402 invito

106 1429 280 1470 senatu,
317 1429 360 1459 et
397 1428 547 1473 postea
578 1418 643 1460 bis
681 1418 830 1459 consul
867 1418 1002 1459 factus
1039 1418 1106 1458 sit.
1164 1419 1215 1458 L.
1251 1417 1462 1468 Cassium,
1494 1419 1551 1474 Q.

115 1476 367 1530 Pompeium
401 1475 461 1515 illi
492 1475 679 1530 quidem,
699 1475 826 1515 etiam
849 1475 892 1514 P.
913 1474 1164 1521 Africanum
1193 1474 1346 1514 referre
1378 1474 1420 1514 in
1449 1489 1553 1515 eun-

115 1531 214 1574 dem
237 1546 460 1573 numerum
481 1531 631 1572 solent.
692 1531 816 1571 Duos
847 1545 944 1571 vero
971 1530 1316 1585 sapientissimOS,
1339 1539 1382 1570 et
1412 1530 1555 1570 claris-

116 1589 246 1634 simos
276 1589 438 1639 fratres,
471 1587 756 1638 PsCrassum,
779 1596 822 1628 et
852 1588 894 1627 P.
917 1587 1165 1637 Scaevolam,
1196 1587 1311 1627 aiunt
1333 1586 1398 1627 Ti.
1422 1587 1555 1627 Grac-

96 1645 199 1698 'cho
238 1654 430 1691 auctores
464 1645 610 1700 legum
648 1645 791 1695 fuisse,
827 1644 1008 1685 alterum
1042 1643 1234 1699 quidem,
1270 1652 1318 1683 ut
1348 1643 1553 1693 videmus,

116 1702 281 1757 palam:
313 1701 508 1752 alterum,
539 1710 587 1742 ut
617 1701 893 1756 suspicamur,
922 1701 1157 1742 obscurius.
1217 1700 1398 1740 Addunt
1427 1701 1554 1742 etiam

120 1758 171 1799 C.
194 1759 395 1799 Marium.
427 1758 543 1799 etde
564 1757 646 1798 hoc
668 1757 839 1812 quidem
865 1757 971 1798 nihil
997 1757 1274 1804 mentiuntur.
1304 1757 1456 1798 horum
1480 1773 1558 1798 no-

116 1815 301 1856 minibus
322 1824 388 1856 tot
407 1815 592 1856 virorum
617 1824 745 1870 atque
777 1823 992 1855 tantorum
1022 1814 1238 1868 expositis,
1261 1828 1408 1854 eorum
1430 1829 1474 1855 se
1494 1814 1558 1855 in-

118 1873 312 1912 stitutum
334 1872 453 1926 sequi
484 1871 643 1913 dicunt.
705 1879 743 1902 24
759 1871 961 1911 Similiter
993 1886 1067 1911 vos
1097 1885 1196 1911 cum
1229 1871 1489 1925 perturbare,
1508 1881 1556 1912 ut
1574 1882 1619 1914 14

119 1928 181 1969 illi
200 1928 520 1982 rempublicam,
540 1928 600 1968 sic
625 1930 729 1981 (vos)
753 1927 1067 1983 philosophiam
1097 1927 1206 1968 bene
1231 1928 1320 1983 jam
1353 1928 1559 1968 constitu-

120 1994 208 2025 tam
237 1984 386 2034 velitis,
418 1984 738 2039 Empedoclem,
766 1985 1082 2039 Anaxagoram,
1114 1984 1428 2034 Democritum,
1463 1985 1560 2025 Par-

120 2041 348 2091 menidem,
371 2040 695 2096 Xenophanem,
719 2041 937 2082 Platonem
968 2041 1110 2091 etiam,
1140 2049 1183 2080 et
1214 2041 1431 2080 Socratem
1461 2055 1560 2094 pro-

120 2097 252 2140 fertis.
313 2099 391 2138 Sec
412 2111 547 2152 neque
569 2098 817 2138 Saturninus
840 2100 904 2150 (ut
925 2106 1116 2138 nostrum
1148 2096 1368 2137 inimicum
1389 2097 1559 2152 potissi-

121 2169 240 2195 mum
273 2154 505 2206 nominem)
541 2154 675 2194 simile
704 2154 934 2209 quidquam
969 2154 1119 2194 habuit
1149 2163 1338 2194 veterum
1372 2153 1559 2204 illorum,

123 2225 200 2252 nec
221 2220 260 2243 2⁷5
278 2211 480 2251 Arcesilae
510 2210 720 2251 calumnia
750 2210 1007 2251 conferenda
1024 2220 1088 2251 est
1107 2225 1205 2251 cum
1233 2210 1473 2251 Democriti
1492 2225 1561 2250 ve-

122 2268 336 2309 recundia.
395 2268 450 2308 Et
474 2277 616 2308 tamen
639 2273 678 2298 ‘26
696 2267 764 2308 isti
790 2266 1036 2322 philosophi
1068 2281 1162 2307 raro
1193 2266 1442 2317 admodum,
1463 2281 1561 2307 curn

122 2403 124 2405 -
168 2387 207 2410 22
233 2390 294 2408 cum
319 2386 429 2408 veteres
446 2378 622 2419 philosophos
645 2377 818 2418 appellatis]
859 2377 908 2417 p.]
930 2362 1073 2414 Offendit
1089 2379 1256 2417 repetitum
1284 2388 1345 2406 vos.
1373 2377 1561 2408 alterutrum

124 2422 255 2462 Semper
271 2423 350 2452 mihi
367 2428 511 2461 suspecta
527 2423 586 2452 fuit
608 2422 735 2461 vulgata
750 2423 782 2451 h.
800 2421 822 2452 l.

125 2466 220 2495 lectio
251 2465 390 2505 pssrysicos.
437 2465 545 2504 Reperi
583 2466 707 2501 deinde,
737 2465 822 2503 quod

125 2509 302 2547 suspicatus
319 2517 404 2537 eram
415 2507 591 2547 philosophos
607 2509 640 2538 in
656 2509 725 2538 edd.
741 2508 822 2538 Ven.

127 2552 214 2581 Med.
233 2551 306 2580 Ald.
322 2552 407 2580 unde
422 2552 553 2581 restitui.

172 2600 210 2624 23
230 2595 402 2632 Repetunta
417 2595 454 2622 P.
475 2591 602 2632 Valerio]
628 2594 679 2623 Sic
703 2593 783 2622 bene
806 2603 823 2622 e

128 2636 192 2666 MS.
210 2637 316 2666 Ursini
333 2637 428 2666 edidit
446 2637 609 2666 Davisius:
634 2637 762 2666 initium
780 2636 823 2665 fa-

128 2680 219 2709 ciunt
239 2689 257 2708 a
281 2680 314 2709 P.
337 2679 376 2709 V.
399 2679 565 2717 vulgatum
582 2679 650 2718 jam
677 2679 824 2708 Valerium

129 2731 194 2751 non
211 2723 291 2750 bene
311 2723 445 2751 dicitur:
471 2722 567 2752 altera
588 2722 642 2751 illa
664 2723 766 2752 forma
780 2728 826 2751 est

130 2764 334 2794 Ciceroniana
347 2777 353 2793 :
367 2767 435 2804 jam
451 2765 528 2794 forte
544 2766 665 2794 factum
681 2775 721 2794 ex
737 2765 801 2793 inde
814 2776 824 2792 .-

130 2812 168 2843 ut
178 2806 251 2836 alibi
263 2807 371 2837 Cicero
383 2809 468 2838 addit
480 2818 566 2849 usque
578 2809 617 2837 de
628 2809 715 2838 Orat.
732 2809 759 2844 Ι,
773 2814 824 2845 20.

176 2849 214 2879 24‘
240 2849 384 2879 Similiter
408 2857 536 2881 vos—ut
560 2850 607 2880 illi
627 2851 752 2881 r.·—sic
774 2861 825 2880 ‘vos

864 2422 987 2450 videtur
1015 2420 1187 2450 delendum
1201 2433 1207 2449 ε
1238 2431 1294 2459 ego
1322 2422 1464 2460 primum
1495 2431 1563 2451 ma-

865 2463 934 2494 lirn.
952 2474 1029 2493 nam
1042 2470 1073 2493 ut
1089 2463 1220 2493 illi—sic
1232 2474 1283 2492 vos
1300 2463 1459 2494 Ciceronis
1476 2474 1564 2494 more

865 2507 1024 2546 eleganter
1038 2514 1253 2545 opponuntur.

908 2557 947 2580 25
961 2549 1101 2578 Arcesilae
1113 2549 1468 2578 calumnia—Democriti
1481 2560 1563 2578 ‘vere-

866 2592 983 2630 cundia]
1012 2592 1178 2632 Eleganter
1200 2592 1432 2632 periphrasibus
1460 2594 1564 2622 norni-

866 2646 947 2665 num
964 2636 1072 2665 utitur.
1090 2635 1235 2664 calumnia
1249 2642 1279 2665 et
1291 2634 1467 2663 verecundia
1483 2636 1564 2665 bene

866 2687 1084 2719 opponuntur,
1101 2680 1175 2718 quia
1199 2680 1231 2709 in
1256 2677 1419 2708 calumnia
1440 2685 1486 2708 est
1503 2679 1564 2708 im-

868 2722 1030 2761 pudentia.

912 2769 951 2794 *26
976 2764 1025 2793 isti
1047 2760 1222 2803 philosophi]
1249 2763 1300 2793 Sic
1321 2763 1390 2792 dedi
1417 2772 1473 2801 pro
1495 2762 1565 2792 rul-

868 2814 939 2846 gato
956 2807 1082 2847 plgysici‚
1104 2813 1139 2837 ut
1164 2815 1258 2845 supra
1281 2805 1486 2845 philosophos
1510 2815 1566 2844 pro

867 2851 1027 2891 physicos,
1043 2860 1083 2880 ex
1098 2851 1145 2880 ed.
1162 2849 1244 2880 Ven.
1261 2849 1348 2880 Med.
1364 2847 1437 2878 Ald.
