1768 3095
253 103 300 137 14
584 96 857 136 ACADEM.
889 96 1338 136 QUAESTIONUM

246 218 389 261 pressa
407 212 532 261 atque
549 204 687 246 efficta
705 204 813 247 sint:
845 221 939 262 quae
959 213 1052 247 tota
1074 205 1218 248 omnia
1245 205 1434 262 accipere
1453 214 1492 240 ⁵9
1507 205 1685 262 possint,

246 261 526 318 omnibusque
545 261 683 303 modis
701 263 871 313 mutari,
891 270 1016 318 atque
1036 277 1086 304 ex
1106 263 1221 305 omni
1241 272 1358 319 parte
1373 280 1385 315 3
1405 274 1540 319 eoque
1555 262 1684 305 etiam

245 318 429 369 interire,
445 333 529 360 non
548 318 591 359 in
612 318 804 370 nihilum,
822 319 894 360 sed
915 318 957 360 in
978 334 1072 361 suas
1091 329 1243 375 partes,
1263 335 1358 376 quae
1377 320 1536 362 infinite
1554 319 1684 362 secari

245 389 296 417 ac
315 374 441 416 dividi
460 375 636 431 possint,
657 389 753 416 cum
774 376 827 417 sit
847 375 951 417 nihil
970 376 1142 417 omnino
1159 376 1201 417 in
1221 391 1361 418 rerum
1382 384 1530 417 natura
1558 374 1685 416 mini-

246 446 380 483 mum,
412 431 527 488 quod
560 431 685 473 dividi
716 441 895 488 nequeat
913 449 923 473 :
954 447 1048 488 quae
1081 442 1221 474 autem
1251 442 1511 484 moveantur,
1542 431 1686 474 omnia

246 488 472 530 intervallis
492 489 648 530 moveri
667 505 679 540 3
711 504 804 544 quae
824 489 1040 530 intervalla
1059 488 1157 530 item
1181 489 1340 530 infinite
1360 488 1486 530 dividi
1506 489 1683 545 possint.

183 552 233 585 28
246 546 303 587 Et
334 559 431 586 cum
461 545 519 586 ita
549 554 766 586 moveatur
797 551 837 578 60
854 545 925 586 illa
953 545 1028 597 vis,
1047 560 1173 601 quam
1200 545 1445 602 qualitatem
1466 559 1556 586 esse
1576 545 1683 586 dixi-

245 615 355 652 mus,
376 609 417 642 et
437 616 535 642 cum
556 601 615 642 sic
635 603 747 643 ultro
768 602 958 658 citroque
984 611 1193 643 versetur:
1226 611 1270 643 et
1299 602 1519 644 materiam
1548 602 1683 658 ipsam

245 666 380 700 totam
400 658 566 714 penitus
589 659 841 700 commutari
864 666 1027 714 putant,
1048 665 1084 690 61
1107 667 1149 699 et
1181 659 1252 700 illa
1280 658 1402 709 effici,
1423 673 1518 714 quae
1538 657 1684 713 appel-

244 715 333 757 lant
352 715 506 771 qualia,
527 729 550 756 e
570 716 722 771 quibus
744 715 785 756 in
805 715 920 757 omni
951 725 1100 757 natura
1118 715 1358 756 cohaerente
1378 722 1421 755 et
1440 715 1685 756 continuata

243 785 342 813 cum
379 772 575 813 omnibus
612 772 696 813 suis
729 772 915 828 partibus
945 772 1141 813 effectum
1177 786 1268 813 esse
1302 771 1509 812 mundum
1527 787 1538 812 z
1568 779 1686 812 extra

244 842 371 884 quem
400 827 516 869 nulla
545 842 639 884 pars
670 829 855 870 materiae
885 828 952 882 sit,
973 829 1221 885 nullumque
1242 842 1418 884 corpus:
1449 836 1588 883 partes
1608 841 1684 868 au-

245 893 331 926 tem
361 898 450 926 esse
481 884 642 936 mundi,
674 885 829 936 omnia,
851 901 945 942 quae
976 885 1103 926 insint
1128 886 1170 926 in
1200 899 1266 935 eo,
1287 899 1382 941 quae
1412 891 1562 926 natura
1589 897 1685 924 sen-

245 940 374 983 tiente
394 949 635 983 teneantur:
667 942 708 983 in
741 957 824 998 qua
857 942 964 983 ratio
994 942 1181 998 perfecta
1207 941 1320 993 insit,
1340 955 1435 997 quae
1463 941 1518 982 sit
1535 939 1684 981 eadem

181 1009 233 1052 29
246 998 512 1053 sempiterna.
544 998 648 1039 nihil
677 999 787 1039 enim
816 999 1018 1040 valentius
1047 1013 1151 1050 esse,
1172 1013 1197 1039 a
1216 1013 1301 1054 quo
1321 998 1522 1039 intereat:
1554 1010 1684 1054 quam

243 1054 326 1095 vim
361 1055 551 1096 animum
581 1069 669 1096 esse
704 1055 850 1096 dicunt
880 1055 1042 1107 mundi,
1075 1055 1336 1111 eandemque
1362 1068 1452 1096 esse
1481 1063 1684 1105 mentem,

243 1110 574 1167 sapientiamque
603 1111 861 1167 perfectam:
894 1127 1020 1169 quem
1055 1112 1181 1153 deum
1213 1111 1441 1167 appellant,
1467 1110 1683 1152 omnium-

242 1181 325 1222 que
353 1182 508 1219 rerum,
541 1183 636 1224 quae
669 1177 766 1209 sunt
797 1169 836 1209 ei
868 1169 1084 1225 subjectae,
1105 1168 1224 1224 quasi
1253 1167 1521 1223 prudentiam
1549 1181 1685 1223 quan-

242 1223 356 1274 dam,
376 1233 671 1279 procurantem
689 1225 873 1267 caelestia
890 1225 1098 1275 maximc3
1129 1224 1281 1266 deinde
1299 1224 1342 1265 in
1364 1224 1483 1265 terris
1503 1237 1567 1274 ea,
1588 1237 1684 1279 quae

241 1280 453 1336 pertinent
472 1280 525 1322 ad
545 1281 737 1322 homines
756 1297 765 1321 :
795 1287 834 1312 62
852 1296 979 1336 quarn
1011 1280 1222 1322 interdum
1251 1279 1428 1320 eandem
1459 1279 1684 1321 necessita·

241 1345 330 1377 tem
351 1337 565 1392 appellant
582 1353 594 1388 3
626 1337 724 1393 quia
745 1343 783 1368 63
798 1337 903 1378 nihil
922 1337 1043 1378 aliter
1070 1337 1220 1392 possit,
1239 1344 1368 1392 atque
1386 1335 1440 1377 ab
1459 1350 1510 1377 ea
1526 1335 1684 1378 consti-

241 1399 383 1434 tutum
403 1393 472 1444 sit,
487 1393 596 1434 inter
611 1392 731 1449 quasi
749 1394 921 1435 fatalem
938 1401 981 1434 et
996 1392 1304 1434 immutabilem
1320 1392 1684 1434 continuationem

241 1448 398 1490 ordinis
418 1449 686 1506 sempiterni:
718 1464 1037 1505 nonnumquam
1063 1448 1234 1505 quidem
1255 1448 1434 1489 eandem
1452 1448 1684 1501 fortunam,

240 1505 358 1561 quod
375 1505 529 1546 efficiat
546 1505 682 1547 multa
701 1512 740 1537 64
757 1506 982 1562 improvisa
999 1505 1106 1557 haec,
1127 1518 1203 1546 nec
1229 1504 1400 1560 opinata
1427 1504 1564 1556 nobis,
1582 1519 1684 1562 pro-

241 1569 336 1618 pter
350 1561 667 1613 obscuritatem,
685 1562 1080 1619 ignorationemque
1098 1575 1333 1603 causarum.

197 1624 227 1665 8
296 1618 439 1660 Tertia
467 1617 617 1660 deinde
644 1618 925 1675 philosophiae
955 1633 1065 1675 pars,
1087 1634 1180 1675 quae
1210 1627 1300 1660 erat
1318 1625 1357 1651 6⁵
1376 1618 1418 1659 in
1443 1617 1619 1669 ratione,
1639 1626 1684 1661 et

177 1674 283 1726 30in
303 1674 559 1727 disserendo,
579 1675 638 1716 sic
668 1676 928 1717 tractabatur
943 1676 997 1717 ab
1016 1676 1205 1731 utrisque
1222 1692 1230 1716 :
1264 1680 1303 1706 66
1320 1689 1578 1731 quamquam
1597 1674 1684 1716 ori-

240 1739 357 1773 retur
376 1746 401 1772 a
420 1731 624 1782 sensibus,
645 1740 787 1773 tamen
818 1746 903 1773 non
931 1746 1020 1773 esse
1043 1732 1255 1787 judicium
1285 1731 1468 1773 veritatis
1486 1732 1530 1773 in
1550 1731 1680 1773 sensi-

240 1787 335 1829 bus.
355 1796 543 1829 mentem
563 1788 760 1830 volebant
778 1802 915 1830 rerum
939 1803 1029 1830 esse
1052 1788 1241 1846 judicem
1260 1805 1270 1830 ε
1302 1788 1434 1830 solam
1456 1787 1684 1830 censebant

237 1843 450 1896 idoneam,
470 1845 540 1886 cuj
566 1844 818 1886 crederetur.
849 1845 948 1901 quia
979 1846 1070 1887 sola
1094 1853 1286 1887 cerneret
1305 1844 1362 1895 id,
1381 1843 1498 1900 quod
1517 1857 1684 1900 semper

237 1908 348 1941 esset
367 1901 559 1957 simplex,
578 1910 622 1943 et
640 1901 898 1954 uniusmodi,
927 1911 970 1944 et
1000 1902 1098 1954 tale,
1128 1901 1251 1958 quale
1272 1909 1396 1943 esset.
1429 1907 1466 1938 67
1485 1901 1594 1942 hanc
1617 1899 1683 1942 illi

823 2015 874 2045 Sic
909 2022 940 2045 et
982 2017 1058 2047 sius.

239 2058 323 2088 Dav.
339 2056 445 2097 effictus
461 2063 492 2087 et
508 2058 623 2098 ff‘ctus
645 2059 691 2088 sic
714 2058 747 2087 in
771 2058 856 2089 libris
872 2068 940 2098 per·
1025 2064 1064 2089 62
1090 2069 1177 2100 quam
1200 2057 1254 2087 int.
1279 2058 1395 2088 eandem
1418 2055 1539 2098 necess.]
1565 2057 1681 2088 Addidi

239 2023 319 2045 cum
355 2013 516 2054 exprimere
551 2014 770 2054 conjungitur.

239 2106 408 2131 mutantur
437 2101 532 2131 etiam
563 2110 614 2140 ap.
644 2101 731 2131 Suet.
759 2101 857 2132 Dom.
885 2108 939 2134 39.

239 2143 318 2174 Ner.
336 2150 388 2173 21.

285 2192 336 2218 59.
361 2185 453 2224 possit
480 2185 604 2224 mutari]
631 2185 724 2226 possi!
749 2195 805 2225 pro
829 2185 940 2227 possint

240 2228 388 2259 Davisius
403 2229 512 2265 edidit,
528 2230 604 2268 quia
619 2231 771 2269 pertineat
787 2230 824 2259 ad
842 2236 940 2260 mate-

240 2271 329 2301 riam.
354 2272 432 2302 item
456 2279 525 2311 post
548 2272 656 2301 mutari
682 2282 738 2312 pro
761 2278 874 2301 mutare
899 2273 940 2303 ob

239 2314 377 2345 eandem
392 2324 535 2345 causam.
579 2316 639 2346 Sed
655 2315 822 2354 vulgatum
832 2315 942 2355 possint

239 2357 371 2394 servavi,
396 2359 472 2396 quia
496 2368 562 2399 quae
592 2365 651 2387 tota
677 2368 743 2388 non
773 2358 810 2388 ad
842 2365 942 2388 mate-

240 2400 334 2436 riam,
351 2401 405 2430 sed
420 2401 459 2430 ad
474 2411 510 2430 ea
526 2402 668 2438 refertur,
684 2410 756 2439 quae
778 2410 817 2430 ex
841 2408 941 2431 mate-

240 2442 286 2473 ria
300 2452 444 2481 expressa
459 2450 546 2479 sunt,
564 2451 600 2473 ut
621 2454 638 2473 e
660 2444 866 2482 sequentibus
885 2454 938 2483 pa-

239 2491 297 2522 tet,
314 2485 424 2514 mutari
445 2492 554 2516 autem
577 2486 690 2526 recepi,
706 2487 792 2525 quod
813 2496 860 2516 res
885 2496 938 2525 po-

239 2528 338 2558 stulat
352 2535 383 2558 et
397 2530 572 2567 sequentia.
616 2530 751 2559 Ursinus
775 2530 807 2559 in
830 2530 938 2560 codice

241 2571 374 2610 antiquo
391 2579 554 2610 repererat.

286 2618 327 2645 60
343 2613 396 2643 illa
412 2614 473 2651 vis,
493 2625 580 2656 quam
603 2614 776 2655 qualitatem
796 2614 935 2653 diximus]

241 2656 304 2687 Vix
321 2659 492 2687 commode
506 2657 654 2696 qualitas,
671 2667 744 2696 quae
760 2665 806 2687 est
822 2659 938 2695 forma,

240 2699 357 2730 dicitur
378 2699 439 2731 vis.
463 2700 523 2730 nisi
547 2700 640 2731 latius
664 2701 858 2741 accipiamus
885 2711 940 2741 pro

242 2751 286 2773 re.
304 2742 417 2773 malim
433 2743 552 2774 abesse.

287 2789 324 2815 61
352 2791 380 2815 et
406 2785 460 2815 illa
490 2785 575 2827 effici]
605 2786 657 2817 Sic
681 2787 751 2817 edd.
774 2793 849 2817 vett.
874 2796 940 2817 non

243 2827 300 2866 ita,
315 2835 353 2859 ut
366 2828 464 2869 vulgo
478 2830 589 2861 editur.
614 2831 746 2862 restituit
758 2829 828 2870 jam
843 2830 940 2862 Davi-

981 2101 1098 2131 eandem
1114 2111 1154 2132 ex
1169 2101 1239 2131 edd.
1254 2107 1329 2131 vett.
1375 2101 1427 2131 Sic
1450 2110 1528 2131 mox
1542 2110 1682 2130 nonnum·

981 2156 1068 2187 quam
1084 2144 1198 2186 quidem
1213 2143 1503 2185 eandemfhrtunam.
1525 2142 1603 2172 inter
1617 2153 1681 2173 con·

984 2188 1171 2217 tinuationem
1186 2193 1232 2216 est
1244 2188 1275 2216 in
1293 2187 1544 2217 continuatione.

1026 2235 1064 2261 63
1089 2229 1167 2259 nihil
1186 2228 1274 2258 aliter
1290 2230 1398 2271 possit]
1430 2230 1493 2260 Int.
1521 2228 1600 2265 fieri,
1625 2235 1682 2259 aut

984 2273 1132 2303 constitui
1161 2282 1179 2301 e
1202 2273 1396 2302 constitutum.
1441 2272 1589 2302 Davisius
1612 2278 1683 2310 post

984 2326 1023 2346 ex
1047 2316 1122 2345 inter
1139 2315 1213 2346 fecit
1231 2315 1285 2353 ire,
1303 2322 1340 2345 ut
1355 2316 1384 2345 id
1401 2315 1440 2345 ad
1454 2314 1547 2355 possit
1570 2313 1683 2345 refera-

984 2365 1045 2389 tur.

1027 2407 1068 2432 64
1084 2400 1244 2440 improvisa
1267 2400 1328 2429 haec
1340 2411 1390 2429 nec
1402 2397 1465 2440 ομ]
1483 2399 1545 2429 haec
1566 2398 1682 2430 delevit

982 2445 1140 2479 Davisius,
1166 2450 1200 2474 ut
1223 2443 1324 2473 Aldus
1349 2453 1457 2482 nepos.
1472 2443 1560 2472 abest
1581 2443 1678 2473 etiam

981 2497 1031 2527 ap.
1056 2488 1196 2518 Laetam.
1213 2486 1273 2523 111,
1292 2493 1343 2518 99.
1366 2487 1420 2516 ubi
1444 2487 1498 2516 hic
1520 2485 1610 2516 locus
1633 2494 1681 2515 re-

982 2531 1105 2560 citatur.
1129 2536 1229 2569 potest
1256 2529 1402 2568 intelligi,
1426 2538 1499 2568 quae
1528 2528 1681 2558 eveniunt

981 2582 1075 2613 saepe.

1026 2621 1064 2647 65
1082 2615 1112 2644 in
1128 2614 1249 2651 ratione,
1265 2620 1293 2643 et
1308 2613 1338 2643 in
1353 2611 1525 2654 disserendo]
1543 2613 1678 2644 Dictum

983 2665 1029 2689 est
1044 2668 1099 2699 pro
1114 2658 1233 2688 ratione
1249 2657 1430 2688 disserendi.

1028 2707 1068 2733 66
1084 2712 1134 2742 qu.
1150 2700 1274 2730 oriretur
1289 2711 1307 2729 a
1322 2697 1461 2739 sensibus]
1480 2700 1543 2730 Int.
1557 2707 1576 2728 e
1589 2707 1679 2738 seqq.

982 2746 1106 2781 veritas,
1122 2744 1171 2773 vel
1189 2743 1344 2773 indicium
1359 2742 1505 2774 veritatis.
1549 2741 1678 2772 Lambi-

982 2798 1044 2819 nus
1059 2785 1356 2825 addebatjudicium.

1027 2837 1063 2867 67
1091 2830 1164 2860 hanc
1187 2828 1235 2859 illi
1260 2828 1354 2860 ideam
1375 2825 1577 2870 appellabant]
1601 2825 1676 2859 Non
