1778 3095
562 140 749 179 LIBER
777 138 1063 178 QUINTUS
1446 136 1520 181 391

101 258 185 304 tuS,
207 266 305 305 non,
325 250 427 309 quid
441 246 702 292 verissimum
722 247 788 299 sit,
806 246 879 288 sed
893 246 995 303 quid
1011 244 1109 288 velit
1124 244 1287 299 vulgus,
1306 244 1523 300 exquiret?

100 322 155 349 an
176 309 404 366 quidquam
430 306 611 357 stultius,
643 319 784 361 quam,
816 318 922 359 quos
950 302 1154 358 singulos,
1184 301 1293 342 sicut
1313 301 1525 356 operarios

100 364 382 421 barbarosque
409 371 665 412 contemnas,
696 375 766 402 eos
795 375 885 401 esse
915 358 1073 415 aliquid
1102 366 1250 413 putare
1279 358 1522 398 universos?

101 421 228 462 49ille
258 436 353 462 vero
387 428 548 460 nostras
578 418 827 459 ambitiones
857 416 1128 472 levitatesque
1158 423 1417 463 contemnet,
1448 412 1524 453 ho-

102 493 308 534 noresque
326 477 486 532 populi,
507 475 631 516 etiam
652 474 764 515 ultro
791 473 967 523 delatos,
998 470 1260 527 repudiabit:
1289 484 1365 511 nos
1384 476 1524 509 autem

101 548 176 576 eos
196 535 417 581 nescimus,
447 541 671 587 antequam
702 530 905 586 poenitere
934 529 1077 584 coepit,
1110 536 1392 569 contemnere.
1451 526 1529 567 Est
1542 528 1612 562 105

101 591 214 646 apud
245 589 510 631 Heraclitum
545 588 768 644 physicum
800 586 852 627 de
885 586 1072 641 principe
1104 584 1379 640 Ephesiorum
1415 583 1529 623 Her-

103 647 294 688 modoro.
316 645 532 693 universos,
555 653 594 676 ⁵0
609 645 681 695 ait,
700 642 896 699 Ephesios
912 657 994 683 esse
1006 648 1136 683 morte
1146 639 1392 689 multavdos,
1411 638 1530 695 quod,

102 718 193 743 cum
213 703 377 743 civitate
394 700 641 756 expellerent
662 700 972 749 Hermodorum,
994 708 1028 732 ⁵1
1046 698 1106 739 z‘ta
1124 696 1246 738 locuti
1259 696 1340 738 sint
1356 713 1368 737 .·
1402 695 1528 736 Nemo

103 759 152 800 de
171 758 280 799 nohis
299 773 402 799 imus
421 757 594 799 excellat
612 775 624 799 .·
656 757 718 798 Sin
738 757 828 813 quis
844 753 1060 806 exstiterit,
1079 754 1162 795 alio
1182 753 1223 794 in
1245 753 1342 804 loco,
1363 759 1400 793 et
1421 752 1532 807 apud

104 814 207 856 alios
226 814 294 856 sit.
352 815 423 855 An
451 814 532 855 hoc
564 829 647 855 non
676 814 734 854 ita
763 814 809 854 fit
837 812 952 854 omni
982 812 1022 853 in
1053 810 1245 867 populo?
1278 824 1416 851 nonne
1436 824 1530 850 orn-

104 886 200 912 nem
221 871 554 927 exsuperantiam
576 871 736 911 virtutis
762 870 970 911 oderunt?
1004 868 1135 924 quid?
1167 866 1375 909 Aristides
1401 866 1530 920 (malo

101 927 213 968 enim
237 929 500 978 Graecorum,
520 942 646 983 quam
673 936 815 968 nostra
839 926 1040 982 proferre)
1074 939 1212 965 nonne
1236 924 1291 964 ob
1320 938 1412 964 eam
1433 938 1532 964 cau-

104 999 193 1024 sam
214 985 410 1040 expulsus
430 993 493 1025 est
518 984 665 1038 patria,
696 983 810 1039 quod
839 990 990 1038 praeter
1019 981 1193 1022 modum
1219 980 1360 1037 justus
1390 981 1530 1021 esset?

100 1041 280 1097 Quantis
315 1041 443 1096 igitur
481 1040 684 1081 molestiis
717 1048 876 1090 vacant,
916 1047 954 1070 ⁵2
968 1038 1038 1094 qui
1078 1037 1180 1079 nihil
1221 1037 1394 1078 omnino
1434 1051 1533 1077 cum

103 1097 264 1152 populo
298 1097 584 1138 contrahunt?
618 1096 718 1153 quid
748 1105 812 1137 est
846 1096 957 1137 enim
992 1094 1157 1136 dulcius
1193 1094 1280 1136 otio
1315 1093 1531 1134 litterato?

104 1161 142 1185 ⁵3
157 1154 205 1194 iis
228 1154 323 1194 dico
342 1154 508 1203 litteris,
535 1154 686 1209 quibus
714 1153 960 1194 infinitatem
993 1167 1131 1193 rerum
1151 1159 1277 1207 atque
1297 1158 1470 1200 naturae,
1491 1159 1535 1192 et

100 1210 143 1250 in
164 1210 246 1251 hoc
268 1210 359 1266 ipso
380 1211 541 1252 mundo
561 1210 725 1261 caelum,
748 1220 892 1260 terras,
913 1209 1044 1250 maria
1064 1208 1374 1264 cognoscimus.

163 1267 394 1308 Contemto
430 1268 559 1322 igitur
592 1267 766 1318 honore,
798 1275 1013 1307 contemta
1045 1265 1172 1306 etiam
1204 1264 1396 1320 pecunia,
1432 1263 1533 1320 quid
1545 1248 1615 1301 37

103 1324 367 1379 relinquitur,
389 1323 503 1379 quod
528 1322 885 1364 extimescendum
911 1322 995 1364 sit?
1028 1321 1235 1372 exsilium,
1257 1321 1400 1371 credo,
1418 1319 1533 1376 quod
1552 1316 1626 1357 106

104 1380 145 1420 in
166 1380 357 1421 maximis
378 1380 498 1420 malis
520 1380 702 1421 ducitur.
763 1380 811 1420 Id
834 1380 867 1420 si
886 1388 1058 1434 propter
1072 1378 1247 1419 alienam
1271 1387 1313 1418 et
1334 1378 1536 1418 offensam

105 1436 251 1492 populi
285 1437 542 1477 voluntatem
576 1437 733 1478 malum
767 1446 854 1477 est:
888 1450 1015 1492 quam
1047 1435 1100 1476 sit
1134 1450 1182 1475 ea
1213 1434 1538 1484 contemnenda,

106 1493 249 1548 paullo
286 1503 381 1534 ante
421 1494 581 1535 dictum
620 1502 695 1534 est.
756 1493 829 1533 Sin
869 1493 1014 1533 abesse
1045 1491 1179 1546 patria
1211 1491 1409 1532 miserum
1443 1500 1537 1531 est:

106 1550 240 1605 plenae
280 1550 527 1590 miserorum
568 1550 789 1604 provinciae
837 1558 959 1599 sunt3
1008 1562 1058 1588 ex
1105 1548 1257 1603 quibus
1306 1547 1536 1588 admodum

105 1615 143 1638 ⁵4
159 1606 281 1661 pauci
302 1606 341 1646 in
366 1606 542 1662 patriam
564 1616 838 1646 revertuntur.
883 1606 944 1646 At
965 1604 1199 1645 multantur
1218 1605 1340 1645 bonis
1361 1603 1538 1645 exsules.

104 1662 222 1718 Quid
238 1664 358 1703 tum?
392 1677 595 1717 parumne
625 1663 759 1703 multa
789 1662 839 1702 de
871 1661 1088 1702 toleranda
1115 1670 1361 1716 paupertate
1389 1661 1536 1702 dicun·
1555 1662 1625 1701 107

103 1728 172 1759 tur
187 1720 200 1759 ?
227 1718 318 1775 jam
336 1734 431 1760 vero
447 1719 653 1769 exsilium,
675 1728 712 1751 ⁵5
730 1719 763 1759 si
780 1733 918 1759 rerum
934 1729 1141 1768 naturam,
1159 1732 1243 1758 non
1259 1717 1535 1773 ignominiam
1548 1720 1578 1749 P·
1595 1716 1669 1742 ‘²⁴⁹‘

104 1776 284 1816 nominis
315 1776 556 1831 quaerimus,
587 1786 791 1831 quantum
823 1775 991 1815 demum
1019 1789 1043 1815 a
1062 1783 1264 1829 perpetua
1294 1762 1576 1830 peregrina-²·

105 1832 220 1872 tione
242 1832 408 1873 differt?
441 1833 481 1872 in
505 1847 588 1888 qua
607 1841 750 1873 aetates
773 1847 867 1873 suas
895 1831 1137 1887 philosophi
1166 1831 1416 1872 nobilissimi
1436 1845 1538 1872 con.-

105 1898 358 1938 sumserunt,
380 1890 654 1938 Xenocrates,
679 1889 873 1938 Crantor,
892 1889 1118 1939 Arcesilas,
1141 1888 1348 1944 Lacydes,
1371 1888 1538 1928 Aristo-

108 1944 227 1995 teles,
262 1945 594 2000 Theophrastus,
637 1947 769 1995 Zeno,
807 1944 1050 1996 Cleanthes,
1091 1944 1370 2000 Chrysippus,
1413 1944 1538 1985 Anti-

105 2008 238 2056 pater,
263 2001 513 2051 Carneades,
537 2002 756 2052 Panaetius,
784 2000 1089 2051 Clitomachus,
1123 2001 1258 2052 Philo,
1286 2001 1540 2053 Antiochus,

110 2057 371 2108 Posidonius,
390 2058 715 2099 innumerabiles
736 2058 805 2099 alii
823 2074 832 2097 :
862 2059 934 2113 qui
963 2059 1091 2099 semel
1112 2058 1284 2113 egressi,
1306 2072 1539 2114 numquam

106 2113 283 2154 domum
301 2122 518 2155 revertere.
576 2116 636 2155 At
651 2115 759 2155 enim
782 2114 882 2164 sine,
901 2115 1181 2170 §signominia
1195 2114 1356 2156 afficere
1376 2115 1539 2170 sapien,-

107 2180 207 2211 tem.
229 2170 281 2211 de
302 2171 487 2226 sapiente
508 2171 618 2211 enim
641 2171 731 2212 haec
761 2172 897 2212 omnis
926 2172 1061 2212 oratio
1089 2183 1166 2222 est,
1198 2172 1266 2213 cui
1289 2172 1386 2228 jure
1406 2172 1448 2212 id
1468 2186 1540 2212 ac.-

106 2226 245 2268 cidere
266 2242 350 2268 non
370 2227 516 2282 possit.
540 2243 632 2268 nam
647 2227 743 2283 jure
759 2228 1017 2269 exsulantem
1034 2228 1242 2273 consolari
1254 2243 1341 2270 non
1356 2237 1538 2283 oportet.

110 2284 325 2324 Postremo
347 2284 400 2324 ad
421 2299 566 2324 omnes
593 2298 712 2324 casus
744 2284 944 2325 facillima
978 2286 1083 2325 ratio
1114 2296 1177 2325 est
1207 2299 1369 2334 eorum,
1393 2284 1463 2339 qui
1484 2282 1538 2325 ad
1555 2292 1627 2325 108

105 2339 362 2396 voluptatem
384 2354 432 2381 ea
462 2341 659 2391 referunt,
690 2356 783 2397 quae
822 2350 1055 2397 sequuntur
1088 2341 1131 2384 in
1166 2341 1261 2392 vita,
1295 2353 1355 2392 ut,
1377 2349 1412 2376 ⁵7
1430 2355 1539 2397 quo-

151 2492 191 2517 49
214 2484 263 2514 ille
278 2484 361 2525 vero]
384 2487 439 2517 Vir
457 2489 590 2527 sapiens.
612 2486 803 2529 levitatesque
846 2486 952 2516 valent
969 2486 1000 2516 in
1024 2489 1088 2517 otio
1110 2488 1243 2525 literato,
1267 2490 1353 2528 quod
1376 2489 1540 2519 consumi-

110 2537 155 2557 sc.
172 2528 398 2559 ambitionum.
847 2537 897 2559 tur
913 2530 944 2559 in
961 2530 1067 2561 literis.

156 2577 194 2600 50
218 2569 272 2607 ait]
306 2571 442 2602 Delevit·
464 2573 622 2610 Davisius,
658 2581 688 2603 et
715 2583 804 2604 com·
891 2580 929 2603 54
947 2575 1036 2611 pauci
1068 2574 1097 2602 in
1114 2579 1148 2612 p.
1174 2574 1376 2614 revfrtuntur]
1411 2575 1474 2604 Qui
1506 2576 1539 2605 in

112 2613 206 2644 mode
222 2613 365 2659 abfuerit.
845 2617 1019 2655 provincias
1050 2626 1081 2646 se
1117 2618 1320 2647 contulerunt
1360 2620 1540 2657 negotiandi

157 2663 191 2686 51
219 2661 260 2683 tta
277 2655 362 2684 locuti
379 2656 447 2696 sint]
467 2659 518 2688 Sic
538 2666 619 2688 recte
642 2660 800 2690 Davisius.
845 2668 951 2695 causa,
969 2660 1090 2698 opinor.

110 2698 208 2736 vulgo
224 2705 268 2727 est
284 2706 358 2728 sunt.
892 2708 930 2732 55
954 2703 978 2731 si
1002 2714 1096 2732 rerum
1122 2702 1271 2741 naturam]
1307 2703 1431 2733 Frustra
1461 2704 1541 2732 Ben-

155 2748 192 2771 52
218 2741 269 2781 qui
285 2741 362 2769 nihil
378 2752 441 2771 cum
458 2748 523 2782 pop.
545 2742 728 2785 contrahunt]
747 2744 803 2774 Pe·
847 2744 939 2774 tleius
958 2752 988 2774 et
1003 2746 1151 2776 Davisius
1180 2746 1229 2775 rei.
1255 2755 1329 2775 nam
1355 2754 1385 2775 et
1406 2746 1479 2776 alibi
1496 2747 1541 2776 sic

111 2784 211 2812 tendis
227 2790 257 2813 et
269 2785 427 2823 capiendis
451 2786 636 2824 honoribus,
657 2797 710 2827 per
725 2797 804 2827 quos
847 2787 881 2817 in
896 2788 1028 2827 singulis
1045 2791 1136 2818 rebus
1151 2789 1276 2818 dicitur.

112 2834 190 2855 cum
206 2827 323 2866 populo
339 2828 498 2866 agendum
514 2836 570 2858 est.
892 2836 930 2861 56
956 2831 1110 2870 ignominia
1125 2832 1180 2871 aff
1204 2830 1280 2870 sap]
1301 2832 1362 2861 lnt.
1378 2831 1540 2860 exsilium,

155 2873 192 2898 53
216 2869 254 2897 iis
292 2869 352 2899 dico
388 2869 506 2909 litteris]
550 2872 675 2912 Nempe
707 2872 803 2903 literae
893 2879 929 2907 57
956 2884 1129 2914 quocumque
1155 2874 1216 2902 kaec
1247 2873 1302 2902 Ioco
1331 2871 1538 2915 suppeditetur]

841 2927 963 2965 (304
