1778 3095
627 93 806 134 LIBER
833 91 1109 132 TERTIUS.
1496 94 1573 128 323

243 202 283 242 Si
301 203 381 242 mihi
393 215 479 241 nunc
498 202 604 239 tristis
615 201 765 251 primum
784 199 948 236 illuxisset
967 197 1049 243 dies,

243 257 315 295 Nec
333 267 404 294 tam
416 269 600 294 aerumnoso
617 255 874 304 naviga-vinem
894 252 966 289 salo
981 268 993 288 .-

240 312 338 348 Esset
355 309 484 348 dolendi
501 321 606 345 causa
625 323 634 351 ;
662 317 700 344 ut
718 307 836 355 injecto
852 305 980 357 equulei

239 365 342 402 Freno
356 372 484 413 repente
501 371 595 399 tactu
615 361 835 411 exagitantur
853 373 951 397 now.

236 417 306 455 Sed
310 417 388 464 jam
406 415 567 453 subactus
585 415 724 452 miseriis
742 414 902 465 obtorpui.

130 489 396 546 Defatigatio
410 489 540 546 igitur
553 489 815 530 miseriarum
832 485 1103 542 aegritudines
1116 499 1214 526 cum
1234 483 1359 525 faciat
1376 484 1570 538 leniores,

128 547 308 602 intelligi
339 561 509 588 necesse
538 555 615 597 est,
646 560 731 586 non
757 559 846 586 rem
875 545 1009 599 ipsam
1035 550 1162 598 atque
1192 556 1378 593 causam,
1407 543 1567 584 fontem

128 617 218 644 esse
239 604 440 644 maeroris.
500 602 746 657 Philosophi
767 601 937 652 summi,
961 614 1095 656 neque
1116 598 1217 639 dum
1239 608 1382 639 tamen
1404 600 1569 655 sapien—
1581 605 1630 644 68

128 659 231 700 tiam
251 659 482 711 consecuti,
509 674 647 701 nonne
675 659 934 715 intelligunt,
966 657 1009 697 in
1039 670 1207 697 summo
1238 670 1281 696 se
1311 655 1424 696 malo
1445 658 1567 698 esse?

127 724 225 756 sunt
247 715 360 756 enim
380 716 643 772 insipientes:
677 730 813 771 neque
834 712 1072 770 insipientia
1091 711 1226 754 ullum
1248 711 1386 768 majus
1407 713 1568 754 malum

125 780 218 812 est:
251 787 386 828 neque
415 782 556 814 tamen
588 773 751 828 lugent.
782 771 884 827 quid
919 771 1007 812 ita?
1042 769 1140 826 quia
1169 768 1269 809 huic
1300 769 1446 824 generi
1476 784 1568 810 ma-

124 827 264 869 lorum
290 838 326 861 15
342 844 427 870 non
447 830 660 884 affingitur
686 829 756 870 illa
786 828 946 883 opinio,
979 828 1154 868 Rectum
1188 840 1277 866 esse
1307 836 1350 867 et
1380 841 1567 882 aequum,

125 892 168 925 et
189 885 243 926 ad
273 885 458 927 officium
488 886 712 942 pertinere,
744 900 856 940 aegre
887 885 1008 933 ferre,
1039 882 1155 939 quod
1186 882 1349 937 sapiens
1381 898 1463 923 non
1496 883 1565 924 sis.

123 940 239 996 quod
267 942 376 984 idem
409 943 649 998 affingimus
677 942 776 983 huic
810 940 1068 997 aegritudini,
1098 939 1141 980 in
1171 954 1254 995 qua
1282 938 1423 980 luctus
1444 940 1566 992 inest,

124 1013 219 1054 quae
240 999 430 1040 omnium
451 1000 634 1041 maxima
655 1007 732 1040 est.
792 999 941 1053 Itaque
960 995 1227 1045 Aristoteles,
1248 1005 1404 1037 veteres
1425 996 1566 1052 philo·
1578 1008 1630 1055 69

123 1054 281 1110 sophos
312 1071 527 1107 accusans,
560 1057 632 1112 qui
660 1055 1021 1104 existimavissent,
1052 1052 1364 1109 philosophiam
1395 1053 1481 1094 suis
1503 1054 1564 1095 in·

121 1111 256 1166 geniis
275 1127 364 1154 esse
384 1113 630 1168 perfectam,
650 1113 709 1154 ait
728 1127 800 1154 eos
823 1120 897 1153 aut
925 1110 1212 1159 stultissimos,
1243 1119 1317 1150 aut
1346 1109 1565 1164 gloriosis-

125 1167 255 1209 simos
284 1169 437 1210 fuisse:
488 1170 561 1211 sed
591 1184 634 1210 se
663 1170 815 1219 videre,
847 1167 961 1225 quod
992 1167 1135 1223 paucis
1165 1166 1282 1207 annis
1312 1181 1467 1222 magna
1497 1180 1567 1208 ac—

124 1224 260 1265 cessio
292 1227 403 1267 facta
440 1235 565 1277 esset,
604 1227 718 1267 brevi
757 1234 947 1281 tempore
983 1223 1298 1280 philosophiam
1331 1223 1455 1279 plane
1487 1223 1564 1265 ab-

122 1281 306 1322 solutam
338 1283 442 1324 fore.
500 1283 819 1338 Theophrastus
850 1290 989 1323 autem
1022 1280 1208 1321 moriens
1239 1294 1456 1321 accusasse
1489 1294 1563 1321 na·
1576 1299 1608 1331 b.

122 1346 260 1378 turam
283 1339 449 1390 dicitur,
482 1339 597 1395 quod
628 1340 772 1391 cervis,
802 1350 845 1380 et
874 1338 1113 1379 cornicibus
1145 1337 1270 1378 vitam
1303 1336 1564 1389 diuturnam,

121 1408 303 1449 quorum
323 1396 367 1437 id
387 1396 489 1436 nihil
511 1397 753 1445 interesset3
785 1395 1045 1445 hominibus,
1077 1408 1257 1450 quorum
1290 1393 1472 1434 maxime
1499 1394 1562 1435 in-

119 1450 350 1503 terfuisset,
390 1462 477 1493 tam
517 1452 713 1507 exiguam
750 1452 877 1493 vitam
909 1451 1118 1492 dedisset:
1162 1465 1344 1506 quorum
1387 1449 1420 1490 si
1461 1459 1562 1492 aetas

118 1507 329 1561 potuisset
349 1523 438 1550 esse
459 1508 746 1565 longinquior,
774 1509 964 1549 futurum
997 1508 1142 1558 fuisse,
1163 1516 1225 1557 ut,
1248 1507 1445 1547 omnibus
1467 1522 1562 1562 per-

118 1562 240 1606 fectis
261 1565 436 1616 artibus,
458 1566 574 1606 omni
592 1565 782 1607 doctrina
801 1565 1021 1605 hominum
1040 1563 1123 1604 vita
1141 1563 1392 1604 erudiretur.
1414 1578 1563 1619 quere-

118 1619 244 1661 batur
272 1621 416 1677 igitur,
448 1636 491 1662 se
532 1631 639 1673 tum,
671 1637 769 1663 cum
810 1622 882 1662 illa
915 1621 1053 1661 videre
1090 1620 1304 1676 coepisset,
1335 1620 1564 1676 exstingui.

118 1676 264 1733 Quid?
297 1692 347 1719 ex
367 1678 514 1720 ceteris
533 1678 800 1734 philosophis
833 1693 971 1719 nonne
1005 1677 1207 1733 optimuS,
1229 1686 1271 1718 et
1290 1676 1562 1733 gravissimus

117 1733 297 1790 quisque
316 1736 554 1787 confitetur,
584 1735 720 1776 multa
750 1750 793 1776 se
821 1735 1055 1791 ignorare?
1090 1744 1132 1775 et
1161 1734 1296 1775 multa
1317 1734 1396 1774 sibi
1417 1733 1560 1786 etiam,

117 1797 245 1846 atque
282 1792 410 1833 etiam
449 1807 540 1833 esse
577 1792 805 1833 discenda?
856 1794 1010 1847 Neque
1048 1801 1204 1842 tamen,
1240 1797 1277 1822 16
1292 1805 1391 1831 cum
1434 1805 1478 1831 se
1516 1791 1558 1833 in
1571 1804 1624 1845 70

118 1846 260 1888 media
277 1847 470 1900 stultitia,
491 1864 575 1905 qua
595 1849 700 1890 nihil
720 1859 783 1890 est
810 1848 944 1905 pejus,
973 1848 1133 1889 haerere
1158 1847 1410 1902 intelligant,
1434 1848 1559 1903 aegri-

117 1902 263 1945 tudine
302 1914 565 1960 premuntur.
605 1905 721 1946 nulla
756 1906 867 1947 enirn
906 1905 1163 1947 admiscetur
1200 1904 1343 1961 opinio
1382 1904 1560 1948 officiosi

116 1959 289 2002 doloris.
329 1961 446 2016 quid,
482 1969 518 1999 17
535 1962 607 2018 qui
644 1977 729 2003 non
758 1962 965 2018 putabant
995 1962 1229 2017 lugendum
1261 1961 1389 2002 viris?
1423 1961 1559 2017 qualis

114 2014 196 2058 fuit
235 2017 292 2059 Q.
332 2018 550 2060 Maximus
596 2019 770 2060 efferens
816 2019 948 2061 filium
993 2018 1284 2060 consularem:
1335 2019 1470 2074 qualis
1506 2019 1557 2060 L.

115 2072 300 2125 Paullus,
322 2074 489 2117 duobus
509 2076 654 2131 paucis
674 2075 823 2117 diebus
844 2076 1008 2117 amissis
1030 2075 1150 2116 filiis:
1183 2075 1318 2131 qualis
1339 2076 1406 2116 M.
1429 2075 1556 2126 Cato,

112 2138 292 2185 praetore
311 2131 549 2187 designato,
568 2141 740 2174 mortuo
761 2133 868 2174 filio:
900 2132 1046 2188 quales
1077 2131 1241 2188 reliqui,
1259 2146 1366 2189 quos
1388 2133 1429 2173 in
1451 2147 1556 2173 con-

112 2186 319 2228 solatione
350 2189 628 2244 collegimus:
677 2189 778 2245 quid
817 2189 896 2230 hos
935 2189 1051 2231 aliud
1090 2188 1283 2244 placavit,
1324 2188 1400 2229 nisi
1440 2188 1554 2244 quod
1567 2192 1612 2235 71

111 2242 276 2285 luctum
308 2253 351 2286 et
382 2260 603 2287 maerorem
637 2261 721 2287 non
750 2246 957 2302 putabant
987 2246 1087 2287 viri?
1122 2248 1236 2301 Ergo
1268 2245 1325 2295 id,
1347 2245 1464 2301 quod
1483 2245 1554 2286 alii

110 2308 273 2342 rectum
309 2302 543 2357 opinantes,
576 2302 818 2359 aegritudini
852 2316 894 2344 se
930 2302 1069 2344 solent
1099 2302 1267 2352 dedere,
1298 2301 1341 2342 id
1372 2302 1399 2343 ii
1430 2312 1554 2357 turpe

111 2364 308 2412 putantes
329 2359 627 2415 aegritudinem
650 2359 907 2416 repulerunt.
929 2374 980 2400 ex
1010 2374 1096 2415 quo
1115 2358 1383 2414 intelligitur,
1405 2374 1489 2399 non
1512 2359 1553 2400 in

112 2420 275 2465 natura,
296 2415 368 2457 sed
389 2415 434 2457 in
449 2415 648 2472 opinione
669 2430 761 2458 esse
780 2415 1091 2472 aegritudinem.

157 2533 193 2558 15
229 2538 282 2557 non
317 2527 686 2570 affingitur—affingimus]
729 2529 807 2560 Edd.
850 2531 949 2560 tentia
963 2530 1128 2561 substituit
1147 2529 1260 2565 babere,
1285 2539 1401 2569 nempe
1425 2540 1479 2569 pro
1496 2530 1551 2560 ha-

111 2575 187 2601 νεα.
202 2570 247 2600 sic
264 2572 337 2602 fere.
351 2573 397 2602 sic
412 2579 443 2602 et
454 2573 518 2604 Ms.
535 2573 643 2604 Guelf.
658 2573 808 2613 quaedam
851 2573 959 2603 bitare.
985 2574 1066 2604 Sane
1082 2572 1184 2602 habere
1196 2583 1251 2613 pro
1267 2573 1408 2602 habitare
1423 2574 1550 2608 dicitur,

111 2618 220 2644 tamen
243 2615 312 2645 edd.
338 2622 411 2646 vett.
437 2615 570 2656 affigitur
594 2623 626 2646 et
650 2615 808 2657 affigimus,
851 2617 905 2646 sed
935 2626 1012 2647 cum
1043 2617 1247 2647 accusativo:
1272 2616 1434 2654 nuspiam,
1465 2617 1550 2656 quod

112 2660 149 2685 ut
176 2656 266 2687 Junt.
295 2658 382 2697 quod
411 2659 507 2689 edidit
544 2660 711 2697 Gruterus,
742 2669 808 2690 non
851 2661 1032 2699 repererim,
1046 2661 1092 2691 sic
1107 2659 1209 2688 habere
1224 2669 1254 2690 v.
1271 2668 1298 2689 c.
1316 2660 1348 2690 in
1366 2657 1453 2689 urbe'.

110 2697 202 2728 bene·
899 2708 934 2737 17
961 2703 1012 2744 qui
1042 2714 1095 2732 non
1124 2709 1234 2743 putant
1269 2701 1422 2741 lugendum
1457 2699 1547 2739 viris]

156 2745 193 2770 16
216 2751 279 2770 cum
291 2753 319 2772 se
334 2742 364 2771 in
379 2754 418 2774 m.
442 2742 738 2784 stultitia—haerere]
757 2745 810 2775 sic
853 2745 1066 2777 Scribendum
1090 2745 1248 2785 putabant,
1274 2752 1329 2774 aut
1354 2751 1549 2783 putaverunt.

110 2781 190 2813 Mss.
217 2783 313 2815 etiam
341 2785 449 2816 Guelf.
473 2794 504 2816 et
528 2788 598 2817 edd.
622 2795 699 2818 vett.
727 2788 811 2818 Gru·
854 2789 992 2819 nectitur
1015 2790 1104 2820 enim
1135 2798 1212 2819 cum
1242 2787 1449 2827 sequentibus
1477 2786 1552 2828 quid

112 2833 209 2865 tetus,
230 2836 257 2858 s.
280 2827 481 2868 Gebhardus‚
511 2831 550 2861 de
571 2831 714 2862 Turnebi
738 2840 810 2863 sen-
854 2831 901 2860 hos
910 2831 1064 2870 placavit,
1079 2832 1134 2861 nisi
1151 2831 1226 2873 quod
1239 2843 1292 2861 non
1303 2829 1461 2871 putabant.

850 2885 926 2928 Y3
