1778 3095
604 170 782 208 LIBER
810 165 1048 207 PRIMUS.
1455 171 1530 204 421

107 293 201 322 esse
230 294 414 331 causam,
435 293 510 320 cur
542 277 643 318 deos
677 276 897 317 hominum
926 275 1081 316 similes
1110 277 1383 329 putaremus?
1415 277 1531 333 Quid
1542 281 1593 321 78

108 350 266 388 censes,
286 337 319 378 si
339 337 444 378 ratio
463 343 572 375 esset
590 333 632 374 in
659 332 824 374 beluis?
857 346 942 372 non
962 346 1039 372 suo
1059 344 1248 387 quasque
1267 331 1412 385 generi
1434 333 1528 388 plu·
1542 335 1612 383 28

106 393 260 434 rimum
278 393 502 434 tributuras
521 390 647 430 fuisse
666 391 677 430 ?
710 389 772 429 At
791 387 1033 429 mehercule
1053 401 1136 443 ego
1160 386 1313 441 (dicam
1334 387 1459 438 enim,
1483 399 1528 432 ut

107 450 258 502 sentio)
298 447 482 504 quamvis
516 461 654 487 amem
687 445 775 501 ipse
809 459 892 495 me,
917 453 1058 486 tamen
1091 457 1175 484 non
1206 442 1343 484 audeo
1376 442 1528 497 dicere,

106 506 358 560 pulcriorem
389 518 479 544 esse
507 517 589 552 me,
611 516 735 558 quam
755 500 826 542 ille
847 501 973 542 fuerit
990 510 1149 550 taurus,
1169 500 1242 555 qui
1262 499 1370 540 vexit
1390 500 1527 541 Euro-

104 575 218 616 pam.
274 562 374 602 Non
403 560 513 600 enim
544 559 625 600 hoc
656 559 753 599 loco
782 557 833 598 de
862 557 1054 613 ingeniis,
1084 564 1157 597 aut
1185 555 1237 596 de
1266 555 1526 598 orationibus

105 618 270 668 nostris,
290 616 362 657 sed
383 616 435 657 de
460 616 610 672 specie,
633 615 849 670 figuraque
876 614 1089 670 quaeritur.
1149 611 1278 668 Quod
1306 612 1340 652 si
1370 612 1526 667 fingere

103 673 238 723 nobis,
260 682 302 714 et
315 673 496 728 jungere
515 673 670 713 formas
691 671 889 712 velimus:
922 670 1055 726 qualis
1079 668 1149 710 ille
1178 668 1412 710 maritimus
1432 669 1525 710 Tri-
1535 683 1566 713 P·
1583 681 1631 710 17-

101 738 175 770 ton
195 729 395 784 pingitur,
417 729 656 770 natantibus
682 736 697 759 8
713 727 906 769 invehens
931 726 1081 778 beluis,
1102 725 1310 782 adjunctis
1335 725 1523 767 humano
1534 726 1563 748 ²·

100 786 292 840 corpori3
325 785 430 826 nolis
461 787 580 826 esse?
612 784 785 826 Difficili
813 784 855 824 in
884 783 980 824 loco
1009 797 1161 825 versor.
1220 783 1296 823 Est
1324 782 1435 822 enim
1464 782 1524 823 vis

99 850 216 882 tanta
235 852 408 892 naturae,
428 852 475 883 ut
503 842 633 883 homo
661 855 785 882 nemo
812 840 910 881 velit
936 840 1014 881 nisi
1040 838 1223 881 hominis
1250 838 1396 879 similis
1417 852 1523 879 esse.

98 898 154 938 Et
187 898 358 953 quidem
389 899 565 940 formica
597 898 799 939 formicae.
859 896 942 937 Sed
975 906 1117 937 tamen
1150 895 1270 952 cujus
1306 894 1586 942 hominis?79

97 964 253 1009 quotus
283 956 393 995 enim
424 955 602 1010 quisque
631 954 841 994 formosus
869 954 960 993 est?
992 952 1173 993 Athenis
1201 967 1297 992 cum
1330 966 1479 1002 essem,
1499 966 1522 992 e

93 1011 295 1066 gregibus
323 1011 583 1066 epheborum
603 1011 668 1051 vix
688 1008 842 1065 singuli
865 1009 1188 1065 reperiebantur.
1246 1008 1400 1058 Video,
1421 1008 1522 1064 quid

96 1068 294 1108 arriseris.
322 1068 393 1108 sed
412 1077 552 1108 tamen
572 1067 630 1108 ita
649 1081 712 1108 res
733 1081 777 1107 se
798 1066 940 1107 habet.
979 1065 1146 1107 Deinde
1168 1064 1303 1115 nobis,
1325 1065 1396 1120 qui
1417 1079 1520 1105 con-

94 1123 338 1165 cedentibus
367 1123 630 1180 philosophis
660 1122 857 1179 antiquis,
893 1121 1217 1164 adolescentulis
1250 1121 1521 1172 delectamur,

92 1180 217 1220 etiam
257 1181 354 1221 vitia
388 1195 499 1236 saepe
531 1180 720 1236 jucunda
753 1187 863 1221 sunt.
922 1181 1078 1220 Naevus
1110 1179 1151 1219 in
1190 1177 1368 1218 articulo
1403 1177 1521 1232 pueri

95 1244 114 1269 9
137 1236 373 1278 delectabat
399 1238 609 1278 Alcaeum.
640 1246 683 1278 at
702 1246 766 1277 est
787 1235 971 1291 corporis
992 1235 1171 1285 macula,
1192 1249 1345 1275 naevus.
1374 1233 1436 1274 illi
1455 1243 1518 1274 ta·

94 1307 191 1332 men
213 1293 294 1334 hoc
314 1294 456 1334 lumen
476 1294 706 1334 videbatur.
746 1294 801 1349 Q.
823 1291 1017 1341 Catulus,
1037 1291 1164 1347 hujus
1184 1291 1377 1346 collegae,
1394 1299 1437 1331 et
1456 1290 1518 1331 fa-

93 1349 265 1390 miliaris
296 1351 426 1391 nostri
455 1361 586 1405 pater,
607 1349 750 1390 dilexit
779 1349 1034 1404 municipem
1066 1358 1186 1389 tuum
1220 1347 1444 1389 Roscium:
1476 1346 1518 1387 in

92 1419 216 1460 quem
239 1406 366 1447 etiam
388 1406 492 1447 illud
512 1416 575 1447 est
596 1406 712 1463 ejus:

200 1486 431 1527 Constitcram
451 1487 644 1529 morientem
663 1485 922 1534 auroramforte
940 1485 1107 1530 salutans,

253 1539 338 1575 Cum
359 1539 465 1576 subito
484 1554 506 1576 a
526 1541 620 1576 laeva
642 1540 777 1575 Roscius
797 1539 955 1576 exoritur.

195 1592 287 1629 Pace
307 1592 386 1628 mibi
404 1593 512 1635 liceat,
534 1593 687 1633 caelestes,
706 1592 811 1628 dicere
829 1601 960 1636 vestra,

249 1646 412 1682 Illortalis
431 1647 528 1682 visus
541 1646 691 1696 pulcrior
707 1658 774 1682 esse
791 1643 859 1682 dcv.

90 1730 219 1782 Huic,
250 1730 329 1772 deo
360 1731 558 1787 pulcrior.
590 1741 633 1772 at
662 1739 765 1781 erat,
796 1731 903 1772 sicut
935 1730 1061 1771 hodie
1090 1739 1168 1780 est,
1200 1729 1518 1785 perversissimis

88 1786 236 1827 oculis.
296 1788 412 1844 Quid
436 1789 589 1829 refert?
623 1788 657 1829 si
687 1788 768 1829 hoc
798 1788 935 1843 ipsum
970 1787 1125 1828 salsum
1150 1787 1210 1827 illi
1232 1796 1276 1827 et
1296 1796 1516 1827 venustum

88 1843 318 1884 videbatur.
379 1845 522 1885 Redeo
553 1844 604 1885 ad
636 1845 751 1895 deos,
772 1859 928 1900 ecquos
952 1844 985 1884 si
1007 1858 1090 1884 non
1112 1853 1197 1884 tam
1220 1844 1451 1893 strabones,
1474 1851 1517 1884 at
1530 1843 1601 1898 29

88 1899 269 1953 paetulos
305 1915 394 1941 esse
431 1901 710 1942 arbitramur?
744 1915 899 1956 ecquos
934 1915 1096 1940 naevum
1129 1900 1318 1940 habere?
1360 1913 1515 1954 ecquos
1530 1917 1581 1949 80

88 1955 203 2006 silos,
234 1957 400 2005 flaccoe„
431 1958 660 2008 frontones,
695 1959 924 2012 capitones,
958 1972 1052 2012 quae
1085 1966 1182 1997 sunt
1208 1956 1250 1996 in
1281 1955 1430 1996 nobis?
1464 1970 1516 1996 an

89 2012 231 2053 omnia
265 2013 486 2054 emendata
515 2014 557 2054 in
587 2014 696 2054 illis?
729 2014 852 2054 detur
882 2013 925 2054 id
956 2013 1086 2054 vobis.
1144 2014 1263 2053 Num
1295 2012 1421 2052 etiam
1452 2022 1516 2053 est

87 2082 171 2108 una
202 2070 392 2110 omnium
422 2070 575 2110 facies?
610 2085 703 2111 nam
727 2071 759 2111 si
782 2070 944 2125 plures:
976 2070 1100 2110 aliam
1121 2084 1210 2110 esse
1230 2069 1310 2110 alia
1330 2068 1514 2124 pulcrio-

87 2138 174 2164 rem
200 2140 367 2166 necesse
390 2135 466 2166 est.
527 2127 665 2181 Igitur
696 2127 843 2182 aliquis
873 2141 957 2167 non
987 2126 1264 2181 pulcerrimus
1295 2125 1411 2166 deus.
1472 2125 1515 2165 Si

86 2195 170 2221 una
201 2183 390 2223 omnium
423 2183 550 2223 facies
580 2193 656 2233 est,
676 2184 822 2224 florere
851 2183 892 2223 in
918 2183 1024 2223 caelo
1048 2182 1324 2223 Academiam
1348 2195 1517 2222 necesse

85 2247 163 2277 est.
223 2239 266 2278 Si
297 2239 407 2279 enin]
443 2239 545 2280 nihil
577 2240 682 2280 inter
711 2240 852 2290 deum,
882 2250 924 2281 et
955 2239 1078 2280 deum
1111 2239 1276 2288 differt3
1308 2238 1422 2278 nulla
1451 2246 1516 2277 est

85 2293 197 2347 apud
218 2294 318 2336 deos
340 2296 545 2351 cognitio,
570 2297 683 2337 nulla
710 2297 938 2351 perceptiO.
998 2294 1127 2351 Quid,
1149 2294 1180 2334 si
1202 2294 1343 2344 etiam,
1363 2293 1514 2343 Vellei,
1529 2308 1573 2339 81

84 2350 236 2391 falsum
260 2352 362 2392 illud
384 2353 556 2394 omnino
584 2363 661 2404 est,
684 2353 840 2394 nullam
862 2352 986 2393 aliam
1008 2352 1127 2391 nobis
1146 2351 1198 2390 de
1220 2350 1301 2391 deo
1323 2350 1513 2404 cogitan-
1526 2355 1558 2385 b.

85 2405 198 2447 tibus
221 2408 419 2462 speciem,
443 2409 518 2449 nisi
541 2410 721 2450 hominis
743 2423 960 2451 occurrere
979 2409 991 2448 ?
1017 2416 1211 2448 tamenne
1233 2407 1312 2447 ista
1332 2417 1419 2446 tam
1441 2407 1514 2446 ab·

86 2463 209 2502 surda
231 2465 428 2506 defendes
448 2467 460 2506 ?
495 2466 614 2507 nobis
636 2466 810 2507 fortasse
841 2466 874 2506 si
906 2464 1101 2514 occurrit,
1122 2473 1170 2504 ut
1190 2463 1291 2503 dicis
1312 2479 1320 2503 :
1352 2464 1515 2514 jovem,

85 2518 311 2570 Junonem,
333 2523 583 2573 Minervam,
610 2524 874 2578 Neptunum,
893 2522 1147 2570 Vulcanum,
1168 2519 1428 2575 Apollinem,
1449 2533 1515 2559 re-

84 2574 224 2629 liquos
245 2576 360 2627 deos,
383 2593 431 2618 ea
453 2580 557 2620 facie
579 2579 784 2629 norimus,
804 2593 887 2634 qua
916 2578 1098 2633 pictores
1129 2577 1377 2631 fictoresque
1398 2575 1517 2617 volu-

86 2641 238 2671 erunt:
271 2647 403 2688 neque
436 2636 573 2676 colum
608 2636 728 2686 facie,
762 2636 835 2676 sed
866 2635 990 2675 etiam
1024 2644 1188 2683 ornatu,
1224 2642 1361 2682 aetate,
1391 2641 1516 2688 atque

84 2687 250 2728 vestitu.
282 2698 324 2729 at
354 2705 434 2730 non
457 2692 670 2748 AEgyptii,
691 2706 765 2733 nec
787 2692 897 2748 Syri,
919 2705 994 2732 nec
1022 2690 1107 2730 fere
1132 2698 1284 2730 cuncta
1311 2688 1515 2729 barbaria.⁵

88 2742 290 2785 firmiores
318 2746 428 2786 enim
449 2748 586 2789 videas
607 2748 719 2804 apud
740 2763 812 2789 eos
834 2748 1053 2803 opiniones
1074 2761 1163 2787 esse
1186 2745 1237 2786 de
1258 2745 1401 2785 bestiis
1423 2744 1516 2799 quie

130 2851 147 2874 8
171 2845 306 2876 invehens
332 2845 437 2887 beluis]
465 2857 497 2877 v.
524 2847 613 2879 Clam
640 2849 673 2878 in
697 2848 781 2878 inve-
870 2855 887 2879 9
907 2846 1029 2876 delectat
1057 2845 1204 2884 Alcaeum]
1239 2847 1312 2884 Leg.
1347 2843 1520 2875 delectabat,

86 2885 162 2917 hare.
826 2899 903 2918 nam
920 2897 950 2919 et
963 2899 1040 2920 mox
1057 2896 1103 2920 est
1118 2888 1285 2918 videbatur.
1518 2902 1521 2903 ⁷

827 2943 936 2984 Eess
