1768 3095
174 97 245 129 138
484 92 554 129 DE
583 93 738 130 FINIB.
761 93 958 133 BONOR.
980 95 1046 132 ET
1073 94 1281 132 MALOR.

167 199 241 240 bat
259 200 286 252 ε)
311 198 368 240 sic
389 197 577 254 ejusdem
600 206 898 240 testamentum
920 215 1002 241 non
1026 200 1161 241 solum
1184 215 1209 240 a
1227 199 1470 255 philosophi
1498 215 1597 256 gra-

168 255 308 306 vitate,
327 255 398 296 sed
418 256 544 296 etiam
565 256 618 296 ab
638 255 766 310 ipsius
788 257 991 297 sententia
1004 256 1151 312 judico
1169 257 1417 312 discrepare.
1434 258 1599 312 scripsit

169 313 296 362 enim,
315 322 357 353 et
377 312 522 353 multis
552 327 662 367 saepe
692 313 838 363 verbis,
859 324 900 354 et
922 313 1099 354 breviter
1129 323 1320 368 apteque,
1342 313 1383 353 in
1404 327 1455 353 eo
1475 313 1599 364 libro,

171 384 298 425 quem
330 368 457 409 modo
487 369 712 419 nominavi,
737 377 906 409 mortem
936 369 1041 410 m'szil
1070 370 1124 410 ad
1152 386 1222 410 7105
1245 370 1462 424 pertinere.
1495 370 1602 425 quod

61 436 94 466 P·
110 430 160 456 86·
173 425 279 467 eni-m
298 424 536 466 dissolutum
557 425 625 476 sit,
649 425 691 465 id
716 441 797 466 esse
812 426 897 465 sine
924 441 1039 466 sensu
1055 444 1067 466 .·
1100 427 1207 481 quod
1226 434 1359 467 autem
1380 425 1466 466 sine
1484 440 1601 467 sensu

131 478 150 498 ἃ
172 482 240 532 sit,
274 482 317 522 id
345 481 451 522 nihil
483 481 642 522 omnino
663 483 718 521 ad
746 497 814 522 7105
842 482 1059 535 pertinere.
1091 482 1172 523 hoc
1204 484 1341 537 ipsum
1363 482 1601 537 elegantius

170 539 285 593 poni,
322 538 555 594 meliusque
588 538 743 593 potuit.
774 553 868 577 nam
905 538 1019 593 quod
1052 538 1111 579 ita
1144 540 1327 594 positum
1360 548 1437 590 est,
1471 539 1601 595 Quod

171 595 423 635 dissolutum
454 595 521 645 sit,
552 594 594 635 id
623 608 712 634 esse
743 595 828 634 sine
862 608 997 643 sensu,
1025 594 1065 634 id
1097 595 1303 650 ejusmodi
1334 605 1415 644 est,
1440 605 1488 636 ut
1518 609 1602 636 non

86 665 154 696 101
172 651 272 692 satis
293 651 414 706 plane
435 650 560 702 dicat,
579 650 679 706 quid
709 650 763 690 sit
792 649 1057 691 dissolutum.
1118 651 1199 691 Sed
1229 660 1366 692 tamen
1397 651 1605 707 intelligo,

172 708 272 763 quid
292 708 401 749 velit.
433 722 575 763 quaero
596 716 753 755 autem,
775 706 874 761 quid
906 707 972 756 sit,
993 707 1107 762 quod
1127 722 1224 748 cum
1251 708 1541 758 dissolutione,
1560 707 1605 748 id

171 774 249 816 est,
270 775 421 814 morte,
442 778 584 804 sensus
615 763 751 803 omnis
778 763 1097 818 exstinguatur3
1129 773 1172 804 et
1201 778 1296 804 cum
1330 763 1477 818 reliqui
1499 763 1602 804 nihil

171 821 224 861 sit
257 821 444 870 omnino,
476 820 590 876 quod
621 820 824 875 pertineat
855 820 906 860 ad
939 835 1043 861 nos:
1077 831 1163 861 tam
1195 829 1402 870 accurate,
1433 830 1604 875 tamque

170 877 395 932 diligenter
415 886 557 918 caveat
587 885 629 917 et
659 877 831 927 sanciat,
852 884 897 917 ut
917 876 1268 932 Amynomachus,
1283 884 1322 917 et
1344 876 1604 926 Timocrates,

173 933 332 974 heredes
352 934 429 983 sui,
452 935 499 974 de
525 933 742 974 Hemnaclzi
762 933 960 974 sententia
977 933 1087 984 dent,
1107 934 1214 989 quod
1230 933 1330 974 satis
1351 932 1404 973 sit
1425 932 1479 972 ad
1497 931 1604 972 die-m

173 991 374 1046 ogendzmz
405 989 586 1031 natalem
616 1005 729 1031 suum
763 990 994 1045 quoldum-5,
1021 1005 1153 1034 mense
1188 989 1424 1039 Gamelione
1442 1006 1454 1029 .·
1486 989 1605 1029 item-

174 1062 251 1105 (jue
271 1047 452 1087 omnibus
472 1046 684 1097 mensibus,
704 1046 886 1087 vicesimo
920 1046 983 1087 die
1013 1045 1137 1097 lzmoe,
1159 1047 1252 1087 dent
1275 1046 1328 1086 ad
1349 1061 1484 1086 eoram
1505 1056 1603 1100 epu—

175 1105 250 1154 las,
273 1104 343 1159 qui
372 1119 455 1144 una
487 1118 618 1144 secum
647 1103 921 1158 philosophati
949 1103 1045 1153 sint,
1069 1111 1112 1143 ut
1144 1110 1182 1143 et
1213 1103 1288 1152 sui,
1311 1110 1347 1142 et
1375 1101 1604 1142 Nletrodorz'

89 1168 160 1198 102
174 1160 366 1201 memoria
388 1160 557 1201 colatur.
616 1162 722 1201 Haec
743 1175 825 1215 ego
847 1175 930 1200 non
951 1173 1123 1213 possum
1155 1159 1291 1199 dicere
1312 1174 1394 1199 non
1417 1172 1506 1198 esse
1527 1157 1606 1198 ho-

173 1218 297 1258 minis
328 1226 369 1258 et
400 1217 514 1267 belli,
534 1226 576 1257 et
610 1217 808 1265 humaui3
839 1217 1036 1270 sapientis
1068 1230 1163 1256 vero
1194 1215 1310 1255 nullo
1330 1215 1474 1264 modo,
1496 1213 1607 1269 phy-

172 1274 247 1315 sici
268 1274 516 1329 praesertim,
538 1281 575 1308 73
593 1288 717 1328 quem
741 1287 783 1312 se
802 1273 871 1312 ille
892 1273 992 1322 vult,
1012 1281 1158 1327 putare
1178 1271 1313 1312 ullum
1344 1285 1434 1311 esse
1463 1270 1607 1326 eujus-

173 1346 299 1386 quam
322 1330 432 1370 diem
456 1330 652 1370 natalem.
712 1329 855 1385 Quid?
891 1343 1035 1369 verene
1061 1337 1199 1383 potest
1221 1342 1310 1368 esse
1331 1327 1419 1367 dies
1439 1327 1609 1382 saepius,

174 1387 246 1443 qui
276 1387 403 1427 semel
436 1386 546 1427 fuit?
580 1394 692 1426 certe
725 1401 807 1426 non
842 1394 995 1440 potest.
1028 1400 1079 1425 an
1110 1383 1446 1440 ejusdemmodi?
1481 1398 1532 1423 ne
1565 1383 1609 1424 id

174 1443 361 1499 quidem,
400 1443 477 1484 nisi
511 1458 607 1484 cum
640 1442 774 1482 multa
806 1457 1009 1482 annorum
1046 1440 1354 1481 intercesserint
1385 1439 1530 1490 millia,
1562 1449 1618 1484 ut,

173 1501 365 1541 omnium
399 1499 581 1540 siderum
614 1498 782 1548 eodem,
814 1498 923 1538 unde
958 1498 1146 1552 profecta
1175 1498 1271 1547 siut,
1296 1497 1366 1537 fiat
1390 1496 1443 1536 ad
1474 1511 1606 1536 unum

174 1565 342 1612 tempus
374 1556 581 1597 reversio:
613 1555 752 1595 nullus
788 1566 851 1595 est
883 1554 1012 1609 igitur
1042 1554 1290 1609 cujusquam
1324 1553 1413 1593 dies
1446 1552 1620 1599 natalis„

173 1614 235 1654 At
256 1614 447 1654 habetur.
494 1614 547 1652 Et
568 1627 651 1667 ego
672 1611 713 1651 id
736 1611 894 1651 scilicet
915 1610 1165 1650 nesciebam.
1189 1609 1277 1660 sed,
1298 1618 1345 1649 ut
1367 1609 1436 1658 sit,
1457 1608 1622 1656 etiams

174 1684 225 1710 ne
246 1680 341 1724 post
361 1678 542 1709 mortem
564 1668 727 1709 coletur
747 1685 755 1707 ε
788 1667 912 1722 idque
944 1675 1197 1707 testamento
1226 1666 1389 1706 cavebit
1409 1665 1457 1715 is,
1480 1673 1518 1701 74
1537 1666 1625 1721 (μή

173 1727 291 1766 vobis
323 1725 437 1781 quasi
476 1725 694 1765 oraculum
725 1723 916 1773 ediderit,
948 1723 1049 1763 nihil
1083 1722 1134 1762 ad
1169 1737 1244 1762 nos
1275 1722 1484 1776 pertinere
1512 1730 1611 1777 post

174 1792 354 1823 mortem
378 1783 390 1822 ?
426 1783 533 1821 Haec
567 1796 648 1821 non
682 1790 799 1820 erant
829 1780 935 1834 ejuS,
956 1779 1027 1834 qui
1059 1778 1382 1819 innumerabiles
1412 1778 1610 1828 mundos,

174 1839 438 1894 infinitasque
457 1838 666 1893 regiones,
687 1851 863 1892 quarum
896 1836 1010 1876 nulla
1038 1844 1149 1876 esset
1168 1849 1254 1884 ora,
1278 1834 1393 1874 nulla
1412 1835 1608 1875 extremi·

174 1904 252 1946 tas,
272 1905 412 1936 mente
432 1894 746 1949 peragravisset,
767 1892 970 1948 numquid
993 1892 1075 1932 tale
1094 1891 1396 1932 Democritus?
1431 1899 1479 1931 ut
1508 1891 1613 1932 alios

92 1953 162 1985 103
178 1952 388 2002 omittam,
410 1951 522 1991 hunc
543 1950 724 2005 appelle,
745 1964 867 2005 quem
891 1948 960 1989 ille
981 1963 1113 1989 unum
1144 1957 1313 1989 secutus
1342 1956 1420 1987 est.
1479 1946 1610 2004 Quod

177 2009 211 2050 si
230 2008 318 2049 dies
339 2006 548 2048 notandus
578 2007 672 2055 fuit,
693 2020 844 2046 eumne
874 2005 1030 2060 potius,
1053 2019 1138 2060 quo
1160 2012 1297 2054 natus,
1317 2018 1370 2043 an
1390 2018 1502 2052 eum,
1525 2018 1611 2058 quo

177 2065 340 2120 sapiens
371 2065 506 2104 factus
543 2060 770 2104 est?‘N0n
804 2063 959 2118 potuit,
991 2061 1167 2117 inquies,
1202 2060 1287 2100 fieri
1322 2060 1500 2114 sapiens,
1532 2059 1612 2099 nisi

176 2129 298 2162 natus
330 2130 452 2173 esset.
484 2129 526 2160 et
555 2119 636 2160 isto
667 2119 797 2159 modo
826 2134 877 2159 ne
909 2119 943 2159 si
972 2119 1061 2158 avia
1090 2116 1256 2173 quidem
1289 2116 1380 2171 ejus
1408 2125 1505 2156 nata
1525 2130 1611 2156 non

177 2183 318 2219 esset.>
362 2178 442 2218 Res
476 2184 582 2227 tota,
616 2177 842 2231 Torquate,
882 2175 1215 2215 non-doctorum
1250 2172 1486 2222 hominum,
1507 2171 1612 2213 velle

134 2236 167 2266 b.
178 2242 276 2289 post
296 2235 477 2274 mortem
509 2233 643 2288 epulis
674 2232 874 2272 celebrari
906 2231 1151 2271 memoriam
1186 2229 1249 2270 sui
1280 2229 1474 2269 nominis.
1505 2243 1621 2283 quos

178 2290 349 2346 quidem
370 2289 456 2339 dies
477 2289 836 2344 quemadmodum
867 2288 1016 2343 agatis,
1037 2297 1079 2327 et
1098 2288 1139 2327 in
1162 2293 1360 2342 quantam
1391 2284 1619 2335 hominum,

177 2348 411 2388 facetorum
432 2346 711 2387 urbanitatem
735 2344 969 2397 incurratis,
991 2359 1074 2384 non
1095 2344 1205 2384 dico.
1266 2341 1388 2383 Nihil
1412 2356 1519 2396 opus
1548 2350 1619 2390 est,

176 2403 336 2444 litibus.
356 2411 520 2444 tantum
542 2402 653 2450 dico,
673 2402 807 2456 magis
825 2401 952 2441 fuisse
971 2409 1150 2441 vestrum
1171 2414 1297 2454 agere
1315 2398 1484 2453 Epicuri
1501 2397 1612 2438 diem

180 2460 378 2510 natalem,
400 2474 526 2514 quam
547 2458 657 2499 illius
681 2465 933 2498 testamento
954 2471 1111 2506 cavere,
1128 2465 1175 2496 ut
1195 2466 1405 2510 ageretur.

98 2513 166 2561 32
238 2516 336 2566 Sed,
357 2525 404 2556 ut
436 2515 488 2555 ad
518 2514 782 2569 propositum
818 2521 1084 2561 revertamur,
1110 2512 1178 2566 (de
1209 2512 1355 2552 dolore
1381 2510 1493 2550 enim
1515 2524 1614 2551 cum

96 2588 168 2620 104
182 2573 429 2622 diceremus,
466 2571 519 2611 ad
554 2571 677 2610 istam
713 2570 935 2625 epistolam
970 2568 1098 2609 delati
1133 2570 1295 2619 sumus)
1332 2581 1442 2607 nunc
1477 2574 1614 2607 totum

224 2704 262 2732 73
281 2706 362 2738 quem
379 2706 405 2723 se
422 2693 472 2722 ille
495 2704 550 2722 esse
571 2692 653 2730 vult]
680 2692 789 2722 Delevi
808 2703 873 2727 esse,
965 2697 1003 2725 74
1021 2691 1071 2731 qui
1086 2690 1166 2720 vobis
1185 2690 1268 2731 quasi
1282 2689 1427 2720 oraculum
1444 2689 1501 2728 μὴ]
1520 2691 1618 2720 Davi-

180 2747 216 2771 ut
239 2740 332 2770 alibi:
357 2738 442 2777 quod
462 2746 545 2776 saepe
570 2736 720 2765 intrusere
747 2735 875 2771 librarii,
920 2734 984 2763 sius
1001 2733 1090 2769 nobis,
1107 2740 1137 2763 et
1152 2734 1196 2763 sic
1213 2733 1317 2772 plures
1333 2733 1415 2762 libri.
1438 2733 1491 2762 sed
1508 2731 1622 2773 vulgass

180 2785 235 2814 ubi
266 2782 441 2820 elegantius
467 2779 623 2809 omittitur
639 2792 644 2808 :
676 2787 874 2818 quamquam
921 2784 991 2806 tum
1010 2776 1144 2806 melius:
1170 2777 1303 2815 pertinet
1320 2776 1407 2806 enim
1424 2776 1462 2806 ad
1477 2776 1620 2816 discipu-⁷

177 2828 246 2867 jam
262 2826 376 2856 delevit
391 2824 560 2854 Victorius.
921 2820 976 2853 los,
995 2829 1059 2849 non
1076 2820 1114 2849 ad
1129 2829 1241 2849 omnes
1258 2819 1346 2849 alios.
1569 2825 1577 2827 ”
