1778 3095
224 112 303 146 280
568 107 822 148 TUSCUL.
853 110 1303 149 QUAESTIONUM

180 209 212 256 2
227 213 508 271 philosophiae
527 216 879 274 vituperatoribus
909 218 1201 273 respondimus
1222 219 1264 260 in
1286 219 1544 262 Hortensio:
1575 233 1653 276 pro

226 271 459 313 Academia
479 282 617 314 autem
647 290 741 330 quae
772 274 949 315 dicenda
969 285 1122 326 essent,
1143 275 1241 317 satis
1263 285 1455 316 accurate
1475 276 1518 317 in
1538 277 1653 318 Aca-

226 327 400 369 demicis
422 339 622 385 quattuor
642 331 757 372 libris
778 331 983 386 explicata
1003 332 1273 373 arbitramur:
1307 332 1378 373 sed
1398 341 1538 373 tamen
1559 342 1653 374 tan-

225 393 317 426 tum
338 386 469 437 abest,
492 397 539 428 ut
561 388 686 428 scribi
706 396 852 428 contra
873 402 947 428 nos
969 388 1166 438 nolimus,
1186 398 1233 429 ut
1252 388 1295 429 id
1318 388 1445 430 etiam
1472 389 1652 431 maxime

225 450 434 497 optemus.
466 443 507 484 in
540 444 631 499 ipsa
661 445 771 484 enim
804 444 970 484 Graecia
997 444 1265 500 philosophia
1293 454 1411 486 tanto
1432 446 1473 485 in
1495 445 1654 487 honore

225 513 457 554 numquam
478 500 639 550 fuisset,
660 501 738 541 nisi
757 499 1099 541 doctissimorum
1128 502 1468 543 contentionibus
1490 501 1653 543 dissen-

223 555 495 614 sionibusque
513 557 725 612 viguisset.

189 616 211 647 5
282 611 571 653 Quamobrem
595 613 742 654 hortor
761 628 922 664 omnes,
946 613 1017 669 qui
1037 614 1172 655 facere
1193 613 1235 654 id
1254 624 1443 670 possunt,
1462 624 1510 656 ut
1526 614 1654 672 hujus

93 672 123 703 P·
142 668 211 698 ¹7⁵·
227 683 395 724 quoque
427 670 595 724 generis
628 669 797 710 laudem
821 669 913 726 jam
947 670 1165 725 languenti
1191 672 1366 712 Graeciae
1398 673 1589 727 eripiant,
1611 680 1656 713 et

184 716 212 736 ‘³'
225 725 434 780 perferant
454 726 497 766 in
516 726 623 767 hanc
643 726 807 777 urbem,
831 726 939 767 sicut
967 727 1147 782 reliquas
1178 742 1339 777 omnes,
1360 744 1454 784 quae
1480 728 1652 784 quidem

225 791 343 822 erant
375 782 634 837 expetendae,
658 783 796 823 studio
827 793 953 839 atque
983 783 1186 824 industria
1211 799 1286 825 sua
1312 785 1493 840 majores
1522 785 1654 826 nostri

224 838 542 879 transtulerunt.
601 839 745 895 Atque
770 849 788 874 9
804 851 1020 884 oratorum
1051 840 1221 895 quidem
1247 840 1337 881 laus
1367 842 1425 882 ita
1454 842 1581 882 ducta
1601 842 1654 882 ab

225 894 389 945 humili,
408 895 519 936 venit
539 894 593 936 ad
614 910 843 947 summum,
864 906 911 937 ut
925 897 1032 952 jam,
1053 897 1169 952 quod
1191 906 1336 938 natura
1355 899 1434 939 fert
1456 899 1496 939 in
1517 899 1654 939 omni-

224 951 304 991 bus
335 952 419 991 fere
452 953 589 1002 rebus,
610 964 812 1003 senescat,
832 955 1028 1009 brevique
1049 963 1239 1008 tempore
1273 954 1325 994 ad
1356 954 1532 996 nihilum
1555 969 1653 995 ven-

226 1016 319 1048 tura
340 1007 539 1049 videatur.
574 1018 611 1041 10
625 1009 892 1065 philosophia
912 1021 1105 1051 nascatur
1125 1011 1284 1051 Latinis
1306 1011 1473 1066 quidem
1505 1011 1654 1052 litteris

225 1078 276 1104 ex
297 1064 361 1105 his
385 1065 661 1120 temporibus,
682 1081 857 1122 eamque
878 1081 952 1107 nos
973 1066 1242 1121 adjuvemus:
1275 1082 1435 1122 nosque
1456 1068 1568 1123 ipsos
1589 1082 1654 1108 re-

224 1120 374 1175 dargui
395 1121 609 1177 refellique
635 1123 858 1177 patiamur.
889 1123 1005 1178 quod
1025 1123 1052 1162 ii
1073 1124 1212 1163 ferunt
1233 1124 1374 1164 animo
1404 1125 1561 1179 iniquo,
1583 1125 1654 1179 qui

224 1178 348 1218 certis
382 1178 633 1233 quibusdam
671 1179 971 1234 destinatisque
1008 1180 1222 1219 sententiis
1258 1180 1375 1234 quasi
1409 1181 1580 1231 addicti,
1610 1190 1654 1222 et

223 1235 456 1275 consecrati
490 1244 599 1285 sunt,
620 1249 753 1290 eaque
784 1235 1032 1276 necessitate
1065 1236 1296 1285 constricti,
1317 1246 1378 1285 ut,
1400 1237 1526 1276 etiam
1560 1251 1653 1291 quae

225 1305 309 1331 non
340 1291 517 1345 probare
550 1291 726 1341 soleant,
756 1307 806 1332 ea
841 1301 1050 1346 cogantur
1077 1293 1324 1333 constantiae
1355 1307 1481 1333 causa
1513 1293 1657 1333 defen-

225 1346 337 1387 dere.
360 1362 449 1397 nos,
469 1347 542 1402 qui
562 1348 777 1403 sequimur
797 1348 1042 1403 probabilia,
1062 1363 1137 1388 nec
1162 1357 1194 1380 11
1208 1349 1317 1389 ultra
1336 1349 1393 1399 id,
1415 1349 1530 1404 quod
1550 1350 1656 1390 veri-

224 1403 361 1444 simile
382 1405 623 1455 occurrerit,
645 1405 845 1460 progredi
864 1419 1102 1460 possumuS,
1134 1414 1175 1446 et
1205 1405 1393 1446 refellere
1414 1406 1500 1446 sine
1529 1406 1660 1462 perti-

226 1460 360 1511 nacia,
382 1470 425 1502 et
445 1461 579 1501 refelli
599 1462 686 1502 sine
705 1462 918 1503 iracundia
938 1462 1069 1516 parati
1091 1477 1251 1503 sumus.

190 1514 216 1551 6
283 1517 413 1574 Quod
444 1518 476 1558 si
507 1517 598 1558 haec
631 1518 769 1559 studia
799 1519 993 1560 traducta
1013 1528 1135 1559 erunt
1155 1519 1206 1559 ad
1230 1528 1410 1569 nostros,
1429 1534 1480 1559 ne
1501 1518 1653 1560 biblio-

226 1573 360 1615 thecis
380 1574 549 1630 quidem
573 1575 734 1615 Graecis
755 1576 988 1630 egebimus,
1011 1575 1053 1616 in
1073 1576 1225 1630 quibus
1248 1575 1475 1616 multitudo
1495 1575 1657 1617 infinita

223 1630 428 1672 librorum
449 1639 620 1686 propter
643 1646 791 1672 eorum
825 1641 889 1672 est
918 1632 1247 1682 multitudinem,
1270 1632 1342 1687 qui
1371 1632 1627 1687 scripserunt
1641 1649 1654 1684 ;

224 1687 368 1728 eadem
389 1688 501 1728 enim
533 1687 728 1729 dicuntur
747 1703 771 1728 a
790 1688 960 1738 multis3
992 1703 1043 1729 ex
1074 1703 1158 1744 quo
1187 1689 1302 1729 libris
1323 1689 1464 1728 omnia
1484 1689 1656 1730 referse-

223 1753 336 1784 runt.
367 1744 483 1800 quod
514 1744 675 1785 accidet
709 1745 836 1785 etiam
870 1745 1037 1794 nostris,
1070 1746 1103 1785 si
1134 1745 1187 1785 ad
1219 1745 1309 1786 haee
1343 1745 1481 1785 studia
1515 1745 1655 1800 plures

224 1801 514 1842 confluxerint.
537 1801 611 1841 sed
632 1816 718 1851 eos,
740 1801 774 1842 si
803 1816 1043 1856 possumUS,
1065 1802 1311 1852 excitemus,
1333 1802 1403 1856 qui
1428 1801 1657 1844 liberaliter

224 1857 390 1908 eruditi,
425 1857 618 1898 adhibita
648 1858 773 1898 etiam
808 1858 1035 1898 disserendi
1069 1858 1295 1913 elegantia,
1327 1858 1487 1898 ratione
1519 1866 1562 1899 et
1592 1858 1657 1899 via

177 1910 587 1970 3philosophantur.
648 1916 725 1955 Est
757 1915 867 1955 enim
902 1914 1116 1970 quoddam
1153 1930 1288 1970 genus
1320 1929 1481 1965 eorum,
1513 1915 1585 1970 qui
1613 1929 1657 1956 se

187 1970 504 2026 7philosophos
535 1970 732 2026 appellari
765 1971 924 2021 volunt,
953 1986 1134 2026 quorum
1168 1971 1366 2012 dicuntur
1394 1985 1484 2012 esse
1517 1971 1656 2013 Latini

224 2041 322 2068 sane
342 2027 466 2068 multi
486 2028 583 2068 libri
601 2044 609 2067 ε
643 2043 750 2083 quos
781 2043 864 2068 non
895 2036 1123 2068 contemno
1144 2028 1356 2084 equidem,
1377 2029 1531 2083 quippe
1550 2043 1656 2084 quos

225 2099 455 2139 numquam
492 2083 666 2139 legerim
687 2101 695 2124 :
737 2084 808 2124 sed
843 2085 941 2140 quia
971 2084 1220 2139 profitentur
1255 2084 1333 2140 ipsi
1366 2084 1440 2134 illi,
1480 2084 1551 2140 qui
1583 2099 1656 2125 eos

225 2141 428 2191 scribunt,
450 2155 493 2181 se
515 2154 650 2196 neque
671 2140 881 2192 distincte,
903 2155 1039 2197 neque
1069 2141 1305 2191 distribute,
1327 2155 1463 2196 neque
1484 2141 1654 2196 elegan-

224 2205 301 2248 ter,
323 2212 458 2253 neque
479 2206 624 2238 ornate
645 2198 851 2248 scribere3
883 2197 1107 2238 lectionem
1139 2197 1227 2238 sine
1257 2198 1344 2238 ulla
1374 2197 1654 2238 delectatione

180 2265 211 2297 b.
224 2254 410 2310 negligo.
443 2253 543 2310 quid
564 2253 674 2294 enim
698 2253 854 2305 dicant,
876 2263 918 2295 et
938 2254 1041 2310 quid
1061 2254 1241 2295 sentiant
1259 2254 1301 2303 ii,
1323 2253 1395 2309 qui
1416 2262 1513 2294 sunt
1531 2254 1584 2294 ab
1606 2268 1656 2295 ea

222 2310 456 2366 disciplina,
478 2325 604 2351 nemo
634 2309 902 2353 mediocriter
923 2310 1094 2366 quidem
1116 2310 1267 2351 doctus
1290 2310 1472 2365 ignorat.
1503 2324 1654 2365 quam-

221 2368 384 2418 obrem,
406 2367 621 2423 quoniam,
641 2367 1000 2422 quemadmodum
1024 2366 1180 2417 dicant,
1211 2366 1289 2421 ipsi
1319 2380 1401 2407 non
1433 2366 1653 2408 laborant:

220 2438 296 2465 cur
316 2423 483 2479 legendi
505 2424 601 2473 sint,
625 2432 661 2455 12
679 2424 757 2464 nisi
778 2424 877 2479 ipsis
899 2423 1005 2464 inter
1026 2437 1084 2474 se,
1107 2423 1179 2478 qui
1202 2422 1314 2463 idem
1345 2422 1545 2474 sentiunt,
1566 2438 1651 2464 non

186 2491 207 2523 8
221 2480 427 2536 intelligo,
485 2482 615 2531 Nam,
638 2488 685 2521 ut
708 2480 937 2530 Platonem,
958 2479 1226 2536 reliquosque
1247 2478 1499 2530 Socraticos,
1521 2487 1563 2520 et
1583 2479 1658 2522 de-

263 2635 281 2660 9
297 2635 438 2656 oratorum
455 2639 483 2668 q.
500 2627 563 2656 laus
579 2627 621 2655 ita
637 2627 723 2655 ducta
742 2627 778 2655 ab
795 2625 910 2664 humili]
956 2625 1097 2656 delevere
1113 2626 1189 2656 item
1214 2626 1249 2655 R.
1269 2626 1461 2665 Stephanus,
1479 2632 1570 2657 recte.
1595 2627 1656 2657 feci

219 2671 262 2700 ita
287 2671 429 2700 alienum
454 2677 509 2700 est.
539 2670 743 2700 scribendum
770 2668 834 2698 illa.
859 2679 914 2708 pro
956 2669 1077 2708 etipse.

218 2721 361 2743 oratorum
377 2714 524 2743 Davisius
540 2713 628 2752 ponit
643 2712 780 2742 oratoria.
1002 2719 1039 2742 12
1056 2711 1111 2740 nisi
1127 2710 1194 2750 ipsis
1211 2710 1285 2739 inter
1299 2721 1339 2746 se,
1356 2709 1408 2752 qui
1420 2710 1493 2740 idem
1509 2710 1653 2752 sentiunt]

265 2764 301 2790 10
317 2756 497 2796 philosophia
518 2754 667 2793 nascatur]
687 2755 833 2785 Davisius
849 2755 912 2784 edi-
956 2754 1036 2784 Dedi
1054 2754 1122 2793 ipsis
1139 2764 1193 2793 pro
1209 2753 1276 2792 ipsi,
1294 2755 1379 2792 quod
1398 2764 1509 2784 sensus
1532 2761 1563 2784 et
1586 2753 1656 2784 lati-

215 2800 260 2830 dit
273 2799 400 2828 nascitur
415 2809 470 2838 pro
486 2799 614 2839 vulgato
629 2805 776 2828 nascatur.
791 2798 882 2828 bene.
956 2799 1036 2827 nitas
1060 2797 1234 2827 necessario
1257 2796 1427 2836 postulant.
1452 2806 1507 2837 pro
1528 2796 1653 2826 sentiunt

264 2850 297 2873 11
317 2841 396 2872 ultra
412 2843 444 2871 id
457 2853 543 2884 quam
565 2839 652 2884 quod]
671 2853 757 2883 quam
774 2841 913 2873 Manutii
957 2841 1130 2881 legendum
1146 2841 1242 2871 etiam
1261 2839 1396 2870 semlant.
