1778 3095
545 59 724 97 LIBER
761 57 1067 97 QUARTUS.
1452 62 1529 104 357

104 161 185 206 nisi
199 162 365 221 judicio
383 175 637 221 susceptam,
659 166 737 207 nisi
761 165 1052 207 voluntariam.
1083 163 1238 206 etenim
1267 162 1302 204 si
1333 164 1531 205 naturalis

101 233 222 263 arnor
241 230 374 264 esset:
403 230 445 263 et
463 231 652 263 amarent
679 236 839 273 omnes,
871 233 914 263 et
939 235 1102 278 semper
1133 228 1336 270 amarent,
1355 228 1397 259 et
1416 220 1528 262 idem

96 287 301 330 amarent,
322 293 455 335 neque
482 278 608 319 alium
637 278 787 334 pudor,
817 279 946 320 alium
972 278 1193 334 cogitatio,
1213 276 1342 317 alium
1362 276 1529 317 satietas

98 332 342 376 deterreret.

156 392 275 432 ¹9Ira
309 405 418 441 vem,
454 405 587 446 quum
620 391 694 432 diu
729 391 946 446 perturbat
978 392 1181 441 animum,
1217 387 1525 430 dubitationem
1540 374 1614 427 36

93 445 265 488 insaniae
284 461 369 487 non
388 447 514 488 habet
532 464 542 489 ι
574 447 695 504 cujus
716 447 899 503 impulsu
918 448 1080 490 exsistit
1103 447 1232 488 etiam
1252 447 1359 487 inter
1378 444 1527 486 fratres
1538 452 1587 492 77

93 503 181 544 tale
193 502 386 558 jurgium
404 519 414 544 ε

195 595 288 642 „Quis
305 593 395 632 homo
415 602 446 632 te
462 597 680 645 exsuperavit
700 609 859 647 umquam
871 597 1026 645 gentium
1045 594 1249 647 impudentia
1264 597 1286 631 ς’

202 649 286 698 Quis
304 658 416 685 antem
436 649 570 686 malitia
589 659 620 686 te
636 653 658 685 ,Ρ

86 721 217 765 Nosti
246 737 342 777 quae
378 732 625 779 sequuntur.
662 723 833 764 alternis
867 723 978 763 enim
1010 723 1197 764 versibus
1227 722 1529 778 intorquentur

88 779 196 820 inter
234 778 381 821 fratres
422 781 678 834 gravissimae
718 779 1017 820 contumeliae:
1067 788 1115 820 ut
1155 779 1277 820 facile
1315 786 1528 834 appareat,

87 835 209 877 Atrei
244 835 351 877 filios
389 850 494 888 esse,
533 836 638 892 ejus,
680 836 751 892 qui
804 835 1030 878 meditatur
1064 850 1234 892 poenam
1274 835 1317 876 in
1357 836 1527 876 fratrem

90 905 255 933 novam.

193 983 315 1030 Major
337 982 417 1019 mihi
436 983 543 1023 moles,
564 982 670 1030 majus
690 981 889 1019 miscendum
909 982 1049 1027 malum,

199 1036 272 1086 Qui
286 1036 376 1073 illius
396 1035 552 1073 acerbum
572 1048 625 1073 cor
644 1035 844 1073 contundam
861 1046 894 1074 et
912 1037 1135 1086 comprimam.

85 1115 128 1141 ²0
142 1109 251 1165 Quae
272 1108 404 1165 igitur
425 1108 493 1150 hae
513 1118 638 1150 erunt
655 1108 820 1151 moles?
853 1108 951 1150 audi
965 1108 1198 1166 Thyestem
1219 1108 1356 1165 ipsum
1375 1126 1386 1151 ε

196 1199 320 1248 Impius
339 1199 494 1236 hortatur
512 1212 562 1235 mc
573 1200 709 1248 frater,
730 1209 768 1237 ut
787 1212 869 1235 meos
891 1198 988 1235 malis
1007 1199 1106 1236 miser

193 1251 394 1289 Manderem
415 1261 520 1289 natos.

88 1329 248 1369 Eorum
269 1327 425 1369 viscera
444 1325 647 1382 apponit:
678 1324 779 1382 quid
800 1332 864 1365 est
892 1324 1019 1375 enim,
1048 1340 1133 1381 quo
1162 1340 1247 1366 non
1278 1326 1527 1383 progredia-

85 1392 155 1425 tur
174 1384 325 1426 eodem
357 1384 430 1434 ira,
458 1392 493 1415 21
513 1397 598 1438 quo
630 1382 778 1423 furor?
813 1382 962 1436 Itaque
991 1382 1118 1422 iratos
1146 1384 1314 1437 proprie
1344 1384 1524 1427 dicimus

82 1441 217 1481 exisse
239 1441 290 1481 de
309 1448 535 1495 potestate,
554 1438 596 1479 id
616 1447 694 1487 est,
719 1437 772 1478 de
800 1437 992 1489 consilio,
1020 1438 1072 1478 de
1096 1439 1272 1489 ratione,
1292 1439 1346 1480 de
1366 1449 1521 1484 mente.

83 1495 236 1537 horum
274 1495 385 1536 enim
422 1504 608 1550 potestas
640 1494 682 1534 in
714 1502 853 1534 totum
892 1494 1081 1536 animum
1116 1509 1205 1536 esse
1239 1495 1379 1538 debet.
1439 1499 1521 1540 His
1533 1508 1585 1550 78

83 1562 158 1593 aut
187 1552 461 1594 subtrahendi
491 1560 590 1600 sunt
622 1550 666 1602 ii,
696 1549 738 1591 in
769 1565 876 1606 quos
906 1550 1113 1606 impetum
1144 1560 1350 1593 conantur
1370 1554 1523 1607 facere,

82 1608 185 1650 dum
207 1623 251 1650 se
270 1609 348 1665 ipsi
372 1608 576 1664 colligant
600 1606 716 1663 (quid
736 1618 800 1648 est
821 1616 962 1648 autem
981 1621 1024 1648 se
1045 1607 1184 1663 ipsum
1206 1608 1424 1664 colligere,
1443 1612 1523 1653 nisi

81 1665 301 1721 dissipatas
323 1665 452 1706 animi
471 1674 610 1720 partes
635 1678 799 1704 rursum
829 1663 870 1704 in
904 1679 1028 1704 suum
1049 1664 1191 1705 locum
1212 1679 1367 1721 cogere
1383 1668 1414 1720 ?)
1449 1676 1523 1710 aut
1533 1679 1567 1711 b.

83 1721 261 1777 rogandi
282 1721 511 1777 orandique
537 1729 649 1770 sunt,
679 1728 740 1769 ut,
771 1720 805 1761 si
835 1735 962 1775 quam
994 1720 1150 1762 habent
1171 1722 1402 1764 ulciscendi
1422 1724 1522 1776 vim,

82 1777 278 1819 differant
295 1778 337 1818 in
358 1788 526 1833 tempus
546 1777 676 1827 aliud,
697 1776 799 1817 dum
821 1777 1079 1818 defervescat
1098 1778 1172 1819 ira.
1221 1779 1523 1822 Defervescere

83 1842 227 1876 autem
248 1844 362 1876 certe
393 1833 599 1889 significat
632 1832 827 1874 ardorem
857 1833 986 1874 animi
1020 1834 1146 1875 invita
1176 1835 1337 1877 ratione
1362 1838 1520 1879 excita-

83 1899 192 1933 tum.
251 1891 315 1931 Ex
353 1904 439 1946 quo
475 1889 578 1931 illud
612 1888 808 1930 laudatur
844 1889 1079 1946 Archytae:
1131 1892 1203 1948 qui
1241 1907 1339 1933 cum
1381 1893 1521 1936 villico

82 1947 220 1988 factus
249 1954 361 1987 esset
389 1945 547 1997 iratior,
578 1946 680 1988 Quo
715 1954 758 1986 te
788 1946 933 1996 modo,
965 1948 1115 2003 inquit,
1145 1949 1416 2004 accepissem,
1438 1951 1519 1993 nisi

80 2003 211 2045 iratus
232 2017 366 2044 essem
386 2004 399 2044 ?
435 2002 524 2043 Ubi
543 2012 642 2043 sunt
661 2016 764 2058 ergo
784 2002 867 2053 isti,
897 2003 970 2059 qui
995 2004 1253 2046 iracundiam
1282 2006 1430 2047 utilem
1451 2001 1597 2057 di-37

82 2061 213 2101 cunt?
250 2060 411 2113 (Potest
430 2059 544 2100 utilis
567 2073 658 2100 esse
686 2059 891 2113 insania?)
925 2069 998 2101 aut
1027 2062 1289 2103 naturalem?
1323 2077 1375 2104 an
1395 2065 1580 2120 quid-79

81 2130 208 2172 quam
241 2130 331 2157 esse
360 2124 502 2172 potest
531 2114 762 2156 secundum
794 2125 1002 2167 naturam,
1033 2117 1147 2172 quod
1177 2119 1231 2159 sit
1256 2130 1518 2175 repugnante

78 2172 270 2214 ratione?
304 2186 389 2228 quo
409 2172 540 2213 modo
569 2180 727 2223 autem,
758 2172 791 2213 si
822 2174 1021 2214 naturalis
1050 2184 1160 2215 esset
1188 2175 1279 2216 ira?
1312 2185 1386 2217 aut
1411 2178 1518 2220 alius

80 2227 164 2270 alio
183 2229 320 2285 magis
341 2229 567 2270 iracundus
587 2238 711 2280 esset,
731 2238 807 2270 aut
836 2229 961 2270 finem
991 2229 1165 2272 haberet
1184 2231 1313 2286 prius,
1335 2241 1373 2264 22
1388 2248 1516 2288 quam

79 2293 190 2326 esset
210 2286 300 2327 ulta
320 2284 550 2326 ulciscendi
570 2284 704 2326 libido
725 2301 734 2326 z
765 2294 839 2326 aut
861 2299 1115 2342 quemquam
1138 2288 1375 2342 poeniteret,
1401 2290 1517 2345 quod

80 2340 248 2385 fecisset
267 2356 342 2398 per
362 2342 465 2383 iram
487 2344 500 2383 ?
532 2351 582 2383 ut
601 2341 892 2383 Alexandrum
923 2357 1068 2398 regem
1098 2343 1303 2396 videmus,
1326 2346 1398 2401 qui
1416 2361 1517 2389 cum

123 2485 161 2511 19
186 2478 237 2508 Ira
252 2489 286 2508 v.
310 2490 389 2520 quae,
399 2476 552 2521 quamdiu]
571 2478 676 2509 Placet
692 2479 774 2509 Ben-
861 2486 897 2509 21
928 2490 982 2521 quo
998 2479 1105 2521 furor]
1140 2481 1210 2511 Hoc
1241 2485 1513 2523 transponendum

79 2519 142 2551 tleli
159 2522 310 2552 correctio
325 2531 333 2549 ε
360 2522 411 2551 Ira
427 2533 461 2551 v.
478 2533 540 2550 cum
555 2522 605 2551 diu
623 2523 682 2552 δίο.
817 2530 895 2561 puto
911 2524 974 2552 sic:
998 2522 1072 2564 quid
1092 2531 1132 2553 est
1155 2525 1240 2561 enim,
1265 2537 1318 2567 quo
1330 2527 1434 2566 furor,
1458 2539 1512 2569 quo

121 2570 162 2594 20
186 2564 263 2594 Quae
283 2563 304 2594 ι’.
326 2563 355 2594 h.
379 2570 462 2593 crunt
484 2563 581 2603 moles]
610 2564 773 2595 Bentleius
816 2576 869 2594 non
879 2566 1087 2605 progrediatur
1109 2567 1199 2596 eodem
1223 2568 1282 2606 ira,
1304 2576 1359 2599 aut
1381 2570 1451 2612 quin
1463 2577 1514 2610 pr.

78 2607 226 2646 corrigit:
252 2606 314 2636 Quo
338 2607 360 2636 i.
381 2607 442 2635 haec
464 2607 558 2645 erupit
580 2608 663 2637 moles
677 2617 695 2637 e
711 2608 776 2638 Ms.
817 2607 909 2637 eodem
925 2609 982 2638 ira.

77 2647 143 2678 Pal.
167 2656 198 2679 2.
218 2650 334 2689 recepit
357 2656 387 2680 et
408 2648 620 2686 Alemmnus,
643 2651 719 2690 quia
741 2658 772 2680 et
859 2657 898 2682 22
922 2662 1009 2693 quam
1037 2657 1107 2681 esset
1132 2651 1209 2691 ulta]
1244 2653 1359 2693 Recepi
1387 2661 1417 2684 et
1447 2655 1513 2693 ipse

79 2690 161 2721 Mss.
176 2692 250 2731 regii
266 2703 319 2733 quo
342 2692 363 2722 ι’.
387 2692 448 2721 haec
469 2692 544 2721 eruit
566 2693 659 2723 moles.
706 2694 772 2732 Ego
814 2692 879 2723 ulta
895 2704 950 2733 pro
963 2693 1038 2731 ulla,
1055 2701 1090 2725 ut
1102 2705 1264 2727 correxere
1281 2698 1313 2729 P.
1331 2698 1511 2733 Manutius,

77 2733 231 2772 legerim:
271 2745 337 2775 quae
368 2735 461 2774 igitur
495 2734 556 2764 baec
586 2743 648 2764 erat
677 2736 772 2767 moles.
816 2737 1004 2775 Lambinus,
1022 2738 1181 2769 Davisius.

78 2776 144 2807 Ms-
160 2776 269 2808 Guelf.
283 2788 337 2818 quo
352 2777 444 2818 igitur
455 2777 517 2806 haec
531 2785 626 2808 curret
640 2778 735 2810 moles.

791 2832 907 2875 Aa3
