1778 3095
251 193 330 227 518
699 189 777 227 DE
805 187 1234 227 DIVINATIONE

217 298 354 337 6nera
387 296 547 353 rejecit.
607 297 691 339 Sed
720 313 817 339 cum
848 298 977 340 Stoici
1007 298 1148 339 omnia
1177 299 1262 339 fere
1290 295 1361 338 illa
1390 294 1678 360 defenderent,

253 353 369 408 quod
399 364 441 394 et
474 355 592 395 Zeno
620 355 661 395 in
694 355 777 395 suis
808 355 1120 396 commentariis
1152 355 1269 410 quasi
1299 353 1457 394 semina
1485 351 1678 416 quaedam

253 409 484 474 sparsisset,
506 420 548 451 et
579 426 627 451 ea
652 410 879 452 Cleanthes
905 412 1048 466 paullo
1069 427 1095 452 u
1102 411 1263 451 beiiora
1284 410 1475 450 fecisset.
1506 407 1683 449 accessit

252 466 456 506 acerrimo
486 467 545 507 vir
573 467 742 522 ingenio
776 467 1055 530 Chrysippus,
1085 468 1154 522 qui
1187 476 1316 508 totam
1350 466 1401 506 de
1428 464 1681 506 divinatione

252 521 419 562 duobus
451 522 567 564 libris
597 524 814 587 explicavit
843 523 1107 573 sententiam,
1138 537 1223 564 uno
1260 533 1460 578 praeterea
1496 521 1548 561 de
1585 535 1680 562 ora-

252 579 372 629 culis,
394 593 479 620 uno
512 579 565 620 de
596 581 791 620 somniis:
823 595 947 635 quem
973 581 1247 634 subsequens,
1268 595 1398 620 unun
1421 579 1573 619 librum
1593 577 1678 618 Ba-

251 633 449 689 bylonius
489 636 706 691 Diogenes
755 636 901 685 edidit,
942 636 1030 689 ejus
1070 636 1263 676 audium
1303 636 1388 676 duo
1428 633 1680 697 Antipater:

208 698 240 728 b.
253 690 437 753 quinque
469 701 608 732 noster
648 691 907 732 Posidonius.
967 690 1049 731 Sed
1085 706 1109 730 a
1149 692 1316 740 Stoicis,
1354 692 1451 732 9vel
1489 691 1680 745 princeps

251 760 343 802 eJus
363 748 608 811 disciplinae,
632 747 841 787 Posidonii
872 748 1035 797 doctor,
1057 747 1284 801 discipulus
1304 723 1479 812 iqntipat
1484 749 1530 798 ri,
1551 747 1682 810 dege-

250 804 408 844 neravit
438 804 670 844 Panaetius:
700 816 776 843 nec
811 811 952 843 tamen
981 817 1106 843 ausus
1127 813 1192 844 est
1213 818 1315 857 nega
1325 818 1380 850 re,
1399 805 1481 845 vim
1502 818 1591 844 esse
1614 802 1680 844 di-

249 859 430 924 vinandi,
453 859 525 899 sed
556 859 747 900 dubitare
768 873 811 899 se
840 859 958 900 dixit.
1016 859 1146 900 Ouod
1177 859 1273 900 illi
1264 875 1305 899 in
1335 860 1474 915 aliqua
1500 875 1558 911 re,
1579 860 1682 900 invi-

250 915 421 956 tissimis
443 915 610 966 Stoicis,
632 916 776 957 Stoico
796 916 933 957 facere
959 916 1091 966 licuit,
1125 924 1161 947 1<
1179 915 1235 966 id,
1263 930 1338 956 nos
1367 926 1413 956 ut
1442 931 1483 956 1n
1512 916 1682 971 reliquis

247 972 374 1012 rebus
405 970 623 1024 faciamus,
653 986 677 1012 a
707 972 858 1013 Stoicis
889 987 972 1013 non
1003 947 1288 1013 con'cedet1i1
1278 988 1288 1012 r
1322 972 1553 1027 praesertim
1581 987 1680 1014 cum

249 1026 307 1077 id,
328 1029 381 1068 de
411 1042 496 1083 quo
528 1029 712 1071 Panaetio
743 1044 827 1069 non
857 1029 1005 1084 liquet,
1035 1029 1205 1084 reliquis
1236 1029 1287 1091 ej
1278 1030 1425 1069 iisdem
1450 1028 1536 1069 disr
1541 1028 1680 1083 iplinae

213 1091 237 1132 7
253 1092 287 1115 11
308 1084 408 1125 solis
427 1085 522 1125 luce
542 1085 731 1126 videatur
751 1086 847 1126 clas
829 1100 914 1126 ius.
974 1085 1058 1148 Sed
1091 1086 1116 1125 1
1107 1100 1181 1125 aec
1204 1085 1304 1141 quid
1296 1100 1371 1125 ,1611
1403 1085 1493 1125 laus
1515 1085 1683 1126 Acade-

250 1140 346 1181 miae
380 1141 714 1195 praestantissimi
748 1141 988 1197 philosophi
1016 1141 1146 1197 ι1112110
1138 1158 1178 1181 10
1212 1151 1253 1182 ct
1291 1141 1533 1182 testimonio
1564 1155 1683 1182 com-

204 1198 429 1252 4probata
457 1207 534 1239 est.
594 1198 762 1238 Etenim
793 1198 1002 1239 nobismet
1040 1199 1138 1253 ipsis
1169 1213 1226 1253 qu
1218 1198 1467 1247 9616111113113,
1498 1198 1599 1253 quid
1630 1198 1684 1239 sit

210 1870 232 1901 8

250 1254 302 1294 'de
334 1254 590 1295 divinatione
609 1253 904 1310 judicandum,
925 1254 1086 1309 quoda
1107 1254 1324 1294 Carneade
1345 1256 1480 1294 multa
1499 1263 1620 1295 acute
1642 1262 1686 1295 et

248 1311 420 1365 copiose
448 1321 596 1354 contra
625 1311 791 1351 Stoicos
821 1310 1032 1365 disputata
1055 1311 1152 1359 sint,
1181 1311 1515 1365 verentibusque,
1542 1325 1593 1350 ne
1617 1320 1683 1352 te-

246 1380 361 1407 mere
383 1367 445 1407 vel
466 1367 581 1408 falsae
601 1366 673 1418 rei,
694 1367 759 1407 vel
780 1381 863 1407 non
885 1367 981 1407 satis
1004 1366 1201 1422 cognitae,
1223 1367 1499 1407 assentiamur
1521 1384 1530 1408 :
1565 1376 1601 1399 1‘2
1619 1367 1682 1407 fa-

245 1422 444 1463 ciendum
464 1423 641 1474 videtur,
670 1432 717 1464 ut
741 1423 964 1478 diligenter
989 1424 1115 1464 etiam
1136 1431 1263 1478 atque
1284 1423 1409 1464 etiam
1434 1432 1685 1479 argumenta

246 1493 343 1520 cum
365 1480 624 1535 argumentis
645 1494 953 1535 comparemus,
974 1492 1019 1521 ut
1040 1480 1217 1521 fecimus
1243 1480 1283 1520 in
1316 1480 1377 1519 his
1400 1481 1528 1521 tribus
1550 1479 1682 1531 libris,

231 1551 353 1591 vquos
379 1536 430 1576 de
463 1546 611 1577 natura
637 1536 810 1577 deorum
847 1537 1102 1600 scripsimus.
1161 1538 1273 1577 Nam
1305 1551 1399 1576 cuni
1425 1536 1620 1577 omnibus
1641 1537 1684 1577 in

245 1593 373 1633 iebus
402 1593 616 1634 temeritas
646 1593 689 1633 in
719 1593 985 1634 assentiendo
1016 1609 1119 1634 err>o
1133 1608 1213 1649 (με
1245 1602 1287 1632 ts
1299 1593 1378 1640 1·;·.is
1408 1602 1485 1642 est,
1518 1603 1605 1633 tum
1638 1593 1683 1633 in

243 1663 295 1690 eo
324 1649 421 1690 loco
452 1650 646 1700 maxime,
668 1650 709 1690 in
740 1664 824 1704 quo
850 1649 1127 1704 judicandum
1160 1658 1235 1697 est,
1258 1664 1311 1702 q
1319 1659 1463 1688 autum
1487 1649 1682 1703 auspiciis

242 1705 455 1760 iebusque
475 1705 636 1754 divinis,
654 1705 935 1769 religionique
952 1706 1200 1746 tribuamus·
1218 1715 1309 1745 cist
1311 1720 1361 1744 Ηι·
1355 1705 1408 1743 im
1432 1706 1554 1759 peric
1550 1705 1681 1756 llum,

245 1777 297 1802 ne
318 1771 404 1811 aut,
428 1761 661 1816 neglectis
653 1777 714 1812 ns,
733 1762 863 1816 impia
882 1761 1043 1813 fraude,
1065 1772 1152 1811 aut,
1175 1776 1268 1802 susc
1273 1775 1321 1814 e}
1328 1761 1393 1809 tis,
1415 1761 1513 1801 anili
1535 1775 1684 1817 super-

245 1819 416 1859 stitione
437 1818 691 1872 obligemur.

302 1875 468 1931 Quibus
489 1874 541 1914 dc
561 1874 687 1915 rebus
713 1882 755 1915 et
775 1874 875 1915 alias
897 1889 1022 1928 saepe,
1042 1882 1085 1914 et
1113 1873 1256 1928 paullo
1278 1887 1323 1913 212:
1330 1873 1514 1914 curatius
1534 1888 1682 1929 nuper,

201 1918 343 1971 5611111
380 1945 512 1971 essem
550 1945 646 1972 cum
685 1932 741 1972 O..
779 1932 905 1971 fiatre
941 1931 982 1970 in
1014 1931 1098 1970 Tu
1090 1930 1254 1980 culangii
1246 1956 1270 1979 ,
1307 1930 1345 1968 d:
1353 1939 1567 1992 sputatum
1603 1939 1681 1972 est.

142 2337 173 2369 p.
188 2335 238 2359 8‘2.

245 1988 361 2027 Nam
401 2002 498 2028 cum
538 1986 781 2027 ambulandi
821 2001 946 2026 causa
985 1987 1026 2026 in
1069 1988 1256 2042 Lyceum
1297 2001 1579 2027 vemssemus:
1623 1987 1682 2040 (id

247 2044 358 2084 enim
399 2044 601 2098 superiori
637 2043 872 2098 Gymnasio
906 2057 1058 2083 nomen
1091 2045 1168 2093 est)
1212 2042 1387 2097 Perlegi,
1423 2042 1494 2082 ille
1530 2043 1682 2098 inquit,

247 2108 369 2141 tuum
402 2100 545 2154 paullo
579 2108 674 2140 ante
697 2100 867 2140 tertium
889 2099 942 2139 de
963 2108 1111 2140 natura
1133 2100 1335 2139 deorum
1327 2130 1336 2147 ,
1369 2099 1409 2138 in
1429 2113 1514 2153 quo
1537 2099 1681 2154 dispu-

246 2157 351 2197 tatio
379 2156 536 2206 Cottae,
564 2170 819 2211 quamquam
847 2155 1113 2196 labeiactevit
1143 2155 1391 2195 sententiam
1421 2169 1575 2206 meam,
1598 2170 1683 2197 non

247 2213 437 2254 funditus
463 2222 602 2253 tamen
636 2212 826 2252 sustulit.
879 2212 1052 2266 Optime
1073 2227 1182 2275 vero,
1206 2225 1391 2267 mquam.
1412 2211 1567 2252 etenim
1591 2212 1680 2267 ipse

250 2268 382 2310 Cotta
402 2270 460 2310 sic
490 2269 689 2324 disputat,
710 2278 759 2308 ut
787 2268 1028 2308 Stoicorum
1049 2269 1183 2323 magis
1205 2276 1457 2330 argumenta
1474 2267 1681 2319 confutet,

250 2340 377 2380 quam
403 2325 625 2369 hominum
654 2324 791 2365 deleat
820 2301 1249 2379 1e1igi0nem.⁰Tum
1282 2323 1480 2387 Ouintus,
1513 2323 1683 2365 Dicitur

233 2382 422 2437 'quidem
459 2383 582 2432 istuc,
618 2382 766 2436 inquit,
802 2395 826 2421 a
860 2380 1005 2431 Cotta,
1041 2390 1083 2421 ct
1118 2395 1214 2421 vero
1249 2380 1423 2434 saepius:
1456 2379 1597 2429 credo,
1627 2394 1680 2421 ne

247 2439 491 2509 communia
511 2439 611 2494 jura
642 2437 824 2492 migrare
848 2437 1063 2479 videatur:
1096 2437 1168 2478 sed
1187 2435 1326 2477 studio
1346 2444 1494 2483 contra
1514 2436 1681 2478 Stoicos

291 2571 309 2595 9
332 2563 386 2591 vel
407 2562 541 2601 princeps
563 2561 622 2599 qius
649 2558 940 2598 disc.—Panaetius]
987 2561 1066 2590 disse
1100 2566 1168 2600 post
1192 2559 1283 2595 rebus,
1308 2559 1362 2589 ubi
1391 2559 1564 2598 elegantius
1587 2570 1605 2590 e
1628 2560 1682 2591 Ci-

249 2606 385 2644 Princeps
409 2606 488 2635 bene
511 2614 528 2632 e
544 2605 623 2633 Mss.
647 2605 762 2634 addidit
785 2604 942 2633 Davisius.
986 2603 1106 2633 ceronis
1137 2612 1223 2632 more
1253 2609 1403 2640 ponetur:
1428 2612 1628 2642 quamquam
1650 2610 1682 2635 et

247 2650 293 2678 sic
317 2654 348 2678 et
366 2649 398 2677 in
420 2646 569 2684 exemplo
592 2646 640 2675 ed.
664 2647 745 2676 Ven.
774 2653 864 2677 1494.
889 2647 942 2675 ad·
986 2646 1065 2674 rebus
1080 2646 1187 2675 abesse
1205 2645 1327 2675 malim.

248 2692 403 2729 scriptum
427 2697 471 2719 est
496 2698 593 2718 manu
617 2690 728 2718 docta:
754 2700 781 2717 a.
797 2688 940 2727 prinecps,
1032 2695 1065 2718 11
1092 2687 1155 2716 solis
1185 2687 1246 2717 luce
1275 2687 1413 2716 videatur
1450 2685 1570 2725 clarius]
1602 2687 1678 2718 Solis

247 2741 277 2763 et
291 2735 334 2763 sic
351 2733 422 2762 alibi
441 2742 457 2761 a
473 2732 624 2761 Cicerone
640 2731 814 2770 appellatur
834 2731 941 2760 Panae—
984 2731 1060 2760 alias
1085 2731 1116 2760 in
1134 2732 1193 2760 hac
1210 2731 1313 2769 phrasi
1337 2740 1402 2760 non
1425 2729 1559 2760 additur.
1575 2740 1615 2760 an
1631 2731 1678 2760 fa-

247 2777 321 2811 tius,
338 2784 367 2806 ct
385 2785 488 2806 revera
504 2775 574 2804 fuit.
985 2780 1074 2804 ctum
1090 2780 1135 2803 est
1151 2783 1167 2802 e
1184 2774 1282 2802 socizs
1278 2773 1294 2795 9

295 2827 333 2849 10
356 2831 374 2847 ι
361 2818 444 2848 {nos
459 2824 491 2847 ut
506 2818 535 2846 in
552 2815 669 2857 reliquis
685 2813 939 2855 rebusfaciamus]
1028 2823 1064 2846 12
1077 2816 1251 2856 faciendum
1274 2812 1408 2853 v1detur]
1433 2813 1679 2857 Intell.inqu1t.

248 2863 325 2892 ΕΓΗ.
342 2868 415 2891 vett.
439 2871 503 2891 non
527 2860 646 2890 habent
666 2865 710 2895 ut,
727 2859 803 2888 item
828 2859 890 2889 Ms
908 2868 941 2888 a-
982 2869 1061 2890 mox
1076 2869 1130 2899 pro
1136 2859 1264 2899 secunus
1282 2858 1345 2889 Ms.
1361 2857 1468 2888 Guelf.
1473 2856 1618 2897 facimus.

247 2906 313 2948 pud
336 2905 502 2935 Davisium
525 2909 555 2935 et
578 2901 685 2935 Guelf.
701 2881 831 2934 'Videtur
854 2902 940 2932 exci-
