1778 3095
553 88 730 126 LIBER
756 89 1037 127 TERTIUS.
1436 97 1513 139 l197

81 194 236 239 omitto
257 197 357 241 illa:
388 205 486 239 sunt
512 196 622 236 enim
654 195 866 250 praeclara.
926 196 989 236 Sit
1017 210 1115 237 sane
1145 195 1248 238 deus
1278 197 1366 253 ipse
1387 215 1510 241 mun·
1524 205 1577 239 40

83 253 178 294 dus.
238 255 337 295 Hoc
357 254 483 295 credo
504 251 608 292 illud
629 265 720 292 esse

193 336 342 374 Sublime
360 335 515 378 candens,
535 347 627 384 quem
647 333 807 370 invocant
823 344 929 369 omnes
951 332 1082 369 Jovem.

81 427 212 468 quare
232 414 362 468 igitur
383 413 519 467 plures
539 411 812 467 adjungimus
834 409 935 451 deos
953 411 966 450 ?
1000 419 1156 465 quanta
1176 419 1315 452 autem
1349 419 1411 451 est
1440 426 1514 452 eo-

81 483 176 510 rum
196 469 454 511 multitudo?
486 467 590 508 mihi
619 467 788 523 quidem
822 481 920 508 sane
945 467 1070 507 multi
1089 467 1292 508 videntur.
1325 468 1512 523 singulas

79 526 191 566 enim
213 526 352 567 stellas
373 539 566 566 numeras
587 523 704 574 deos,
726 538 883 579 eosque
905 531 978 564 aut
998 523 1218 564 beluarum
1249 524 1418 565 nomine
1437 539 1512 580 ap-

78 582 225 636 pellas,
259 591 307 623 ut
340 581 538 636 Capram,
574 589 613 613 44
628 591 675 621 ut
706 582 890 636 Nepam,
920 590 969 621 ut
994 580 1195 630 Taurum,
1222 588 1270 620 ut
1297 581 1510 622 Leonem:

78 646 152 678 aut
180 653 319 679 rerum
349 638 685 688 inanimatarum,
706 646 754 678 ut
774 638 910 692 Argo,
940 645 987 677 ut
1016 637 1165 687 Aram,
1200 646 1246 677 ut
1280 636 1509 679 Coronam.

77 694 160 735 Sed
182 703 228 735 ut
247 694 337 735 haec
358 694 658 744 concedantur,
679 694 839 749 reliqua
861 695 932 748 qui
955 692 1123 734 tandem
1146 707 1229 733 non
1248 693 1378 735 modo
1409 704 1568 737 con-41

75 750 181 801 cedi,
211 750 284 791 sed
314 751 487 791 omnino
517 751 697 806 intelligi
725 751 933 805 possunt?
967 765 1064 790 cum
1095 750 1251 805 fruges,
1282 749 1479 791 Cererem
1496 767 1508 801 3

74 806 231 856 vinum,
250 807 453 848 Liberum
481 807 673 858 dicimus,
695 821 850 861 genere
880 821 956 846 nos
989 806 1160 862 quidem
1193 807 1395 847 sermonis
1426 808 1509 848 uti-

75 877 172 903 mur
190 864 369 904 usitato:
400 863 473 905 sed
492 878 668 920 ecquem
691 872 777 903 tam
798 871 1009 902 amentem
1029 877 1119 903 esse
1142 872 1279 918 putas,
1296 863 1368 918 qui
1389 863 1512 916 illud,

75 933 162 973 quo
194 929 397 969 vescatur,
420 921 546 961 deum
581 919 722 961 credat
743 921 863 959 esse?
897 920 1009 959 Nam
1045 933 1151 974 quos
1184 920 1237 960 ab
1266 919 1510 961 hominibus

72 976 307 1029 pervenisse
339 976 441 1017 dicis
473 976 526 1016 ad
558 975 674 1026 deos,
701 984 739 1007 4⁵
756 984 802 1016 tu
833 974 961 1016 redde
989 977 1208 1026 rationem,
1230 976 1509 1031 quemadmo-

73 1031 176 1072 dum
197 1033 311 1073 idem
343 1032 428 1073 fieri
459 1033 660 1087 potuerit,
680 1041 754 1074 aut
773 1046 847 1072 cur
867 1031 954 1072 fieri
976 1031 1159 1082 desierit,
1183 1041 1225 1072 et
1244 1047 1326 1088 ego
1348 1033 1508 1074 discam

71 1087 264 1130 libenter.
296 1089 515 1144 quomodo
548 1103 657 1129 nunc
691 1088 860 1144 quidem
895 1097 972 1138 est,
995 1103 1078 1128 non
1110 1088 1243 1139 video,
1267 1104 1352 1144 quo
1382 1099 1508 1144 pacto

71 1143 158 1195 ille,
180 1145 249 1186 cui
269 1145 313 1186 in
332 1153 465 1186 monte
489 1145 625 1186 Oetceo
656 1145 792 1186 illatae
823 1143 1031 1199 lampades
1048 1145 1233 1200 ficeri‘nt,
1263 1155 1311 1186 ut
1341 1146 1399 1186 ait
1419 1147 1507 1187 Ac-

71 1200 176 1252 eius,
211 1202 253 1242 in
286 1202 448 1242 domum
484 1210 682 1243 oeternam
715 1201 848 1256 patris
879 1216 930 1241 ex
965 1201 1037 1242 illo
1075 1203 1222 1242 ardore
1258 1203 1507 1258 pervenerit.

73 1272 199 1312 quem
222 1268 365 1299 tamen
386 1260 600 1299 Homerus
622 1258 830 1299 conveniri
850 1257 960 1313 apud
978 1258 1130 1299 inferos
1149 1259 1248 1299 facit
1264 1259 1317 1299 ab
1338 1260 1506 1315 Ulysse,

71 1314 181 1356 sicut
211 1324 390 1368 ceteros,
410 1316 482 1371 qui
511 1325 775 1356 excesserant
802 1315 898 1354 vita.
959 1315 1247 1370 Quamquam,
1269 1330 1395 1370 quem
1426 1330 1505 1371 po-
1517 1324 1568 1357 42

67 1369 279 1412 tissimum
311 1372 541 1412 Herculem
572 1371 776 1421 colamus,
798 1371 903 1411 scire
934 1385 1031 1411 sane
1062 1372 1199 1412 velim.
1231 1372 1371 1427 plures
1393 1373 1504 1413 enim

70 1427 242 1468 tradunt
261 1428 384 1470 nobis
406 1429 448 1479 ii,
470 1429 542 1483 qui
563 1428 779 1469 interiores
811 1435 1049 1468 scrutantur
1071 1437 1112 1469 et
1138 1428 1373 1470 reconditas
1394 1429 1508 1470 litte-

69 1497 162 1525 ras:
212 1485 573 1540 antiquissimum,
604 1486 708 1526 Jove
749 1493 909 1534 natum,
950 1484 1024 1524 sed
1065 1485 1358 1540 antiquissimo
1405 1486 1508 1528 item

69 1539 189 1580 Jove.
220 1554 318 1581 nam
338 1542 465 1582 Joves
495 1556 665 1596 quoque
695 1541 834 1596 plures
855 1541 896 1580 in
919 1540 1065 1596 priscis
1086 1541 1335 1583 Graeeorum
1358 1542 1508 1584 litteris

69 1595 320 1638 invenimus.
351 1612 402 1638 ex
422 1612 473 1638 eo
494 1598 623 1653 igitur
642 1607 684 1639 et
703 1598 853 1653 Lisyto
874 1607 937 1637 est
958 1597 992 1637 is
1015 1597 1238 1647 Hercules,
1260 1613 1383 1653 quem
1404 1614 1507 1639 con-

67 1653 289 1694 certavisse
307 1668 405 1695 eum
426 1654 628 1709 Apolline
651 1654 702 1694 de
722 1652 887 1708 tripode
908 1654 1162 1709 accepimus.
1192 1655 1299 1695 alter
1330 1656 1507 1697 traditur

66 1708 172 1750 Nilo
204 1719 339 1760 natus,
363 1711 621 1766 AEgyptius:
653 1725 779 1766 quem
803 1710 920 1750 aiunt
940 1717 978 1741 ⁴0
996 1710 1200 1766 Phrygias
1222 1711 1380 1752 litteras
1401 1727 1505 1754 con-

67 1765 294 1821 scripsisse.
351 1767 520 1808 Tertius
541 1777 606 1808 est
627 1782 676 1807 ex
700 1766 822 1807 Idaeis
842 1766 1001 1821 Digitis
1022 1784 1030 1807 :
1065 1776 1102 1803 47
1119 1768 1187 1808 cui
1215 1768 1381 1808 inferias
1402 1770 1502 1810 affe-

67 1831 180 1863 runt.
242 1823 431 1864 Quartus
464 1833 541 1874 est,
573 1824 686 1864 Jovis
720 1834 762 1863 et
794 1823 988 1873 Asteriae,
1021 1825 1197 1864 Latonae
1231 1825 1399 1874 sororis,
1430 1826 1610 1881 quir-62-

66 1876 170 1933 Tyri
207 1879 390 1920 maxime
427 1879 608 1930 colitur3
659 1879 779 1934 cujus
831 1879 1131 1934 Karthaginem
1180 1881 1306 1921 filiam
1347 1880 1541 1923 ferunt&

66 1934 253 1990 Quintus
274 1935 316 1976 in
339 1936 473 1987 India,
495 1937 566 1992 qui
587 1936 714 1977 Belus
740 1936 908 1976 dicitur.
967 1937 1117 1977 Sextus
1139 1937 1206 1978 hie
1227 1952 1279 1978 ex
1298 1937 1501 1979 Alcume-

67 2004 134 2041 na,
166 2006 293 2046 quem
323 1993 488 2048 Jupiter
521 1993 683 2048 genuit,
713 1992 784 2032 sed
815 1992 961 2033 tertius
991 1994 1183 2049 Jupiter:
1213 1995 1426 2050 quoniam,
1455 2005 1504 2037 ut

59 2045 152 2102 jam
172 2048 350 2100 docebo,
368 2049 509 2104 plures
530 2050 555 2090 J
559 2063 658 2090 oves
677 2049 803 2089 etiam
825 2050 1079 2104 accepimus.

126 2105 312 2160 Quando
342 2107 453 2146 enim
488 2120 555 2146 me
587 2107 629 2147 in
658 2104 769 2146 hunc
797 2105 939 2146 locum
959 2106 1132 2148 deduxit
1154 2107 1303 2158 oratio,
1323 2107 1501 2160 docebo,
1520 2120 1582 2173 17

64 2161 242 2202 meliora
260 2176 330 2202 me
350 2162 544 2203 didicisse
564 2162 616 2203 de
637 2161 824 2203 colendis
845 2161 923 2202 diis
944 2162 1255 2204 immortalibus
1271 2163 1367 2219 jure
1389 2180 1498 2221 pon-
1510 2192 1560 2225 43

64 2215 209 2269 tificio,
232 2228 274 2259 et
295 2220 503 2274 majorum
525 2233 657 2268 more,
679 2226 718 2250 48
733 2217 1048 2274 capedunculis,
1071 2234 1174 2274 quas
1202 2221 1348 2261 Numa
1380 2222 1500 2263 nobis

62 2272 247 2330 reliquit,
269 2274 322 2316 de
342 2275 494 2332 quibus
516 2284 555 2309 49
569 2275 612 2316 in
636 2275 709 2316 illa
733 2275 902 2316 aureola
922 2276 1186 2317 oratiuncula
1207 2276 1309 2318 dicit
1328 2277 1501 2331 Laelius,

106 2392 146 2416 44
173 2394 206 2416 ut
226 2388 355 2430 Nepam]
382 2390 433 2420 Sic
457 2399 511 2429 pro
542 2390 654 2429 Lupum
677 2390 757 2419 edidi
802 2390 883 2420 Osir.
929 2389 1000 2420 Fuit
1016 2390 1094 2421 liber
1109 2391 1288 2421 historicus.

61 2436 141 2458 cum
166 2430 294 2461 Davisio
318 2443 334 2462 e
358 2433 420 2464 Ms.
438 2433 556 2463 Ursini.
580 2442 657 2463 nam
674 2433 758 2471 Nepa
845 2439 882 2467 47
909 2433 955 2461 cui
973 2433 1093 2473 inferias
1108 2433 1248 2474 affierunt]
1275 2434 1382 2474 affirre
1396 2435 1434 2464 de
1451 2435 1500 2464 in·

59 2477 108 2500 est
131 2473 231 2510 sidus,
258 2475 344 2513 Lupa
369 2486 446 2506 non.
477 2486 554 2506 mox
580 2476 660 2515 Argo
687 2476 757 2506 dedi
801 2476 883 2505 feriis
898 2485 963 2505 non
975 2477 1101 2513 dicitur,
1113 2478 1197 2516 quod
1208 2479 1320 2513 sciam,
1337 2478 1495 2517 sedferre‚

62 2522 141 2543 cum
157 2516 269 2546 eodem
292 2527 347 2556 pro
362 2520 472 2560 Argon.
497 2529 573 2549 nam
589 2520 633 2549 sic
649 2526 679 2549 et
694 2518 758 2549 Ms.
802 2519 928 2555 mittere,
944 2518 1024 2550 dare.
1048 2527 1124 2559 puto
1146 2521 1283 2560 primam
1306 2520 1463 2560 syllabam
1479 2531 1496 2550 e

63 2556 171 2588 Guelf.
801 2561 889 2591 finali
913 2563 1116 2600 praecedentfs
1137 2564 1222 2592 verbi
1246 2569 1367 2600 natam,
1389 2563 1498 2603 legen·

105 2607 145 2630 45
164 2607 196 2629 tu
212 2600 310 2641 redde]
328 2602 380 2632 Sic
397 2604 474 2633 Mss.
490 2605 586 2635 etiam
603 2605 710 2636 Guelf.
727 2612 757 2636 et
800 2605 1068 2645 dumqueferunt.

62 2642 132 2673 edd.
148 2650 223 2675 vett.
240 2647 424 2675 recentiores
443 2646 548 2676 reddes.
843 2654 883 2678 48
907 2647 1104 2687 capedunculis
1137 2647 1186 2687 iis]
1218 2648 1328 2678 Delevi
1357 2649 1405 2685 iis,
1437 2659 1493 2678 au-

106 2690 146 2715 46
163 2686 306 2727 Phrygias
327 2687 427 2718 literas
449 2689 654 2731 conscripsisse]
679 2691 755 2721 Ver-
798 2690 937 2720 ctoribus
954 2692 1032 2721 Mss.
1047 2692 1142 2721 etiam
1160 2691 1268 2721 Guelf.
1286 2698 1316 2720 et
1332 2692 1400 2721 edd.
1417 2699 1489 2721 vett.

60 2727 142 2758 bum
157 2729 350 2769 conscripsisse
372 2731 500 2767 indicat,
522 2732 640 2764 librum
663 2734 754 2764 intel·
840 2740 882 2765 49
905 2733 935 2762 in
951 2733 1005 2763 illa
1018 2746 1081 2764 aur.
1098 2733 1278 2763 oratiuncula
1296 2733 1418 2773 Laelius]
1439 2734 1492 2765 Est

59 2770 112 2809 ligi
131 2771 163 2800 in
174 2772 306 2812 phrygiis
322 2772 414 2802 literis
427 2784 436 2802 .·
460 2773 568 2814 cedma
583 2776 754 2817 γράμματα
797 2775 920 2812 eadem,
937 2778 975 2807 de
990 2786 1053 2817 qua
1067 2786 1161 2817 supra
1176 2777 1214 2806 ad
1230 2785 1256 2806 c.
1274 2783 1305 2808 2.

61 2822 280 2847 memorantur
291 2817 375 2856 apud
391 2815 550 2847 Plutarch.
567 2818 604 2848 de
620 2819 700 2851 Iside
723 2827 753 2851 et

119 2869 233 2898 vor..
257 2870 325 2900 1v.
350 2871 388 2900 Ρ.
413 2871 446 2899 1.
843 2874 874 2904 K
899 2861 930 2903 k
