1768 3095
533 81 716 118 LIBER
742 80 1029 118 TERTIUS.
1425 78 1498 116 163

68 194 215 238 tatem,
237 184 514 228 constantiam
532 184 664 226 totius
683 183 779 225 vitae
799 182 1123 239 complectatur,
1145 196 1221 224 nec
1240 182 1387 226 eadem
1408 185 1503 229 haec

67 243 111 285 in
131 243 290 285 artibus
309 257 398 284 esse
415 240 644 283 videamus.

124 299 335 355 Deinceps
355 298 585 353 explicatur
604 297 837 338 differentia
861 310 1001 337 rerum
1020 313 1029 336 ε
1061 309 1189 352 quam
1210 295 1244 336 si
1265 310 1351 336 non
1370 295 1504 339 ullam

69 370 160 397 esse
185 356 432 405 diceremus,
461 354 791 396 confunderetur
821 353 958 395 omnis
988 353 1086 404 vita,
1115 361 1163 393 ut
1191 352 1244 393 ab
1275 352 1501 395 Aristone:

69 428 146 454 nec
166 413 300 454 ullum
321 411 533 466 sapientiae
555 426 725 462 munus,
751 420 825 451 aut
855 425 962 466 opus
992 409 1258 460 inveniretur,
1278 423 1376 451 cum
1395 409 1505 451 inter

69 484 135 510 res
155 483 238 519 eas,
258 483 352 523 quae
379 468 435 508 ad
463 468 592 509 vitam
622 467 862 523 degendam
892 466 1164 523 pertinerent,
1194 465 1299 507 nihil
1329 468 1504 507 omnino

69 526 299 574 interesset,
322 538 456 580 neque
486 525 622 566 ullum
647 524 860 565 delectum
885 523 1075 565 adhiberi
1103 531 1331 578 oporteret.
1359 523 1504 579 itaque

68 596 165 622 cum
202 590 312 622 esset
350 581 448 621 satis
478 582 774 632 constitutum,
808 581 850 622 id
886 580 1024 621 solum
1055 594 1146 620 esse
1178 580 1354 630 bonum,
1386 579 1504 635 quod

66 645 174 678 esset
195 637 437 688 honestum,
456 647 499 679 et
514 638 556 679 id
574 638 735 680 malum
748 638 901 689 solum,
919 637 1033 693 quod
1048 646 1170 691 turpe
1188 653 1197 677 ι
1227 645 1318 677 tum
1343 644 1380 672 97
1393 637 1502 678 inter
1514 641 1544 670 Ρ·
1561 638 1631 664 10¹·

65 693 151 745 illa,
173 709 266 750 quae
287 694 392 735 nihil
411 695 595 736 valerent
624 695 677 736 ad
707 695 830 735 beate
860 695 1061 735 misereve
1089 692 1323 744 vivendum,
1343 684 1542 749 aliquida'

67 760 225 801 tamen,
241 766 327 807 quo
357 751 587 803 differrent,
613 766 702 793 esse
732 751 968 802 voluerunt,
999 760 1048 792 ut
1076 759 1218 791 essent
1245 764 1391 791 eorum
1422 750 1505 792 alia

67 807 345 859 aestimabilia,
367 808 448 849 alia
464 817 624 860 contra,
641 808 724 850 alia
743 817 954 849 neutrum.
994 809 1102 864 Quae
1124 816 1266 848 autem
1290 807 1561 850 aestiman-51

68 862 123 904 da
140 874 296 916 essent,
317 879 466 906 eorum
487 866 529 907 in
558 865 650 907 aliis
680 865 779 908 satis
809 879 899 906 esse
928 878 1082 915 causae,
1113 863 1390 920 quamobrem
1410 864 1506 920 qui-

65 920 246 962 busdam
277 930 648 977 anteponerentur,
680 933 728 963 ut
763 922 805 963 in
838 920 1079 971 valitudine,
1110 929 1157 961 ut
1189 921 1232 961 in
1263 920 1507 976 integritate

67 991 282 1029 sensuum,
314 988 363 1020 ut
393 979 436 1019 in
472 979 631 1021 doloris
667 979 890 1029 vacuitate,
926 987 964 1012 98
976 988 1023 1019 ut
1054 977 1220 1033 gloriae,
1252 977 1506 1030 divitiarum,

68 1034 270 1076 similium
302 1050 468 1077 rerum:
498 1036 579 1077 alia
614 1045 755 1077 autem
794 1050 877 1076 non
911 1050 1002 1076 esse
1036 1033 1277 1091 ejusmodi:
1312 1035 1507 1090 Itemque

67 1104 230 1143 eorum,
267 1107 362 1148 quae
399 1093 515 1134 nulla
549 1093 830 1134 aestimatione
865 1092 997 1148 digna
1031 1100 1185 1143 essent,
1218 1090 1368 1147 partin]
1407 1091 1507 1132 satis

67 1146 224 1189 habere
237 1164 390 1199 causae,
404 1151 682 1205 quamobrem
703 1149 987 1206 rejicerentur,
1002 1158 1050 1190 ut
1066 1148 1275 1198 dolorem,
1292 1148 1508 1200 morbum,

68 1218 269 1246 sensuum
320 1206 606 1257 amissionem,
659 1216 964 1261 paupertatem,
1013 1205 1306 1261 ignominiam,
1354 1204 1510 1246 similia

68 1259 222 1302 horum
239 1279 249 1303 z
279 1263 432 1317 partim
452 1277 551 1303 non.
612 1263 805 1318 Itemque
826 1263 922 1304 hinc
942 1277 1032 1303 esse
1045 1262 1149 1302 illud
1164 1270 1374 1312 exortum,
1391 1261 1509 1316 quod

69 1317 190 1359 Zeno
205 1318 440 1374 προηγμένον,
460 1329 690 1375 contraque
706 1319 823 1375 quod
834 1319 1126 1373 ἀποπροηγμένον
1144 1318 1389 1369 nominavit,
1408 1332 1509 1359 cum

67 1382 258 1415 uteretur
276 1375 318 1415 in
336 1375 482 1430 lingua
500 1377 672 1431 copiosa
701 1377 821 1417 factis
851 1385 993 1417 tamen
1024 1375 1280 1425 nominibus,
1297 1389 1345 1415 ac
1367 1375 1483 1416 novis
1492 1390 1508 1426 3

67 1431 185 1486 quod
205 1431 326 1472 nobis
346 1432 389 1472 in
417 1432 495 1473 hac
521 1433 635 1487 inopi
663 1432 809 1487 lingua
838 1447 924 1473 non
954 1432 1217 1474 conceditur.
1247 1446 1507 1487 quamquam

67 1495 115 1528 tu
135 1487 241 1528 hanc
259 1488 538 1543 copiosiorem
564 1489 690 1529 etiam
719 1490 857 1530 dicere
879 1489 1002 1530 soles.
1023 1488 1098 1530 sed
1119 1503 1203 1529 non
1223 1487 1406 1528 alienum
1426 1497 1506 1539 est,

67 1557 155 1599 quo
194 1544 359 1585 facilius
396 1546 455 1586 vis
499 1546 613 1586 verbi
652 1546 928 1600 intelligatur,
971 1546 1180 1586 rationem
1227 1544 1354 1600 hujus
1391 1544 1505 1586 verbi

66 1600 250 1642 faciendi
283 1602 467 1642 Zenonis
500 1616 721 1657 exponere.
782 1603 845 1642 Ut
881 1602 1009 1651 enim,
1037 1601 1188 1657 inquit,
1224 1615 1351 1642 nemo
1386 1601 1503 1652 dicit,
1521 1593 1589 1649 16

66 1657 110 1698 in
131 1657 247 1713 regia
266 1672 412 1714 regem
440 1659 581 1713 ipsum
612 1659 733 1715 quasi
761 1658 1017 1714 productum
1047 1673 1138 1699 esse
1169 1658 1223 1699 ad
1251 1658 1504 1712 dignitatem
1517 1677 1567 1708 52

71 1714 132 1769 (id
152 1714 265 1755 enim
296 1724 361 1756 est
388 1715 625 1772 προηγμένον)
661 1716 736 1756 sed
766 1730 854 1767 eos,
883 1716 956 1771 qui
986 1716 1028 1756 in
1060 1715 1201 1770 aliquo
1227 1714 1388 1756 honore
1408 1715 1506 1766 sint,

67 1785 251 1826 quorum
272 1771 376 1813 ordo
397 1772 586 1827 proxime
606 1772 783 1824 accedit,
804 1781 842 1807 99
853 1782 900 1813 ut
932 1772 1143 1815 secundus
1175 1771 1229 1812 sit
1257 1771 1309 1812 ad
1340 1771 1508 1827 regium

68 1827 351 1882 principatum
372 1845 380 1869 ε
413 1828 472 1869 sic
494 1830 536 1869 in
558 1829 640 1870 vita
660 1844 744 1870 non
766 1845 829 1880 ea,
855 1839 914 1862 100
925 1844 1020 1885 quae
1048 1829 1247 1885 primario
1277 1829 1373 1869 loco
1394 1837 1508 1879 sunt,

68 1883 144 1925 sed
174 1898 238 1934 ea,
266 1899 362 1940 quae
401 1885 631 1926 secundum
672 1886 815 1927 locum
847 1887 1057 1937 obtinent,
1090 1885 1315 1942 προηγμένα,
1352 1884 1397 1926 id
1429 1894 1508 1936 est,

66 1940 278 1996 producta
296 1941 578 1983 nominentur.
600 1957 694 1998 quae
712 1943 775 1984 vel
793 1944 851 1984 ita
870 1943 1131 1999 appellemus
1156 1942 1216 1995 (id
1235 1943 1314 1983 erit
1331 1941 1508 1982 verbum

68 2011 93 2038 e
118 1997 260 2050 verbo)
301 1998 364 2038 vel
395 2007 607 2053 promota,
638 2008 680 2039 et
711 2011 889 2051 remota,
921 2001 999 2051 vel,
1033 2008 1082 2041 ut
1113 1999 1275 2040 dudum
1308 1998 1506 2049 diximus,

67 2054 308 2109 praeposita,
329 2055 393 2094 vel
411 2056 636 2110 praecipua,
663 2065 731 2097 1et
759 2057 831 2097 illa
860 2057 1029 2113 rejecta.
1061 2071 1105 2097 re
1135 2056 1246 2097 enim
1277 2055 1505 2106 intellecta,

68 2111 112 2151 in
149 2111 370 2152 verborum
411 2126 493 2153 usu
531 2112 672 2153 faciles
707 2127 797 2154 esse
831 2114 1048 2155 debemus.
1107 2113 1326 2156 Quoniam
1361 2120 1505 2152 autem
1518 2123 1567 2154 53

69 2181 212 2218 omne,
253 2167 370 2224 quod
406 2177 472 2209 est
507 2168 683 2221 bonum,
722 2172 908 2225 primum
947 2170 1093 2211 locum
1127 2180 1269 2212 tenere
1309 2168 1506 2218 dicimus,

70 2238 239 2266 necesse
271 2234 349 2275 est,
382 2239 459 2265 nec
492 2225 653 2266 bonum
684 2241 791 2277 esse,
825 2241 901 2267 nec
932 2227 1093 2268 malum
1124 2226 1222 2277 hoc,
1253 2224 1370 2280 quod
1397 2239 1507 2280 prae-

68 2281 269 2337 positum,
306 2281 370 2322 vel
402 2281 665 2338 praecipuum
707 2284 987 2324 nominamus.
1023 2284 1165 2338 itaque
1197 2282 1241 2323 id
1271 2279 1509 2331 definimus,

114 2468 151 2498 97
176 2462 252 2492 inter
275 2463 341 2504 illa]
366 2465 418 2496 Sic
433 2476 450 2496 e
467 2467 529 2497 Ms.
551 2466 667 2497 Eliensi
685 2468 767 2498 bene
809 2467 951 2508 cipatum]
978 2469 1126 2500 Davisius
1148 2471 1274 2510 corrigit
1295 2483 1313 2500 a
1336 2473 1412 2511 regio
1422 2474 1510 2513 prinu

71 2506 204 2536 correxit
219 2507 303 2537 idern
315 2509 482 2548 vulgatum
494 2510 568 2539 inter
580 2509 641 2539 haec
657 2518 684 2539 et
700 2509 764 2540 illa.
809 2511 919 2550 cipum.
964 2513 1030 2552 Ego
1046 2513 1214 2553 vulgatum
1234 2523 1362 2554 quoque
1383 2525 1508 2547 rectum

71 2548 182 2579 Sermo
197 2551 285 2580 enim
305 2559 351 2581 est
370 2553 409 2582 de
429 2562 494 2582 uno
517 2562 630 2592 genere
646 2563 764 2590 rerum,
810 2564 877 2584 esse
892 2562 980 2594 puto.

71 2592 156 2630 quod
172 2592 216 2621 nil
232 2593 315 2624 valet
331 2596 370 2625 ad
385 2596 483 2626 vitam
499 2596 637 2626 beatam.
855 2605 916 2628 100
939 2609 1006 2639 quae
1027 2598 1170 2637 primario
1194 2596 1250 2628 Ioco
1270 2598 1350 2640 runt]
1378 2601 1402 2631 E
1427 2600 1508 2631 Mss.

115 2641 154 2666 98
176 2641 211 2663 ut
233 2635 351 2675 gloriae,
372 2638 402 2668 d.
427 2649 450 2669 s.
476 2637 585 2678 rerum]
612 2639 708 2668 Deest
731 2638 764 2667 in
808 2641 1002 2678 quibusdam
1033 2642 1142 2674 Davis.
1169 2643 1295 2682 corrigit
1321 2645 1448 2683 primore
1478 2644 1509 2672 in

72 2675 134 2706 hac
159 2676 295 2709 lectione
320 2681 569 2719 substantivum,
597 2682 683 2711 unde
713 2690 765 2719 ge·
809 2682 878 2713 loco.

73 2719 162 2767 nitivi
176 2723 343 2760 pendeant.
387 2724 535 2755 Davisius
551 2724 694 2763 conjicit,
711 2733 766 2754 ex-
856 2734 869 2757 1
897 2734 924 2756 et
938 2726 992 2757 illa
1016 2727 1135 2767 rejecta]
1161 2727 1305 2760 Pearcius
1328 2730 1454 2768 corrigit
1477 2735 1511 2757 ut

74 2762 183 2792 cidisse
198 2763 346 2796 claritate.
811 2767 877 2799 illa.

119 2811 158 2837 99
179 2812 213 2835 u!
241 2808 376 2838 secundus
412 2809 452 2838 sit
480 2810 520 2839 ad
548 2809 658 2850 regium
683 2809 768 2848 prin-

754 2862 788 2889 M
817 2863 842 2894 2.
