1768 3095
205 116 280 148 120
511 111 583 149 DE
612 113 770 151 FINIB.
791 114 992 153 BONOR.
1014 115 1082 153 ET
1110 116 1322 154 MALOR‚

203 222 330 274 quam
352 221 569 262 communi
596 222 786 264 omnium
811 220 992 279 judicio,
1013 232 1055 265 et
1075 224 1226 279 optimi
1248 224 1640 280 cujusque'studiis,

202 284 328 340 atque
359 277 507 318 factis:
540 279 611 334 qui
643 280 853 334 permulta
884 281 939 322 ob
975 295 1067 321 eam
1100 296 1226 322 unam
1259 296 1428 322 causam
1463 281 1639 335 faciunt,

201 347 300 388 qula
334 332 471 383 decet,
505 335 604 390 quia
636 345 814 387 rectum,
849 337 947 392 quia
980 337 1206 378 honestum
1239 348 1332 388 est3
1363 338 1439 379 etsi
1475 338 1638 380 nullum

202 398 531 432 consecuturum
581 392 917 434 emolumentum
959 394 1111 434 vident.
1161 394 1354 436 homines
1393 394 1521 444 enim,
1560 394 1638 436 etsi

200 446 292 488 aliis
329 446 489 497 multis,
521 456 662 489 tamen
696 449 778 490 hoc
814 465 898 490 uno
933 465 956 489 a
986 451 1130 491 bestiis
1164 450 1394 505 plurimum
1428 451 1638 502 differunt,

203 510 239 535 83
256 503 372 558 quod
407 505 611 545 rationem
646 505 828 546 habeant
858 521 882 546 a
915 514 1063 547 natura
1096 507 1238 548 datam
1274 517 1562 563 mentemque,
1597 516 1641 548 et

200 573 356 610 acrem,
379 569 421 600 et
437 561 666 616 vigentem,
687 562 991 617 celerrimeque
1013 563 1148 604 multa
1168 564 1293 604 simul
1311 565 1560 620 agitantem,
1581 572 1639 615 et,

199 625 248 658 ut
267 616 326 657 ita
346 616 498 667 dicam,
523 626 560 649 84
578 632 791 672 sagacem,
814 634 906 673 quae
930 628 972 659 et
997 633 1144 660 causas
1175 634 1329 670 reruni,
1360 629 1402 661 et
1431 635 1638 665 consecur-

198 674 334 714 tiones
364 673 514 724 videat,
534 683 576 714 et
599 674 893 716 similitudines
913 675 1214 725 transierat,.et
1236 685 1273 708 85
1291 676 1504 732 disjuncta
1531 691 1636 718 con-

191 729 365 785 jungat,
385 739 428 771 et
448 745 546 772 cum
569 731 845 785 praesentibus
867 731 1013 772 futura
1031 732 1218 787 copulet,
1241 747 1498 788 omnemque
1517 747 1637 774 com-

195 786 405 841 plectatur
423 787 517 828 vitae
543 788 842 843 consequentis
872 797 1045 830 statum.
1079 795 1118 820 86
1135 788 1369 845 eademque
1399 789 1506 830 ratio
1537 790 1639 832 feeit

196 843 415 884 hominem
445 843 669 884 hominum
698 853 984 899 appetentem,
1006 859 1193 901 cumque
1215 845 1279 886 his
1301 853 1464 896 natura,
1485 854 1527 886 et
1548 860 1636 888 ser-

195 914 338 950 mone,
359 908 402 940 et
421 914 504 941 usu
523 910 846 955 congruentem,
868 909 917 943 ut
938 902 1153 957 profectus
1183 917 1209 943 a
1238 902 1412 943 caritate
1432 902 1638 944 domesti-

196 970 360 1007 corum,
392 971 441 996 ac
474 971 663 1008 suorum,
696 966 835 1013 serpat
867 958 1051 1013 longius,
1082 967 1123 999 et
1151 973 1194 999 se
1227 958 1419 1014 implicet
1451 959 1636 1015 primum

196 1012 365 1062 civium,
388 1013 540 1054 deinde
567 1014 760 1055 omnium
793 1015 1039 1056 mortalium
1070 1015 1295 1057 societate:
1327 1025 1470 1072 atque,
1504 1023 1553 1056 ut
1583 1015 1637 1057 ad

195 1068 436 1126 Archytam
468 1070 636 1126 scripsit
658 1070 792 1121 Plato,
813 1086 898 1112 non
925 1072 1006 1113 sibi
1035 1086 1079 1113 se
1110 1072 1189 1113 soli
1215 1080 1361 1113 natum
1382 1072 1638 1124 meminerit,

132 1132 185 1170 46
196 1125 271 1166 sed
293 1127 453 1182 patriae,
475 1126 550 1167 sed
570 1127 670 1177 suis,
690 1136 738 1169 ut
758 1128 986 1183 perexigua
1014 1143 1109 1184 pars
1140 1128 1219 1184 ipsi
1250 1128 1522 1184 relinquatur.
1582 1130 1638 1170 Et

152 1185 184 1215 b·
197 1183 397 1238 quoniam
418 1183 568 1224 eadem
589 1192 739 1224 natura
757 1185 1031 1239 cupiditatem
1054 1185 1246 1240 ingenuit
1276 1184 1439 1226 homini
1467 1185 1551 1226 veri
1571 1185 1637 1226 in-

193 1239 400 1290 veniendi,
422 1240 538 1295 quod
558 1240 759 1281 facillime
776 1249 966 1295 apparet,
986 1256 1085 1281 cum
1105 1241 1223 1286 vacui
1240 1241 1366 1291 curis,
1383 1242 1510 1282 etiam
1532 1241 1637 1297 quid

193 1295 236 1336 in
255 1296 360 1337 caelo
381 1296 467 1346 fiat,
485 1296 592 1337 scire
611 1311 780 1337 avemus
801 1314 809 1338 ε
842 1297 907 1337 his
928 1297 1056 1338 initiis
1082 1297 1245 1338 inducti
1265 1298 1408 1338 omnia
1426 1312 1521 1338 vera
1541 1298 1638 1339 dili-

192 1352 350 1407 gimus,
371 1352 414 1393 id
440 1361 519 1403 est,
542 1352 694 1402 fidelia,
716 1352 939 1408 simplicia,
959 1354 1223 1396 constantiaz
1255 1362 1347 1395 tum
1381 1368 1497 1406 vana,
1516 1355 1637 1404 falsa,

193 1408 383 1449 fallentia
410 1409 594 1459 odimus,
615 1418 664 1450 ut
684 1409 893 1460 fraudem,
916 1410 1164 1466 perjurium,
1185 1410 1405 1461 malitiam,
1426 1411 1639 1467 injuriam.

193 1464 343 1506 eadem
374 1466 482 1506 ratio
514 1466 643 1507 habet
676 1466 719 1506 in
749 1481 793 1507 se
826 1466 1028 1522 quiddam
1061 1467 1266 1522 amplum,
1286 1475 1413 1522 atque
1436 1468 1634 1522 magnifi-

193 1536 308 1573 cum,
330 1521 384 1563 ad
405 1523 696 1577 imperandum
719 1523 872 1578 magis,
894 1538 1019 1578 quam
1050 1524 1104 1564 ad
1132 1523 1367 1578 parendum
1390 1537 1636 1565 accommo-

193 1577 369 1620 datum:
402 1579 545 1620 omnia
564 1579 749 1620 humana
779 1594 864 1620 non
894 1579 1129 1620 tolerabilia
1150 1580 1304 1629 solum,
1327 1579 1399 1620 sed
1423 1580 1552 1621 etiam
1573 1581 1635 1621 le-

193 1635 257 1675 via
288 1635 471 1676 ducens:
503 1635 637 1675 altum
672 1635 873 1691 quiddam
904 1645 946 1677 et
973 1636 1202 1686 excelsum,
1232 1636 1335 1677 nihil
1363 1636 1531 1688 timens,
1562 1652 1636 1678 ne-

128 1697 180 1739 47
194 1691 296 1732 mini
317 1692 487 1742 cedens,
509 1706 673 1746 semper
694 1692 909 1733 invictum.
968 1693 1115 1748 Atque
1145 1692 1210 1733 his
1241 1692 1376 1734 tribus
1407 1694 1635 1748 generibus

191 1746 469 1789 honestorum
492 1749 662 1798 notatiS,
683 1756 879 1804 quartum
904 1749 1105 1804 sequitur,
1127 1757 1169 1789 et
1189 1750 1231 1790 in
1258 1749 1407 1790 eadem
1427 1750 1636 1805 pulcritu-

192 1802 303 1856 dine,
322 1814 366 1846 et
384 1813 531 1860 aptum
553 1820 603 1845 ex
623 1805 705 1846 illis
726 1805 861 1845 tribus
880 1822 889 1845 ε
921 1806 961 1846 in
994 1821 1079 1861 quo
1104 1807 1211 1846 inest
1232 1806 1352 1857 ordo,
1375 1815 1417 1847 et
1439 1807 1633 1847 modera-

190 1860 267 1901 tio.
299 1861 421 1917 cujus
455 1861 730 1902 similitudine
766 1872 986 1916 perspecta
1018 1863 1058 1902 in
1094 1863 1326 1904 formarum
1362 1862 1500 1917 specie
1534 1870 1570 1900 87
1586 1877 1636 1906 ac

192 1916 415 1972 dignitate,
436 1919 658 1959 transitum
692 1926 756 1958 est
788 1918 840 1959 ad
871 1918 1138 1960 honestatem
1170 1919 1383 1960 dictorum
1413 1927 1541 1975 atque
1570 1920 1633 1960 fa-

191 1981 373 2015 ctorum.
406 1990 503 2029 nam
524 1989 575 2015 ex
591 1974 656 2015 his
678 1975 813 2015 tribus
835 1975 1044 2025 laudibus,
1066 1991 1169 2031 quas
1191 1984 1287 2017 ante
1307 1975 1407 2026 dixi,
1427 1984 1470 2016 et
1499 1984 1632 2017 teme-

190 2030 361 2071 ritatem
381 2031 642 2082 reformidat,
663 2039 706 2072 et
727 2047 809 2072 non
833 2031 962 2072 audet
983 2033 1179 2087 cuiquam
1201 2042 1275 2074 aut
1301 2032 1416 2073 dicto
1436 2040 1631 2086 protervo

190 2095 266 2128 aut
284 2087 397 2128 facto
417 2102 567 2129 nocere
584 2105 592 2128 ε
615 2096 862 2143 vereturque
886 2088 1115 2144 quidquam
1139 2097 1213 2130 aut
1233 2089 1383 2138 facere,
1406 2096 1479 2129 aut
1498 2089 1633 2145 loqu-i,

190 2144 307 2198 quod
329 2159 475 2199 parum
498 2144 613 2185 virile
632 2144 831 2186 videatur.

110 2197 176 2247 15
247 2201 393 2242 Habes
424 2200 611 2256 undique
637 2201 846 2256 expletam
869 2210 912 2242 et
931 2202 1178 2257 perfectam,
1198 2202 1427 2257 Torquate,
1447 2202 1628 2243 formam

125 2272 175 2306 48
190 2255 420 2298 honestatis
439 2274 447 2298 ε
481 2273 575 2313 quae
606 2266 699 2298 tota
720 2258 785 2298 his
812 2267 1014 2313 quattuor
1040 2258 1278 2308 virtutibus,
1300 2273 1394 2313 quae
1416 2273 1441 2298 a
1459 2267 1500 2299 te
1520 2273 1628 2314 quo-

189 2327 271 2368 que
303 2323 648 2355 commemoratae
675 2323 786 2365 sunt,
816 2316 1068 2356 continetur.
1099 2314 1207 2355 hanc
1229 2329 1271 2355 se
1291 2322 1391 2356 tuus
1420 2314 1630 2370 Epicurus

232 2463 270 2488 ⁸3
288 2457 364 2497 quod
376 2457 514 2486 rationem
531 2456 666 2496 habeant]
685 2467 744 2489 scr.
761 2457 877 2487 habent.
931 2464 982 2488 cta
997 2458 1159 2495 dicuntur,
1177 2467 1241 2488 non
1258 2466 1392 2497 possunt
1407 2460 1571 2500 conjungi.

233 2507 272 2530 84
289 2500 433 2539 sagacem]
454 2501 664 2530 Marklandus
687 2502 726 2530 ad
750 2501 887 2530 Statium
976 2505 1014 2531 86
1031 2500 1184 2542 eademque
1199 2501 1274 2530 ratio
1285 2502 1366 2541 fecit
1382 2502 1410 2532 71.
1424 2502 1452 2532 h.
1468 2502 1513 2541 ιι]
1532 2504 1629 2533 Davi—

187 2553 218 2582 p.
239 2548 310 2573 161.
324 2544 449 2582 corrigit
463 2550 640 2582 satagacem‚
654 2544 739 2582 quod
754 2544 888 2573 verbum
933 2545 998 2574 sius
1013 2553 1041 2573 e.
1058 2543 1137 2573 Mss.
1154 2544 1287 2574 correxit
1298 2544 1384 2584 facit
1397 2556 1407 2573 .·
1431 2546 1523 2575 bene.
1540 2553 1571 2576 et
1585 2547 1631 2577 sic

188 2587 265 2624 quia
280 2595 403 2615 novum
427 2593 519 2621 esset,
543 2595 561 2614 a
586 2586 738 2616 Cicerone
761 2586 885 2616 emolli·
929 2597 1007 2616 mox
1022 2586 1119 2615 eadem
1136 2587 1209 2615 ratio
1231 2587 1315 2616 habet
1331 2588 1361 2616 in
1382 2599 1419 2617 se.
1435 2590 1521 2626 quod
1541 2589 1629 2627 dicit,

187 2629 259 2659 endi
284 2637 380 2658 causa
401 2629 545 2658 additum
568 2638 647 2664 esse,
663 2635 695 2657 ut
712 2628 755 2657 ita
776 2629 884 2665 dicam,
929 2631 998 2659 edd.
1014 2636 1088 2659 vett.
1104 2629 1148 2659 sic
1166 2630 1294 2665 habere,
1313 2631 1341 2659 id
1359 2630 1476 2660 falsum
1493 2637 1549 2661 est.

185 2672 273 2710 quod
288 2672 403 2701 usitato
420 2677 451 2700 et
465 2681 530 2701 non
546 2671 626 2700 duro
642 2671 738 2701 verbo
754 2682 885 2711 sagacem
973 2678 1009 2707 87
1028 2684 1045 2700 a
1059 2671 1215 2710 dignitate]
1237 2673 1269 2702 P.
1284 2674 1463 2710 Manutius,
1478 2675 1627 2711 Ursinus,

187 2724 253 2745 non
269 2715 450 2744 convenire.
468 2714 602 2744 mirifice
620 2712 637 2742 !'
930 2715 1104 2745 Lambinus
1132 2714 1294 2746 malebant
1319 2727 1354 2744 ac
1378 2715 1458 2755 dign.
1485 2718 1570 2755 quod
1599 2724 1629 2748 et

230 2764 267 2788 85
285 2756 427 2796 diy'uncta
442 2755 608 2796 conjungat]
634 2757 804 2795 Disjuncta
820 2757 853 2786 h.
864 2756 886 2787 l.
929 2764 1089 2797 repertum
1127 2758 1159 2787 in
1198 2758 1261 2787 Ms.
1301 2760 1416 2798 recepit
1452 2760 1601 2790 Davisius
1617 2770 1626 2788 ι

184 2806 273 2836 sunt,
290 2810 363 2839 quae
379 2806 563 2838 temporum
580 2799 750 2829 intervallis
771 2807 887 2830 secreta
929 2811 1028 2840 quem
1043 2807 1170 2831 secutus
1187 2811 1272 2831 sum.
1286 2802 1408 2842 decepit
1423 2802 1563 2833 librarios
1579 2812 1629 2834 se—

185 2850 272 2874 sunt.
288 2853 364 2873 nam
386 2843 552 2880 contraria,
568 2852 641 2883 quae
663 2842 740 2873 alias
763 2843 886 2882 disjun-
929 2854 1032 2883 quens
1048 2843 1203 2873 transitum
1219 2850 1270 2874 est.
