1778 3095
569 141 751 179 LIBER
780 139 1076 178 ou1NTUS.
1311 167 1348 173 ,.
1465 147 1547 188 209

113 252 226 294 enim
256 251 386 293 modo
406 253 621 292 summum
651 248 813 288 bonum
847 246 906 287 sic
936 245 1173 310 exponitur,
1194 254 1244 287 ut
1264 245 1308 286 id
1327 256 1444 289 vacet
1464 247 1544 290 ho-

113 318 301 350 nestate:
332 322 408 349 nec
437 305 587 355 officia,
608 319 685 344 nec
715 304 887 344 virtutes
908 303 950 344 in
971 318 1020 343 ea
1040 304 1215 353 ratione,
1241 317 1318 342 nec
1348 305 1544 346 amicitiae

111 376 306 406 constare
326 371 514 420 possunt.
575 361 834 416 Conjunctio
863 369 1006 401 autem
1031 374 1130 400 curn
1152 359 1372 400 honestate
1391 360 1454 400 vel
1476 376 1546 402 v-o
1556 377 1589 407 b,

113 422 300 477 luptatis,
318 420 382 460 vel
401 433 484 459 non
504 418 692 469 dolendi,
711 417 784 458 id
775 432 913 481 ipsum
940 416 1182 466 honestum,
1202 415 1319 471 quod
1346 416 1546 471 amplecti

114 480 216 530 vult,
236 476 360 518 efficit
379 485 516 539 turpe.
547 475 602 516 ad
632 489 701 514 eas
733 475 847 514 enirn
880 488 944 514 res
977 473 1129 513 referre
1151 488 1244 528 quae
1277 487 1409 527 agas·
1441 487 1548 528 qua-

113 550 206 577 rum
239 547 336 583 una,
368 531 402 572 si
429 532 522 587 quis
554 531 668 572 malo
700 539 853 581 careat,
882 530 924 570 in
953 544 1122 570 summo
1154 544 1254 578 eum
1288 530 1404 569 bono
1434 529 1548 571 dicat

113 605 229 640 esse3
260 589 390 630 altera
418 598 606 629 versetur
634 589 675 628 in
706 587 916 628 levissima
944 596 1060 642 parte
1086 595 1261 636 naturae,
1283 585 1546 627 obscurantis

112 656 176 688 cst
210 658 379 686 omnem
419 645 687 700 splendorem
728 643 975 694 honestatis,
1009 658 1061 684 ne
1099 642 1237 684 dicam
1277 642 1545 698 inquinantis

114 705 288 743 Restant
307 701 454 752 Stoici,
476 702 548 757 qui
567 716 666 742 cum
688 716 713 741 a
736 699 1035 756 Peripateticis,
1053 707 1095 740 et
1115 699 1384 740 Academicis
1405 701 1549 741 omnia

110 758 435 808 transtulissent,
456 758 697 799 nominibus
727 758 817 799 aliis
847 757 1015 798 easdem
1037 771 1101 797 res
1120 756 1254 798 secuti
1280 765 1390 797 sunt.
1451 757 1547 797 Hos

111 823 258 857 contra
278 815 467 870 singulos
497 815 581 856 dici
611 823 675 855 est
701 815 864 855 melius.
897 814 969 854 sed
998 828 1122 864 nunc,
1145 814 1262 878 quod
1281 814 1463 869 agimus
1494 813 1547 854 de

110 872 190 913 illis
224 886 323 913 cum
363 873 567 913 volemus.
627 863 867 913 Democriti
903 878 1047 912 autem
1087 871 1302 921 securitas,
1344 885 1442 926 quae
1482 880 1607 918 est23

111 928 237 970 animi
262 936 480 984 tamquam
512 929 806 984 tranquillitas,
828 936 869 960 30
883 942 1012 983 quam
1042 927 1257 982 appellant
1287 928 1473 980 εὐθυμίαν,
1495 941 1547 968 eo

109 986 342 1041 separanda
361 986 441 1026 fuit
461 986 515 1026 ab
535 986 614 1026 hac
634 984 937 1050 disputatione,
956 984 1057 1040 quia
1085 985 1165 1025 ista
1194 984 1323 1024 animi
1342 984 1550 1039 tranquil-

109 1042 219 1094 litas,
241 1057 291 1083 ea
310 1042 401 1107 ipsa
429 1052 508 1083 est
525 1044 651 1084 beata
681 1044 777 1083 vita.
809 1041 1038 1098 quaerimus
1068 1048 1226 1090 autem,
1249 1055 1333 1081 non
1363 1056 1459 1096 quae
1481 1042 1550 1090 sit,

111 1099 182 1140 sed
203 1100 315 1140 unde
334 1100 401 1140 sit.
459 1100 556 1140 Jam
582 1099 781 1163 explosae,
803 1100 1035 1156 ejectaeque
1065 1097 1284 1138 sententiae
1308 1097 1549 1162 Pyrrhonis,

109 1156 337 1207 Aristonis,
358 1156 527 1208 Herilli,
549 1156 695 1212 quod
685 1172 728 1196 m
747 1157 861 1197 hunc
882 1155 1046 1206 orbem,
1067 1169 1194 1210 quem
1215 1154 1548 1209 circumscripsi-

112 1228 222 1264 mus,
244 1213 427 1254 incidere
449 1228 533 1254 non
554 1223 747 1269 possunt,
769 1211 1019 1254 adhibendae
1050 1211 1224 1252 omnino
1255 1226 1339 1252 non
1362 1211 1547 1252 fuerunt.

113 1285 208 1310 nam
233 1285 330 1310 cum
361 1270 499 1310 omnis
529 1270 621 1310 haec
654 1271 831 1325 quaestio
861 1269 914 1310 de
945 1268 1110 1319 finibus,
1132 1277 1176 1308 et
1197 1268 1317 1324 quasi
1337 1268 1390 1309 de
1411 1277 1547 1309 extre-

111 1327 192 1367 mis
211 1327 421 1367 bonorum
441 1336 483 1367 et
504 1327 729 1376 malorum,
750 1327 803 1367 ab
822 1340 874 1367 eo
895 1325 1200 1381 proficiscatur,
1221 1324 1339 1389 quod
1369 1324 1549 1365 dicimus

114 1392 273 1424 naturae
304 1397 395 1424 esse
425 1393 587 1438 aptum,
610 1392 652 1424 ct
682 1382 1069 1433 accommodatum,
1090 1381 1324 1436 quodque
1314 1396 1453 1445 lpsum
1475 1395 1549 1436 per

111 1454 156 1480 se
177 1440 359 1494 primum
392 1449 638 1494 appetatur:
672 1439 753 1480 hoc
783 1448 921 1480 totum
944 1448 987 1480 et
1008 1439 1035 1479 ii
1055 1438 1225 1488 tollunt,
1247 1453 1342 1493 quae
1361 1438 1403 1477 in
1424 1439 1548 1479 rebus

109 1496 173 1546 iis,
196 1496 236 1535 in
258 1496 411 1551 quibus
433 1496 551 1546 nihil,
572 1504 607 1527 31
625 1497 741 1551 quod
769 1505 843 1537 aut
874 1496 1117 1543 honestum,
1137 1503 1210 1535 aut
1238 1503 1362 1550 turpe
1387 1495 1454 1544 sit,
1475 1509 1548 1535 ne-

110 1560 215 1607 gant
234 1566 325 1593 esse
344 1552 474 1592 ullam
496 1568 684 1603 causam,
707 1568 782 1594 cur
802 1552 917 1593 aliud
936 1552 1006 1593 alii
1026 1561 1319 1606 anteponatur,
1343 1565 1418 1592 nec
1441 1552 1550 1592 inter

109 1623 179 1649 eas
210 1623 275 1649 res
306 1608 537 1664 quidquam
569 1611 741 1650 omnino
772 1617 923 1664 putant
952 1610 1176 1649 interesse:
1209 1617 1251 1648 et
1282 1607 1487 1658 Herillus,
1516 1609 1551 1649 si

111 1665 169 1705 ita
189 1665 330 1715 sensit,
353 1665 456 1706 nihil
490 1680 580 1706 esse
609 1666 784 1715 bonum,
803 1675 958 1729 praeter
989 1664 1223 1715 scientiam,
1243 1679 1415 1705 omnem
1443 1679 1548 1705 con-

110 1721 190 1762 silii
224 1722 416 1777 capiendi
446 1737 632 1773 causam,
660 1723 1027 1778 inventionemque
1059 1721 1185 1762 officii
1217 1721 1402 1762 sustulit.
1462 1722 1547 1771 Sic,

109 1778 290 1819 exclusis
311 1780 524 1821 sententiis
554 1780 829 1835 reliquorum,
850 1795 949 1820 curn
978 1787 1181 1834 praeterea
1201 1778 1316 1819 nulla
1335 1792 1426 1819 esse
1447 1792 1547 1834 pos-

110 1836 177 1885 sit,
199 1836 290 1876 haec
311 1836 582 1891 antiquorum
611 1837 746 1877 valcat
776 1850 946 1877 necesse
978 1845 1056 1877 est.
1116 1837 1232 1890 Ergo
1261 1835 1456 1876 instituto
1475 1844 1594 1898 ve-9

109 1901 263 1942 terum,
285 1907 370 1947 quo
392 1893 520 1933 etiam
543 1893 675 1934 Stoici
693 1902 886 1944 utuntur,
907 1893 1004 1934 hinc
1025 1893 1241 1947 capiamus
1263 1892 1499 1933 exordium.

167 1948 305 1989 Omne
327 1950 481 1989 animal
502 1964 545 1990 se
565 1951 701 2005 ipsum
728 1950 882 2005 diligit,
913 1965 962 1991 ac
995 1949 1121 1990 simul
1150 1958 1196 1990 ut
1227 1959 1369 1991 ortum
1402 1958 1479 1999 est,
1501 1949 1543 1990 id
1557 1956 1610 1989 24

109 2006 213 2060 agit,
234 2015 283 2046 ut
303 2019 347 2045 se
372 2016 603 2057 conservet,
625 2006 739 2061 quod
769 2006 838 2047 hic
868 2006 906 2047 ei
938 2007 1097 2062 primus
1130 2006 1184 2047 ad
1214 2020 1386 2053 omnem
1416 2006 1544 2047 vitam
1556 2016 1586 2045 P·
1606 2012 1676 2036 130·

108 2062 308 2103 tuendam
341 2063 552 2118 appetitus
574 2078 598 2104 a
616 2072 766 2104 natura
797 2063 936 2115 datur,
957 2078 1001 2103 se
1032 2071 1081 2104 ut
1111 2072 1342 2113 conservet,
1362 2071 1401 2094 ³2
1419 2072 1546 2118 atque
1556 2059 1585 2079 a.

108 2119 168 2160 ita
188 2119 241 2160 sit
262 2119 474 2169 affectum,
496 2130 545 2161 ut
564 2120 725 2175 optime
753 2121 984 2161 secundum
1014 2128 1207 2161 naturam
1227 2120 1425 2162 affectum
1455 2134 1547 2161 esse
1596 2155 1599 2158 .

109 2176 257 2231 possit.
317 2177 442 2217 Hanc
474 2177 595 2217 initio
625 2177 971 2218 constitutionem
1001 2177 1223 2218 confusam
1255 2177 1397 2227 habet,
1418 2187 1461 2218 et
1481 2178 1546 2217 in-

110 2242 283 2282 certam,
305 2241 352 2273 ut
381 2233 678 2274 tantummodo
711 2248 754 2274 se
785 2243 967 2283 tueatur,
986 2241 1025 2265 33
1043 2234 1352 2298 qualecumque
1374 2235 1441 2274 sit.
1471 2233 1545 2274 sed

113 2304 189 2330 nec
211 2289 312 2344 quid
333 2290 400 2340 sit,
423 2305 498 2331 nec
522 2290 623 2345 quid
645 2291 793 2346 possit,
814 2305 890 2331 nec
921 2289 1025 2346 quid
1054 2290 1185 2345 ipsius
1213 2300 1363 2331 natura
1392 2291 1459 2340 sit,
1480 2291 1543 2331 in-

111 2346 281 2401 telligit.
343 2346 455 2387 Cum
486 2357 629 2388 autem
661 2348 867 2402 processit
895 2347 1100 2403 paullum,
1121 2355 1164 2387 et
1192 2356 1398 2411 quatenus
1420 2322 1546 2403 q'uid-

112 2403 212 2458 quid
241 2417 283 2443 se
314 2405 509 2459 attingat,
531 2404 583 2444 ad
613 2419 742 2460 seque
770 2404 990 2459 pertineat,
1022 2404 1258 2458 perspicere
1289 2404 1434 2459 coepit,
1453 2413 1545 2445 tum

111 2460 264 2500 sensim
302 2461 449 2515 incipit
487 2461 701 2517 piogredi,
736 2475 910 2516 seseque
945 2474 1188 2515 agnoscere,
1222 2468 1266 2500 et
1299 2460 1548 2525 intelligere,

111 2523 150 2547 ‘2³4
166 2531 292 2572 quam
313 2517 368 2558 ob
389 2532 557 2558 causam
582 2519 737 2560 habeat
755 2533 868 2568 eum,
890 2532 1017 2572 quem
1043 2517 1239 2567 diximus,
1261 2518 1388 2558 animi
1418 2531 1547 2573 appe-

155 2633 194 2657 30
211 2638 297 2668 quam
313 2626 463 2666 appellant
485 2626 649 2668 εὐθυμῖαή
660 2628 807 2657 Davisius
893 2632 932 2657 32
947 2633 1035 2667 atque
1048 2626 1091 2656 ita
1105 2627 1143 2656 sit
1158 2626 1451 2668 ‹fficium—possit]
1467 2628 1547 2659 Haec

112 2670 235 2708 corrigit
264 2670 393 2710 appellat
421 2681 467 2700 sc.
496 2671 710 2702 Democritus.
742 2681 807 2700 non
848 2679 904 2708 pro
933 2670 1121 2709 glossemate
1151 2671 1247 2700 habet
1275 2672 1434 2701 Davisius.
1460 2681 1501 2701 an
1530 2682 1547 2701 e

115 2713 208 2742 male.
848 2714 1054 2752 sequentibus
1092 2714 1157 2743 huc
1193 2720 1302 2749 tracta,
1344 2714 1399 2745 ubi
1436 2716 1547 2745 eadem

157 2762 193 2785 31
225 2755 299 2795 quod
322 2767 375 2786 non
400 2756 624 2786 aut‘lzonbstum
651 2754 724 2794 &Ol
754 2767 807 2784 non
849 2757 949 2785 sunt?

113 2798 206 2837 plane
222 2798 362 2828 alienu-m
378 2805 424 2828 est
439 2805 469 2828 et
483 2807 591 2829 contra
607 2809 684 2829 rem.
702 2801 807 2837 itaque
894 2804 933 2828 38
951 2798 1156 2841 qualecumque
1167 2799 1218 2838 sit]
1235 2810 1280 2830 sc.
1296 2799 1329 2828 τὸ
1344 2809 1376 2830 se
1392 2799 1483 2830 tueri.

115 2850 191 2870 curn
216 2841 356 2877 Davisio,
379 2849 505 2871 auctore
531 2843 599 2873 Ms.
613 2843 707 2872 Paris.
726 2842 809 2871 dele·
896 2848 936 2872 34
961 2854 990 2883 q.
1014 2854 1038 2871 o.
1062 2853 1088 2872 c.
1115 2842 1197 2871 hahet
1223 2853 1287 2871 cum
1313 2841 1388 2882 δια]
1418 2843 1548 2881 Semper

114 2885 154 2913 vi.
852 2885 960 2923 putavi
976 2885 1146 2923 legendum
1164 2895 1229 2916 esse
1248 2885 1362 2921 babeat,
1378 2885 1484 2924 sieque
1503 2895 1547 2914 re-

174 2938 288 2966 VOL·
312 2938 379 2965 IV.
404 2939 442 2965 P.
468 2939 499 2966 Ι.
888 2940 910 2966 Ρ
