1778 3095
536 124 715 161 LIBER
750 124 1087 163 SECUNDUS.
1445 128 1518 166 601

101 239 191 272 tum
212 231 254 274 in
274 232 413 274 animo
445 231 608 273 Marius
630 231 881 282 versabatur,
903 231 1151 282 recordanti,
1171 246 1306 296 quam·
1328 233 1398 274 ille
1425 249 1525 290 gra·-

100 295 192 328 vem
227 305 350 330 suum
377 303 518 330 casum
550 302 708 342 magno
747 287 904 337 animo,
941 303 1067 343 quam
1100 289 1310 330 constanti
1349 290 1525 332 tulisset.

101 344 224 386 Hanc
255 345 379 386 credo
410 359 579 386 causam
609 344 662 384 de
692 343 765 384 illo
796 343 1031 384 somniandi
1054 345 1195 385 fuisse.
1254 345 1349 385 Tibi
1371 352 1612 407 autem,68

101 400 153 441 de
175 416 242 441 me
263 417 360 442 cum
382 399 662 442 sollicitudine
694 399 912 454 cogitanti,
935 400 1075 440 subito
1102 416 1192 441 sum
1215 402 1324 442 visus
1344 416 1529 444 emersus

101 470 124 496 e
144 458 328 498 flumine.
348 458 508 498 inerant
527 457 637 497 enim
658 457 698 496 in
722 456 937 511 utriusque
958 459 1147 496 nostrum
1172 458 1334 508 animis,
1356 458 1532 513 vigilan-

100 512 208 554 tium
228 514 533 569 cogitationum
556 513 742 568 vestigia.
802 514 863 553 At
884 512 1076 567 quaedam
1109 512 1307 568 adjuncta
1333 524 1454 555 sunt.
1487 523 1533 555 ut

101 569 207 610 mihi
235 570 287 611 de
317 579 591 610 monumento
622 570 776 619 Marii3
808 568 900 620 tibi,
931 569 1045 624 quod
1076 583 1224 632 equuS,
1254 584 1294 609 m
1327 585 1412 625 quo
1451 585 1533 626 ego

101 625 293 676 vehebar,
315 640 481 667 mecum
506 640 588 667 una
608 626 824 666 demersus
846 639 986 665 rursus
1011 625 1218 680 apparuit.
1275 626 1346 666 An
1368 636 1415 667 tu
1436 642 1532 668 cen-
1550 633 1619 665 141

102 695 166 722 565
188 681 313 722 ullam
335 697 459 723 anum
491 692 578 723 tam
610 682 780 723 deliram
813 682 997 722 futuram
1019 682 1159 731 fuisse,
1183 690 1231 722 ut
1251 683 1422 723 somniis
1444 683 1578 724 cre-b·

101 737 232 786 deret,
259 739 337 779 nisi
367 739 447 780 ista
476 754 577 779 casu
607 753 939 793 nonnumquam,
970 738 1093 789 forte,
1123 747 1282 779 temere
1312 752 1535 780 concurre-

102 795 224 834 rent?
257 794 500 836 Alexandro
537 796 663 836 draco
694 795 809 850 loqui
830 794 939 835 visus
961 804 1037 835 est.
1099 796 1240 835 Potest
1262 795 1433 836 omnino
1455 795 1537 836 hoc

103 864 193 890 esse
225 851 392 902 falsum,
426 861 564 907 potest
597 866 768 892 verum.
802 850 873 891 sed
901 860 1041 891 utrum
1070 852 1136 901 sit,
1167 858 1308 891 3411011
1329 861 1392 892 est
1411 852 1539 893 mira-

103 905 201 947 bile.
223 922 305 948 non
328 908 437 948 enim
461 908 617 948 audivit
637 907 706 948 ille
726 907 952 947 diaconem
971 908 1231 962 loquentem,
1252 907 1325 948 sed
1345 918 1409 949 est
1429 909 1538 949 visus

104 963 273 1004 audire:
306 974 348 1004 et
368 964 553 1019 quidem,
575 978 660 1018 quo
691 964 827 1019 majus
855 964 922 1013 sit,
943 978 1040 1004 cum
1068 963 1248 1004 iadicem
1272 979 1342 1004 ore
1362 973 1537 1016 teneret,

104 1019 272 1060 locutus
292 1029 370 1060 est.
430 1020 513 1060 Sed
547 1020 650 1060 nihil
674 1030 737 1060 est
756 1034 959 1075 magnum
987 1020 1226 1060 somnianti.
1286 1022 1443 1076 Ouaero
1463 1036 1538 1062 au-

105 1084 206 1125 tem,
229 1090 303 1116 cur
323 1076 564 1117 Alexandro
594 1085 679 1117 tam
711 1076 873 1117 illustre
905 1076 1131 1140 somnium,
1155 1086 1240 1117 tam
1265 1087 1441 1127 certum,
1463 1092 1539 1119 nec

106 1131 203 1172 huic
234 1132 369 1173 eidem
401 1132 515 1182 alias,
547 1147 621 1173 nec
652 1132 786 1173 multa
816 1133 978 1173 ceteris.
1040 1133 1152 1173 Mihi
1183 1132 1367 1189 quidem,
1389 1144 1541 1188 praeter

106 1186 189 1228 hoc
212 1189 469 1240 Marianum,
490 1189 591 1230 nihil
612 1204 723 1240 sane,
744 1189 857 1244 quod
887 1189 1163 1230 meminerim.
1226 1190 1391 1230 Frustra
1411 1189 1540 1244 igitur

106 1254 339 1286 consumtae
375 1255 440 1286 tot
473 1254 617 1287 noctes
653 1256 739 1286 tam
771 1245 900 1300 longa
935 1245 975 1286 in
1012 1255 1150 1286 aetate.
1208 1247 1335 1287 Nunc
1369 1246 1540 1302 quidem
1557 1254 1630 1287 142

106 1311 279 1357 propter
310 1302 657 1343 intermissionem
688 1302 862 1343 forensis
893 1316 1030 1357 operae
1061 1312 1103 1343 et
1132 1302 1443 1343 lucubrationes
1466 1303 1541 1343 de-

107 1358 227 1408 traxi,
249 1370 292 1399 et
310 1359 620 1399 meridiationes
643 1358 797 1409 addidi,
817 1359 969 1414 quibus
996 1359 1058 1399 uti
1078 1368 1198 1400 antea
1221 1375 1303 1400 non
1323 1359 1539 1400 solebam.

109 1428 184 1455 nec
206 1425 291 1455 tam
313 1415 494 1455 multum
514 1415 739 1466 dormiens,
760 1415 848 1456 ullo
871 1415 1035 1456 somnio
1058 1431 1149 1456 sum
1172 1415 1427 1465 admonitus,
1449 1425 1542 1456 tan-

108 1471 161 1511 tis
190 1471 420 1526 praesertim
450 1471 501 1512 de
527 1473 679 1513 rebus:
712 1480 842 1513 351166
873 1471 977 1512 mihi
1004 1472 1138 1536 magis
1172 1487 1357 1528 unquam
1388 1472 1542 1523 videor,

109 1542 235 1581 quam
261 1542 359 1568 cum
386 1537 460 1568 aut
487 1528 526 1568 in
562 1528 654 1568 foro
677 1529 963 1583 magistratUS,
985 1539 1056 1569 aut
1077 1530 1116 1569 in
1138 1529 1253 1569 curia
1272 1537 1462 1570 senatum
1484 1529 1543 1569 vi-

107 1583 203 1634 deo,
225 1584 446 1624 somniare.

166 1640 334 1681 Etenim
360 1643 424 1693 (ex
443 1640 642 1681 (1111510116
662 1640 743 1681 hoc
764 1641 994 1682 secundum
1018 1642 1097 1693 est)
1124 1655 1217 1696 quae
1237 1649 1299 1681 est
1320 1642 1538 1683 continua-
1553 1639 1624 1698 69

110 1696 171 1738 tio
200 1696 527 1752 conjunctioque
557 1706 714 1737 naturae
751 1701 909 1753 (quam,
929 1706 975 1737 ut
998 1697 1096 1744 dixi,
1118 1705 1266 1737 vocant
1290 1699 1536 1751 συμπάθειαν)

110 1752 333 1809 ejusmodi,
359 1763 406 1793 ut
430 1753 649 1794 thesaurus
676 1768 726 1794 ex
754 1769 832 1795 010
859 1754 1036 1809 intelligi
1058 1753 1239 1794 debeat?
1274 1768 1368 1794 nam
1390 1755 1543 1796 medici

111 1823 162 1850 ex
180 1809 429 1865 quibusdam
452 1810 575 1849 rebus
606 1820 648 1850 et
676 1810 953 1859 advenientes,
973 1820 1014 1850 et
1034 1820 1266 1851 crescentes
1288 1811 1489 1851 morbos
1479 1827 1544 1852 in-

112 1867 338 1920 telligunt:
371 1866 581 1906 nonnullae
611 1866 735 1906 etiam
762 1866 997 1906 ialitudinis
1024 1866 1366 1921 significationeS,
1386 1877 1433 1908 ut
1463 1868 1545 1910 hoc

113 1922 268 1977 ipsum,
296 1921 407 1976 pleni
437 1921 612 1963 enectine
641 1922 778 1969 simus,
808 1937 857 1962 ex
889 1923 1070 1977 quodam
1102 1937 1256 1978 genere
1285 1925 1541 1965 somniorum

114 1978 294 2034 intelligi
326 1992 450 2042 posse
483 1978 691 2020 dicuntur.
751 1978 988 2020 Thesaurus
1029 1994 1139 2029 vero,
1175 1988 1216 2020 et
1248 1979 1468 2030 hereditas,
1503 1989 1545 2021 et

114 2035 264 2100 honos,
286 2043 327 2076 et
348 2035 532 2085 iictoria,
554 2045 595 2075 et
627 2035 760 2077 multa
787 2036 950 2090 generis
983 2035 1187 2090 ejusdem,
1208 2051 1289 2091 qua
1311 2051 1407 2076 cum
1431 2051 1544 2077 50111-

115 2092 193 2132 11115
214 2090 390 2132 naturali
410 2092 952 2156 6οξ1,·113ῒὶ01161011800101·.>
986 2092 1155 2133 Dicitur
1176 2091 1360 2156 qui-dam,
1383 2108 1478 2134 cum
1502 2093 1544 2134 in
1562 2106 1632 2139 143

116 2148 273 2190 somnis
289 2148 513 2203 complexu
531 2149 715 2189 Venerio
730 2149 992 2204 jungeretur,
1014 2148 1198 2189 calculos
1217 2148 1402 2205 ejecisse.
1424 2150 1545 2191 video

117 2204 415 2268 sympathiam.
437 2219 569 2245 usum
591 2214 653 2245 est
674 2206 784 2246 enim
811 2205 894 2246 tale
924 2206 1139 2270 objectum
1161 2205 1399 2256 dormienti,
1421 2215 1468 2246 ut
1488 2207 1545 2258 id,

115 2261 232 2317 quod
262 2261 410 2311 evenit,
440 2270 597 2301 natuiae
627 2262 699 2311 vis,
731 2277 815 2302 non
840 2262 983 2317 opinio
1013 2262 1162 2302 erroris
1181 2262 1376 2303 effecerit.
1435 2265 1672 2319 9036111113ε

117 2318 247 2373 igitur
267 2325 413 2358 natura
432 2317 587 2358 obtulit
607 2317 721 2358 illam
744 2319 926 2373 speciem
949 2318 1169 2368 Simonidi,
1190 2333 1214 2359 a
1235 2334 1317 2374 qua
1337 2327 1584 2361 xmetaretura

118 2375 342 2429 navigare?
375 2384 448 2414 aut
490 2373 591 2429 quid
631 2383 787 2415 naturae
824 2375 1070 2430 copulatum
1109 2375 1258 2416 habuit
1296 2375 1545 2427 Alcibiadis,

119 2432 235 2494 quod
265 2430 472 2480 scribitur,
504 2430 743 2472 somnium?
777 2446 855 2495 qui
879 2431 1020 2487 paullo
1052 2442 1147 2473 ante
1177 2431 1407 2483 interitum,
1437 2433 1546 2474 visus

118 2495 184 2528 est
219 2502 259 2526 1n
290 2486 447 2527 somnis
478 2487 623 2527 amicae
654 2501 744 2528 esse
774 2487 953 2529 amictus
984 2489 1180 2530 amiculo.
1242 2490 1282 2529 Is
1313 2503 1410 2530 cum
1439 2497 1548 2530 esset

119 2542 334 2599 projectus
352 2543 608 2595 inhumatus,
630 2544 683 2585 ab
702 2545 981 2601 omnibusque
1002 2545 1190 2586 desertus
1205 2544 1393 2601 jaceret:
1414 2546 1548 2587 amica

165 2684 205 2708 34
228 2689 280 2707 non
303 2684 343 2707 est
365 2677 507 2717 mirabile]
534 2680 584 2711 Sic
606 2681 675 2711 edd.
690 2688 766 2712 vett.
782 2689 813 2713 at
855 2682 1028 2713 irrisionem
1054 2683 1085 2712 in
1108 2689 1255 2713 senatum
1279 2688 1310 2711 et
1335 2680 1547 2719 magistratus,

124 2723 309 2752 recentiores
326 2732 390 2750 2550·
855 2735 934 2763 quos
952 2736 1014 2756 non
1033 2736 1120 2756 veros
1137 2736 1201 2755 esse
1216 2724 1286 2754 vult
1301 2725 1414 2759 dicere,
1431 2724 1506 2753 sed
1500 2733 1547 2752 m·

167 2770 205 2794 35
230 2775 280 2793 nec
295 2763 364 2792 mihi
380 2763 471 2802 magis
494 2763 631 2805 unquam]
652 2766 702 2795 Sic
718 2775 735 2794 e
752 2766 814 2796 Ms.
858 2778 932 2798 anes
955 2770 1073 2807 species
1095 2770 1159 2798 veri
1181 2774 1320 2803 senatus,
1338 2775 1548 2804 verorumque

126 2807 232 2836 Guelf.
248 2808 316 2836 dedi
334 2816 388 2845 pro
403 2806 531 2845 vulgato
551 2817 681 2848 usquam.
698 2809 782 2838 idem
798 2818 815 2838 e
860 2812 1113 2850 magistratuum.

127 2849 204 2881 Mss.
230 2850 387 2881 Davisius.
431 2849 580 2881 Ceterum
605 2850 695 2883 locus
722 2851 816 2882 habet
