1778 3095
226 86 307 124 360
579 88 834 128 TUSCUL.
865 89 1308 130 QUAESTIONUM

279 194 558 247 Philosophorum.
616 199 710 236 Nam
744 199 1015 251 quemadmodum
1050 201 1246 241 Geometrae‚
1275 214 1350 237 cum
1380 198 1515 251 aliquid
1543 200 1654 239 docere

276 249 410 292 volunt,
441 251 471 287 si
496 251 580 302 quid
606 251 656 289 ad
684 266 755 290 eam
787 267 856 290 rem
881 255 1025 304 pertinet
1051 268 1172 297 eorum,
1200 268 1278 305 quae
1304 262 1382 291 ante
1407 253 1597 298 docuerunt,
1616 254 1656 292 id

275 313 411 340 sumunt
426 315 494 364 pro.
505 318 651 342 concesso
676 316 706 343 et
728 307 882 357 probato,
911 307 1000 345 illud
1023 307 1114 345 modo
1138 309 1319 358 explicant,
1337 307 1377 344 de
1392 320 1456 358 quo
1473 317 1552 344 ante
1569 307 1656 345 nihil

275 356 435 406 scriptum
465 358 533 402 sit3
557 357 741 410 philosophi
768 371 893 403 autem,
920 374 1150 412 quamcunque
1176 375 1241 398 rem
1270 360 1393 398 habent
1420 374 1455 396 in
1482 360 1652 406 manibus,

275 409 310 446 in
328 423 414 453 eam,
434 425 512 461 quae
527 413 739 457 conveniunt,
760 422 939 462 congerunt
958 415 1078 457 omnia,
1099 415 1160 451 etsi
1186 416 1253 452 alio
1273 415 1338 451 loco
1356 414 1529 463 disputata
1547 421 1651 451 sunt:

273 463 322 500 sic
343 463 453 501 Cicero
466 465 571 515 primo
598 480 639 502 ez
665 467 717 509 iis,
745 481 822 516 quae
848 467 1067 517 superioribus
1094 467 1207 504 diebus
1234 468 1437 518 disputarat‚
1458 467 1587 515 conficit
1604 467 1653 510 id,

274 515 366 568 quod
381 519 569 567 quaeritur3
600 519 716 556 deinde
743 532 822 556 vero
849 521 899 556 ita
926 520 965 556 de
993 520 1055 557 bac
1084 522 1263 571 quaestione
1293 521 1457 571 disputat,
1477 530 1652 571 tamquam

273 570 491 620 superioribus
508 571 620 609 diebus
640 573 691 609 nil
706 583 788 608 esset
812 572 1012 623 disputando
1035 574 1226 622 confectum.
1284 575 1374 611 Nam
1388 575 1496 624 primo
1513 573 1654 611 ostendit

277 621 436 668 breviter,
463 625 494 662 si
520 627 649 676 sapiens
677 625 824 662 omnibus
848 626 1156 676 perturbationibus
1186 627 1268 664 liber
1295 629 1352 671 sit,
1381 642 1443 664 non
1469 638 1524 678 po
1531 641 1563 664 e
1588 641 1652 664 non

276 674 411 714 beatum
430 679 609 728 sapientem
629 692 706 722 esse,
726 678 815 729 quod
825 679 882 728 qui
896 679 985 716 iniis
1002 681 1081 723 sint,
1097 679 1206 716 miseri
1217 681 1281 717 sint
1301 681 1491 718 necessario
1524 682 1653 731 Quare,

273 742 348 766 cum
377 731 491 767 virtus
524 746 546 768 a
569 731 876 782 perturbationibus
904 732 975 769 sola
1003 732 1129 772 liberet.
1148 734 1310 770 virtutem
1340 735 1518 770 necessario
1545 734 1650 771 so'am

276 782 408 820 beatum
426 784 583 820 bominem
605 783 738 833 efficere.
758 800 787 822 c.
809 792 843 822 5
869 787 906 824 6.
964 787 1005 823 ln
1030 800 1092 837 quo
1118 785 1322 846 reprehendit
1347 797 1488 824 veterem
1518 787 1650 824 Acade-

273 836 428 873 micorum
446 846 477 874 et
495 838 821 889 Peripateticorum
810 853 901 876 incon
903 840 1081 883 stantiam,
1109 840 1166 889 qui
1181 854 1254 876 cum
1273 841 1340 877 tria
1353 854 1479 890 genera
1499 840 1651 878 bonorum

261 889 418 940 faciant,
437 891 539 928 solam
560 900 670 929 tamen
689 893 850 929 virtutem
869 892 984 930 dicant
1009 893 1170 941 sufficere,
1187 895 1248 930 etsi
1266 907 1328 930 non
1345 893 1395 930 ad
1411 893 1650 937 beatissimam,

273 947 383 980 tamen
397 943 447 980 ad
463 944 595 982 beatam
609 946 732 983 vitam.
752 959 778 982 c.
794 950 834 992 7-
843 953 902 984 13.
958 946 1090 983 Deinde
1116 948 1229 984 multis
1248 957 1317 984 tum
1338 948 1558 997 argumentis,
1580 954 1651 983 tum

271 997 424 1047 exemplis
445 997 608 1036 bominum
628 1006 660 1036 et
677 1000 869 1036 vitiosorum
889 1009 921 1037 et
939 1000 1078 1037 virtutis
1107 1000 1206 1038 laude
1232 1001 1409 1037 illustrium
1433 1000 1650 1044 demonstrat,

270 1050 432 1088 virtutem
464 1051 589 1100 efficere
621 1052 778 1090 hominem
809 1067 872 1090 non
910 1054 1013 1090 solum
1046 1052 1194 1097 beatum,
1230 1053 1319 1104 quod
1346 1061 1392 1091 cst
1425 1054 1544 1091 Stoicis
1576 1067 1651 1090 cum

271 1103 467 1142 Academiae
485 1106 606 1143 veteris
624 1106 829 1157 Philosophis
847 1116 878 1143 et
898 1108 1127 1157 Peripateticis
1144 1121 1324 1151 commune,
1345 1107 1404 1144 sed
1418 1108 1517 1144 etiam
1537 1107 1625 1144 vel
1613 1122 1649 1144 m

271 1158 424 1195 cruciatu
454 1168 484 1195 et
517 1160 685 1196 tormentis
717 1160 967 1204 [malissimunz3
1010 1160 1098 1211 quod
1126 1170 1241 1197 contra
1274 1160 1387 1197 dicunt
1420 1161 1587 1197 Platonici
1618 1170 1651 1197 et

272 1211 500 1261 Peripatetici,
533 1214 592 1263 qui
622 1213 752 1250 virtute
789 1213 920 1264 quidem
953 1213 1086 1250 beatam
1120 1214 1231 1250 vitam
1261 1227 1327 1250 esse
1353 1213 1563 1258 contendunt,
1594 1212 1654 1250 sed

269 1266 447 1301 accessione
462 1265 615 1302 bonorum
629 1267 766 1316 corporis
783 1273 814 1303 et
819 1267 978 1315 fhrtunae
985 1265 1068 1312 fieri
1088 1266 1322 1304 beatissimam.
1341 1281 1370 1304 c.
1396 1272 1526 1305 14-28.
1559 1266 1649 1304 Sub-

257 1317 380 1364 jicitur
399 1318 534 1355 tandem
562 1320 663 1369 longa
691 1320 885 1379 disputatio,
911 1333 980 1371 qua
1007 1321 1100 1356 initio
1124 1335 1145 1357 a
1168 1321 1349 1357 Platonicis
1368 1330 1399 1356 et
1421 1321 1650 1370 Peripateticis

254 1371 371 1419 sacto,
400 1371 593 1415 ostenditur,
625 1373 781 1423 quomodo
809 1374 936 1425 cuique,
970 1374 1183 1425 inprimisque
1215 1375 1400 1424 Epicureae,
1432 1373 1473 1410 de
1487 1372 1564 1419 fine
1593 1373 1648 1409 bo

266 1438 395 1469 norum,
420 1427 592 1463 sententiae
619 1435 869 1464 consentaneum
893 1436 1003 1477 putet,
1032 1427 1190 1477 sapientes
1218 1438 1341 1478 semper
1368 1427 1570 1464 beatissimos
1596 1426 1650 1463 di-

265 1490 347 1516 6878.

170 1554 513 1636 lQUINTUS
553 1587 622 1627 hic
657 1587 759 1637 dies,
800 1588 946 1638 Brute,
986 1587 1110 1628 finem
1151 1588 1276 1629 faciet
1310 1587 1644 1629 Tusculanarum

182 1641 573 1707 ldisputationuln:
605 1659 691 1699 quo
725 1644 792 1685 die
821 1654 886 1685 est
915 1659 939 1685 a
968 1645 1090 1685 nobis
1120 1660 1168 1686 ea
1198 1645 1251 1685 de
1280 1659 1339 1695 re,
1370 1659 1496 1700 quam
1522 1654 1569 1687 tu
1597 1659 1649 1686 ex

212 1699 410 1739 omnibus
430 1700 612 1741 maxime
642 1701 810 1755 probas,
840 1701 1118 1756 disputatum.
1147 1701 1312 1756 placere
1342 1701 1454 1742 enim
1473 1701 1550 1742 tibi
1570 1701 1646 1743 ad-

211 1755 390 1796 modum
427 1756 548 1807 sensi,
580 1766 622 1798 et
649 1766 727 1798 lex
758 1772 809 1798 eo
840 1757 963 1807 lib1o,
999 1772 1122 1812 quem
1155 1757 1208 1798 ad
1237 1771 1305 1797 mc
1336 1757 1649 1799 accuratissime

212 1812 429 1867 scripsisti,
460 1821 502 1854 et
532 1827 582 1853 ex
616 1813 759 1854 multis
793 1813 1057 1854 sermonibus
1089 1814 1187 1864 tuis,
1216 1814 1409 1854 virtutem
1445 1813 1498 1855 ad
1525 1814 1648 1855 beate

210 1868 429 1909 vivendum
463 1883 506 1910 se
538 1870 628 1925 ipsa
659 1883 749 1911 esse
779 1878 1037 1911 contentam.
1098 1869 1230 1912 Quod
1265 1868 1343 1911 etsi
1379 1870 1546 1912 difficile
1583 1878 1648 1912 est

210 1925 408 1979 probatu,
429 1936 600 1981 propter
621 1935 707 1967 tam
727 1927 851 1977 varia,
871 1935 913 1967 et
936 1937 1023 1967 tam
1051 1926 1187 1968 multa
1207 1935 1418 1967 tormenta
1435 1927 1645 1968 fortunae.

210 1981 296 2022 tale
325 1989 467 2023 tamen
498 1991 576 2033 est,
605 1992 651 2023 ut
683 1983 985 2024 elaborandum
1017 1983 1084 2033 sit,
1121 1998 1206 2038 quo
1240 1982 1403 2024 facilius
1430 1983 1646 2038 probetur.

211 2037 314 2079 nihil
334 2047 398 2079 est
416 2038 526 2079 enim
552 2040 759 2089 omnium,
780 2055 874 2095 quae
907 2039 948 2080 in
976 2039 1246 2095 philosophia
1264 2048 1510 2090 tractantur,
1530 2039 1646 2096 quod

174 2094 377 2149 2gravius
397 2095 817 2160 magnificentiusque
836 2096 1015 2138 dicatur.
1072 2098 1202 2146 Nam,
1232 2111 1330 2138 cum
1350 2110 1399 2137 ea
1419 2111 1545 2138 causa
1563 2097 1645 2137 im-

210 2151 364 2206 pulerit
382 2166 469 2202 eos,
488 2152 560 2207 qui
578 2152 702 2208 primi
719 2168 763 2194 se
784 2153 836 2194 ad
856 2152 1136 2208 philosophiae
1153 2151 1339 2194 studium
1357 2152 1642 2203 contulerunt,

210 2216 272 2258 ut,
292 2207 490 2249 omnibus
509 2209 632 2249 1ebus
649 2209 916 2264 posthabitis,
945 2217 1058 2250 totos
1088 2224 1131 2250 se
1161 2209 1204 2250 in
1232 2209 1395 2264 optimo
1415 2209 1509 2250 vitae
1530 2218 1643 2251 statu

210 2264 470 2320 exquirendo
506 2265 788 2307 collocarent·
820 2265 1012 2325 profecto
1042 2280 1114 2321 spe
1144 2266 1266 2308 beate
1294 2264 1452 2306 vivendi
1481 2273 1642 2306 tantam

209 2322 250 2363 in
272 2334 323 2362 eo
351 2321 491 2363 studio
521 2336 664 2363 curam
694 2337 951 2386 operamque
981 2331 1226 2377 posuerunt.
1285 2321 1415 2377 Quod
1446 2321 1480 2362 si
1510 2322 1604 2362 ab
1593 2322 1644 2363 iis

207 2376 375 2419 inventa
393 2387 436 2419 et
458 2379 644 2433 peifecta
668 2378 796 2419 virtus
827 2387 904 2429 est,
935 2387 991 2429 et,
1023 2378 1057 2419 si
1087 2378 1268 2442 pnaesidii
1289 2377 1341 2418 ad
1362 2378 1484 2419 beate
1504 2377 1642 2419 viven-

207 2432 309 2473 dum
341 2433 382 2474 in
410 2434 562 2475 virtute
592 2435 691 2476 satis
723 2443 812 2476 est:
845 2435 938 2491 quis
970 2444 1048 2485 est,
1076 2450 1147 2490 qul
1178 2449 1262 2475 non
1292 2434 1491 2489 praeclare
1517 2443 1560 2475 et
1588 2434 1643 2475 ab

205 2488 289 2531 illis
324 2489 521 2544 positam,
556 2499 599 2531 et
631 2506 656 2531 a
684 2491 804 2532 nobis
836 2500 1075 2554 susceptam
1111 2505 1281 2546 operam
1316 2490 1643 2546 philosophandi

208 2546 462 2588 arbitretur?
496 2547 557 2587 sin
578 2556 719 2588 autem
740 2547 868 2588 virtus
897 2546 1088 2602 subjecta
1113 2548 1192 2588 sub
1220 2547 1354 2588 varios
1374 2547 1641 2603 incertosque

162 2611 344 2654 b0casus,
365 2603 524 2644 famula
555 2604 735 2644 iortunae
766 2613 843 2654 est,
877 2618 952 2645 nec
990 2612 1199 2644 tantarum
1232 2603 1379 2644 virium
1409 2613 1486 2654 est,
1516 2613 1565 2645 ut
1595 2617 1638 2644 se

206 2657 298 2714 ipsa
324 2667 522 2701 tueatur:
554 2674 715 2710 vereor,
739 2674 791 2701 ne
819 2675 902 2701 non
928 2669 1015 2702 tam
1045 2659 1206 2700 virtutis
1238 2660 1389 2702 fiducia
1418 2659 1638 2703 nitendum

569 2825 583 2849 1
601 2828 638 2848 ex
653 2829 682 2847 eo
700 2816 785 2858 libro]
812 2819 863 2850 De
884 2818 1019 2851 Virtute.
1040 2827 1072 2850 v.
1095 2817 1170 2861 F'fflr
1190 2817 1218 2857 I,
1235 2824 1267 2850 3.
