1778 3095
198 164 280 206 474
586 162 658 199 DE
687 162 952 201 NATURA
979 163 1246 202 DEORUM

196 267 297 323 pia?
347 269 490 311 Quam
521 272 790 326 tempestivos
819 281 960 314 autem
992 272 1121 324 dedit,
1151 287 1279 329 quam
1309 271 1509 313 salutares
1536 287 1623 316 non

196 325 327 366 modo
349 327 583 377 hominum,
606 328 680 370 sed
699 329 825 370 etiam
852 329 1061 385 pecudum
1081 330 1241 385 generi,
1261 329 1310 369 iis
1330 328 1509 385 denique
1529 343 1622 371 om·

195 381 333 429 nibus,
355 398 450 438 quae
481 385 673 426 oriuntur
701 400 724 426 e
753 396 875 437 terra,
906 395 1050 427 ventos
1081 387 1274 428 Etesias?
1307 400 1488 441 quorum
1518 386 1623 428 flatu

194 438 311 479 nimii
333 449 620 495 temperantur
639 442 812 483 calores.
852 444 922 483 Ab
942 443 1091 484 iisdem
1112 444 1237 485 etiam
1259 442 1458 483 maritimi
1477 455 1624 484 cursus

193 494 365 546 celeres,
386 507 429 537 et
448 497 550 538 certi
571 497 822 553 diriguntur.
873 499 1015 540 Multa
1035 499 1322 555 praetereunda
1342 507 1438 539 sunt
1457 516 1466 539 :
1497 507 1540 540 et
1558 508 1622 540 ta*-

110 558 182 592 132
194 565 291 592 men
312 553 449 594 multa
474 554 686 596 dicuntur.
745 556 990 596 Enumerari
1020 556 1129 597 enim
1161 572 1245 597 non
1275 564 1451 611 possunt
1480 555 1622 596 flumi-

193 621 294 648 num
324 610 688 665 opportunitates:
720 620 846 651 aestus
875 612 1073 652 maritimi
1102 613 1285 654 multum
1315 612 1561 653 accedentes
1581 619 1625 653 et

191 665 463 707 recedentes:
498 676 664 707 montes
695 668 846 717 vestiti,
875 676 1002 723 atque
1030 666 1262 710 silvestres:
1293 670 1434 710 salinae
1463 669 1516 709 ab
1547 683 1623 709 ora

191 721 401 763 maritima
436 723 760 764 remotissimae:
808 723 1212 765 medicamentorum
1252 726 1495 767 salutarium
1532 725 1625 781 ple-

191 777 374 819 nissimae
405 788 554 820 terrae:
586 787 694 820 artes
724 779 906 836 denique
936 780 1275 832 innumerabiles,
1305 782 1357 822 ad
1387 783 1558 832 victum,
1579 790 1624 823 et

190 833 244 874 ad
275 835 403 876 vitam
434 835 692 876 necessariae.
749 837 845 877 Jam
877 836 974 887 diei,
995 837 1216 893 noctisque
1245 837 1487 879 vicissitudo
1516 853 1619 879 con-

191 899 323 931 servat
350 891 597 942 animantes,
625 892 813 934 tribuens
843 893 958 934 aliud
988 893 1140 949 agendi
1170 902 1353 949 tempus,
1384 894 1498 936 aliud
1526 895 1620 950 qui—

189 947 373 987 escendi.
433 947 502 989 Sic
529 948 716 1005 undique
737 950 852 991 omni
875 950 1036 992 ratione
1056 950 1338 1001 concluditur,
1357 958 1498 991 mente
1518 966 1621 992 con-

188 1002 367 1059 silioque
403 1004 543 1045 divino
579 1005 722 1046 omnia
755 1006 798 1047 in
832 1007 914 1048 hoc
945 1007 1106 1049 mundo
1140 1006 1192 1047 ad
1223 1007 1402 1048 salutem
1431 1007 1620 1049 omnium

189 1061 633 1118 conservationemque
652 1062 952 1104 admirabiliter
970 1063 1266 1105 administrari.

104 1126 175 1159 133
246 1124 286 1148 44
305 1117 377 1158 Sin
403 1127 564 1173 quaeret
590 1119 812 1175 quispiam,
834 1121 1055 1176 cujusnam
1085 1135 1210 1162 eausa
1239 1128 1449 1161 tantarum
1480 1134 1620 1162 rerum

189 1172 356 1214 molitio
379 1174 490 1216 facta
511 1175 588 1217 sit:
621 1176 874 1218 arborumne
895 1186 938 1218 et
958 1177 1212 1218 herbarum?
1247 1192 1342 1233 quae
1362 1190 1620 1232 quamquam

188 1229 276 1270 sine
309 1245 433 1272 sensu
468 1241 580 1283 sunt,
611 1240 751 1273 tamen
781 1248 806 1273 a
833 1243 983 1274 natura
1013 1234 1283 1274 sustinentur.
1313 1242 1356 1274 at
1379 1232 1422 1273 id
1448 1233 1621 1288 quidem

78 1301 110 1332 p.
125 1286 417 1327 53.absurdum
439 1296 516 1328 est.
574 1289 645 1329 An
663 1289 893 1330 bestiarum
912 1291 925 1330 ?
953 1290 1085 1331 nihilo
1106 1289 1380 1346 probabilius,
1402 1288 1504 1331 deos
1524 1305 1619 1330 mu-

145 1345 174 1366 a.
188 1352 341 1394 tarum,
361 1353 405 1385 et
426 1344 529 1385 nihil
547 1346 873 1401 intelligentium
895 1361 1021 1388 causa
1040 1356 1206 1388 tanturn
1227 1345 1452 1387 laborasse.
1497 1347 1621 1402 Quo-

185 1414 279 1440 rum
300 1400 431 1455 igitur
450 1415 589 1451 causa,
612 1403 705 1458 quis
731 1403 893 1454 dixerit,
916 1404 1113 1444 effectum
1143 1418 1233 1444 esse
1262 1402 1467 1444 mundum
1487 1404 1500 1443 ?
1534 1404 1621 1443 Eo-

184 1470 279 1496 rum
300 1457 460 1498 scilicet
480 1458 771 1510 animantium,
792 1475 886 1515 quae
907 1461 1067 1501 ratione
1088 1469 1277 1501 utuntur.
1299 1460 1343 1500 hi
1365 1470 1463 1501 sunt
1483 1458 1554 1509 dii,
1577 1467 1621 1500 et

183 1511 408 1555 homines:
442 1515 596 1570 quibus
626 1517 819 1571 profecto
851 1516 954 1557 nihil
984 1527 1047 1558 est
1076 1517 1241 1558 melius,
1272 1516 1379 1557 ratio
1406 1525 1471 1558 est
1490 1516 1618 1567 enim,

184 1583 279 1624 quae
301 1580 473 1625 praestat
492 1573 704 1613 omnibus.
735 1574 793 1614 ita
815 1573 858 1614 fit
884 1573 1098 1624 credibile,
1120 1574 1313 1623 deorum,
1335 1582 1376 1614 et
1398 1573 1619 1614 hominum

102 1618 173 1670 54
184 1640 310 1667 causa
329 1627 488 1668 factum
506 1643 596 1670 esse
611 1629 835 1679 mundum,
853 1645 1030 1686 quaeque
1048 1631 1090 1671 in
1111 1644 1161 1671 eo
1183 1625 1280 1680 sint,
1300 1629 1456 1670 omnia.
1487 1638 1525 1660 4⁵
1540 1629 1618 1669 Fa-

182 1682 390 1739 ciliusque
425 1684 697 1741 intelligetur,
734 1701 758 1727 a
794 1687 872 1727 diis
904 1687 1213 1728 immortalibus
1250 1686 1493 1727 hominibus
1525 1699 1618 1726 esse

183 1739 408 1792 provisum,
425 1741 460 1781 si
482 1742 560 1782 erit
580 1751 670 1783 tota
690 1743 873 1783 hominis
899 1744 1119 1785 fabricatio
1139 1751 1373 1798 perspecta,
1395 1741 1619 1796 omnisque

98 1799 169 1832 134
184 1795 378 1837 humanae
415 1807 574 1839 naturae
608 1799 755 1854 figura,
777 1810 903 1855 atque
934 1800 1149 1854 perfectio.
1209 1801 1323 1840 Nam
1355 1813 1451 1840 cum
1483 1798 1617 1839 tribus

181 1852 307 1893 rebus
338 1853 613 1896 animantium
643 1856 727 1896 vita
756 1865 961 1906 teneatur,
993 1857 1103 1905 cibo,
1135 1856 1321 1910 potione,
1353 1855 1529 1910 spiritu:
1561 1854 1617 1896 ad

181 1907 273 1949 haec
305 1910 446 1950 omnia
476 1912 743 1967 percipienda
772 1928 819 1953 os
850 1922 913 1953 est
943 1913 1238 1967 aptissimum:
1270 1912 1385 1968 quod
1405 1910 1616 1967 adjunctis

182 1965 350 2006 naribus
371 1967 520 2022 spiritu
539 1978 732 2023 augetur.
792 1970 1004 2010 Dentibus
1027 1978 1165 2010 autem
1195 1969 1236 2009 in
1267 1983 1338 2009 ore
1363 1967 1618 2009 constructis

181 2022 409 2072 manditur,
428 2033 554 2079 atque
587 2026 640 2065 ab
670 2025 734 2066 his
763 2034 1026 2076 extenuatur,
1046 2035 1088 2066 et
1109 2025 1283 2066 molitur
1302 2025 1437 2066 cibus.
1466 2039 1614 2065 eorum

182 2077 341 2119 adversi
369 2080 480 2120 acuti
513 2096 657 2122 morsu
685 2082 874 2123 dividunt
903 2097 1034 2132 escas,
1053 2083 1189 2123 intimi
1208 2091 1349 2122 autem
1372 2081 1615 2131 conficiunt,

182 2135 254 2187 qui
274 2136 444 2190 genuini
467 2148 689 2178 vocantur:
727 2154 821 2194 quae
841 2139 1052 2180 confectio
1071 2139 1198 2179 etiam
1219 2153 1243 2179 a
1262 2139 1409 2193 lingua
1429 2137 1614 2192 adjuvari

97 2202 166 2233 135
182 2190 355 2231 videtur.
405 2193 617 2249 Linguam
639 2204 781 2236 autem
804 2195 855 2236 ad
876 2195 1036 2236 radices
1056 2195 1144 2252 ejus
1166 2195 1328 2236 haercns
1349 2194 1504 2249 excipit
1523 2202 1611 2235 sto-

182 2247 358 2288 machus
381 2265 390 2289 :
423 2264 507 2305 quo
529 2251 710 2305 primum
732 2252 963 2293 illabuntur
982 2267 1046 2303 ea,
1067 2267 1162 2308 quae
1182 2260 1355 2307 accepta
1373 2260 1471 2292 sunt
1489 2266 1498 2289 ε
1527 2249 1611 2290 oris

180 2312 359 2359 utraque
390 2319 440 2346 ex
473 2316 589 2361 parte
618 2308 807 2349 tonsillas
838 2309 1065 2364 attingens,
1096 2308 1236 2363 palato
1267 2316 1456 2348 extremo
1485 2314 1613 2362 atque

179 2359 331 2401 intimo
353 2363 615 2404 terminatur.
674 2365 819 2420 Atque
840 2365 888 2415 is,
908 2366 1141 2421 agitatione
1168 2374 1211 2406 et
1239 2364 1425 2405 motibus
1453 2362 1613 2418 linguae

178 2430 277 2456 cum
299 2416 522 2473 depulsum
543 2431 584 2461 et
605 2422 723 2476 quasi
748 2421 966 2463 detrusum
997 2422 1140 2463 cibum
1170 2421 1347 2476 accepit,
1368 2426 1407 2452 46
1423 2418 1612 2475 depellit.

223 2530 260 2553 44
285 2523 339 2552 Sin
363 2530 478 2564 quaerat
501 2523 663 2564 quispiam]
694 2525 729 2554 In
759 2531 873 2565 quaerat
916 2531 1044 2555 veteres.
1072 2525 1150 2554 Mss.
1175 2524 1270 2555 etiam
1298 2525 1405 2555 Guelf.
1430 2532 1460 2555 et
1484 2527 1554 2558 edd.
1579 2527 1611 2559 in

177 2567 299 2596 variant
322 2566 401 2596 libri.
434 2566 575 2605 plerique
602 2561 721 2597 haben't
750 2574 872 2608 quaeret‚
917 2567 1024 2606 primis
1049 2568 1246 2604 recentiores,
1270 2567 1457 2606 intelligitur,
1475 2579 1540 2599 nou
1556 2571 1611 2601 be-

180 2609 242 2639 Ms.
269 2608 376 2638 Guelf.
405 2616 556 2650 quaereret.
585 2610 664 2640 mihi
692 2611 793 2640 forma
818 2610 874 2639 Sin
917 2619 967 2639 ne.
991 2608 1170 2649 intelligetur
1185 2611 1280 2640 etiam
1297 2611 1443 2641 Davisius
1460 2612 1564 2643 edidit.

178 2658 292 2692 φωναί
313 2661 377 2681 non
402 2652 514 2690 placet.
536 2661 613 2682 nam
637 2662 701 2682 non
725 2653 874 2682 convenit
960 2657 1000 2682 46
1023 2651 1154 2691 depellit]
1174 2653 1223 2682 Sc.
1243 2654 1276 2682 in
1291 2654 1509 2686 ventriculum
1523 2666 1549 2686 s.
1565 2655 1610 2686 al·

177 2695 383 2733 consequenti
407 2701 435 2722 et
458 2694 491 2722 id
511 2695 624 2736 quidem
647 2694 800 2724 absurdum
821 2701 862 2724 est
914 2704 1006 2731 vum,
1032 2695 1057 2725 si
1081 2702 1190 2726 tamen
1214 2706 1287 2726 vera
1311 2703 1357 2727 est
1380 2697 1495 2727 lectio:
1523 2698 1610 2736 quod

178 2738 244 2777 Ego
259 2744 368 2776 putem
385 2737 429 2766 sin
444 2737 617 2767 delendum
633 2747 710 2767 esse.
734 2738 776 2767 ita
792 2738 871 2768 bene
915 2738 1052 2768 dubium
1074 2739 1208 2775 videtur,
1235 2749 1312 2769 cum
1335 2741 1489 2779 praecedat
1511 2739 1613 2779 depuk

177 2781 322 2811 membra
341 2780 399 2810 sibi
421 2781 620 2819 respondent.
643 2780 788 2810 similiter
804 2788 872 2820 post
915 2791 987 2810 sum.
1018 2781 1165 2811 Davisius
1186 2783 1321 2820 conjecit
1336 2782 1471 2822 deglutit.
1492 2784 1545 2813 sed
1561 2783 1615 2814 ‹ie-1

174 2824 207 2853 in
224 2823 319 2853 altera
335 2830 421 2862 parte
442 2830 504 2853 est:
531 2823 656 2854 Quorum
676 2823 767 2862 igitur
782 2835 868 2855 causa
904 2823 1022 2863 pulsum
1052 2824 1130 2854 illud
1157 2826 1289 2864 pertinet
1322 2827 1361 2856 ad
1392 2833 1492 2865 partes
1524 2827 1610 2856 defe-‘

174 2866 238 2908 fuis
253 2866 362 2895 dixerit
377 2864 509 2906 effectum
525 2865 583 2895 αεὶ
596 2866 740 2896 mundum.
911 2869 1013 2896 rentes
1036 2867 1146 2898 cibum
1164 2868 1408 2900 comminutum
1431 2869 1470 2900 ad
1489 2872 1610 2901 storria·

217 2916 255 2940 45
274 2910 342 2940 Fac.
359 2908 554 2950 intelligetur]
568 2909 620 2940 Sic
635 2910 705 2940 edd.
721 2910 869 2949 quaedam
911 2910 1025 2941 chum.
1549 2913 1551 2915 ’
1577 2914 1581 2915 ’
1609 2911 1614 2915 ’
