1778 3095
592 121 772 160 LIBER
800 118 1052 156 PRIMUS.
1468 122 1544 163 273

113 239 253 274 essent
284 232 402 284 dura,
434 232 469 273 si
499 231 703 273 sentiret?
737 229 853 271 nulla
881 228 969 269 sine
999 241 1125 268 sensu
1146 234 1256 267 sunt,
1316 225 1429 268 Illud
1450 241 1548 268 vero

116 301 320 344 perquam
340 290 463 330 inane

222 369 339 419 Neque
355 366 548 417 sepulcrum,
568 378 631 416 quo
648 365 839 415 recipiatur,
861 363 998 407 habeat,
1014 370 1147 414 portum
1164 360 1305 411 corporis
1320 376 1334 398 .-

226 421 304 465 Ubi,
325 421 459 457 remissa
477 418 627 455 humana
647 419 737 462 vita,
759 429 875 469 corpus
893 417 1077 468 requiescat
1096 430 1118 453 a
1136 416 1249 452 malis.

115 503 247 544 Vides
268 511 425 558 quanto
456 501 546 543 haec
578 502 619 542 in
649 515 788 542 errore
812 508 1055 550 versentur:
1086 509 1256 555 portum
1280 514 1370 541 esse
1391 513 1545 555 corpo-

115 560 185 610 ris,
206 568 248 600 et
268 559 526 614 requiescere
549 558 590 599 in
612 558 806 613 sepulcro
828 566 950 612 putat
975 567 1206 598 mortuum.
1237 570 1395 612 magna
1422 556 1547 611 culpa

117 615 296 670 PelopiS,
332 616 404 670 qui
440 630 525 656 non
560 615 761 656 erudierit
797 614 943 664 filium,
981 628 1058 654 nec
1096 613 1302 664 docuerit,
1339 622 1546 668 quatenus

113 679 223 713 esset
254 672 441 727 quidque
473 671 720 713 curandum.
782 671 866 712 Sed
897 670 999 727 quid
1031 670 1296 725 singulorum
1329 669 1546 725 opiniones
1558 670 1629 719 45

113 728 454 778 animadvertam,
489 728 707 770 nationum
738 728 871 769 varios
902 742 1063 768 errores
1096 726 1330 782 perspicere
1363 740 1461 766 cum
1492 726 1544 766 li-
1562 745 1634 777 108

113 786 234 825 ceat?
282 784 499 826 Condiunt
538 785 737 841 AEgyptii
774 794 981 834 mortuoS,
1015 795 1056 825 et
1093 799 1166 825 eos
1201 783 1318 824 domi
1351 792 1674 833 servantzp.17=1.

114 841 249 882 Persae
269 842 393 882 etiam
417 855 512 882 cera
530 841 788 883 circumlitos
809 840 1013 890 condunt,
1035 848 1081 881 ut
1101 855 1227 896 quam
1249 840 1430 881 maxime
1451 854 1544 895 per·
1554 846 1584 867 ³·-

113 907 310 939 maneant
336 898 536 940 diuturna
567 913 758 954 corpora.
819 905 854 934 97
874 898 1104 952 Magorum
1139 911 1231 938 mos
1260 905 1337 948 est,
1358 911 1442 937 non
1463 896 1544 937 hu-

113 968 228 995 mare
247 970 424 1011 corpora
440 970 627 1006 suorum,
648 955 727 996 nisi
748 969 773 994 a
791 954 888 995 feris
908 953 991 994 sint
1009 963 1106 994 ante
1126 953 1294 994 laniata.
1356 954 1406 993 In
1427 953 1545 1010 Hyr-

113 1011 232 1051 cania
263 1012 381 1068 plebs
416 1019 454 1046 98
471 1012 666 1068 publicos
705 1011 778 1052 alit
811 1025 963 1052 canes:
999 1011 1240 1066 optimates,
1276 1010 1546 1052 domesticos.

114 1066 256 1109 nobile
287 1077 428 1110 autem
462 1083 599 1124 genus
632 1083 784 1109 canum
816 1067 921 1108 illud
950 1067 1105 1108 scimus
1125 1082 1228 1108 esse.
1260 1067 1334 1108 sed
1365 1081 1442 1121 pro
1473 1081 1549 1107 sua

113 1125 291 1181 quisque
312 1125 512 1167 facultate
533 1134 666 1181 parat,
688 1140 712 1166 a
730 1125 882 1180 quibus
902 1123 1079 1165 lanietur
1099 1141 1107 1166 ε
1140 1138 1318 1179 eamque
1342 1123 1547 1178 optimam

114 1180 176 1222 illi
195 1196 283 1222 esse
304 1192 476 1223 censent
504 1182 775 1237 sepulturam.
807 1180 1016 1237 permulta
1044 1181 1126 1222 alia
1155 1180 1322 1236 colligit
1344 1179 1550 1236 Chrysip-

115 1251 209 1292 pus,
246 1247 294 1279 ut
327 1248 391 1280 est
425 1239 467 1280 in
503 1239 620 1279 omni
651 1238 825 1279 historia
862 1238 1067 1278 curiosus.
1099 1238 1172 1278 sed
1206 1238 1265 1278 ita
1297 1246 1417 1278 taetra
1451 1245 1549 1278 sunt

116 1294 327 1349 quaedam,
359 1304 407 1336 ut
440 1310 489 1336 ea
520 1295 670 1351 fugiat,
702 1304 745 1335 et
775 1293 1019 1335 reformidet
1048 1294 1200 1335 oratio.
1259 1295 1392 1335 Totus
1418 1293 1550 1349 igitur

115 1350 184 1391 hic
217 1351 336 1393 locus
371 1360 435 1392 est
470 1350 802 1393 contemnendus
836 1350 878 1391 in
910 1350 1046 1401 nobis,
1077 1365 1161 1391 non
1193 1349 1473 1406 negligendus
1504 1351 1548 1392 in

117 1408 270 1449 nostris
290 1425 299 1449 :
330 1409 389 1449 ita
407 1417 563 1458 tamen,
585 1417 632 1449 ut
652 1416 917 1449 mortuorum
940 1422 1118 1462 corpora
1138 1407 1241 1448 nihil
1270 1407 1422 1448 sentire
1453 1421 1547 1448 sen-

114 1464 282 1505 tiamus.
341 1466 561 1521 Quantum
596 1474 737 1505 autern
773 1463 1082 1514 consuetudini,
1117 1464 1325 1520 famaeque
1359 1463 1544 1505 dandum
1563 1476 1635 1519 109

116 1520 183 1571 sit,
214 1520 260 1561 id
291 1530 437 1562 curent
469 1521 559 1572 vivi,
589 1521 660 1561 sed
689 1521 763 1571 ita,
784 1529 833 1561 ut
859 1520 1113 1576 intelligant,
1136 1520 1240 1561 nihil
1270 1520 1324 1561 ad
1353 1530 1545 1562 mortuos
1627 1520 1628 1523 '

114 1585 337 1632 pertinere.

170 1634 254 1675 Sed
273 1634 463 1690 profecto
493 1651 607 1677 mors
636 1644 728 1676 tum
760 1633 1000 1690 aequissimo
1030 1634 1172 1675 animo
1198 1635 1425 1690 oppetitur,
1446 1649 1545 1676 cum

114 1689 200 1731 suis
221 1706 264 1732 se
284 1691 479 1733 laudibus
499 1693 582 1734 vita
603 1691 798 1733 occidens
825 1691 1033 1732 consolari
1060 1699 1218 1746 potest.
1249 1705 1374 1732 nemo
1395 1705 1544 1746 parum

114 1746 188 1788 diu
208 1748 320 1799 vixit,
341 1750 414 1804 qui
434 1749 594 1791 virtutis
624 1749 824 1804 perfectae
853 1748 1039 1803 perfecto
1070 1748 1240 1789 functus
1270 1757 1336 1789 est
1357 1763 1546 1789 munere.

114 1804 250 1845 multa
283 1805 388 1846 mihi
421 1806 500 1861 ipsi
534 1815 574 1840 99
587 1806 641 1847 ad
675 1814 856 1846 mortem
894 1805 1141 1860 tempestiva
1171 1805 1367 1846 fuerunt:
1417 1820 1547 1861 quam

114 1859 275 1901 utinam
295 1862 527 1916 potuissem
549 1863 690 1904 obire!
722 1861 825 1902 nihil
855 1862 967 1902 enim
992 1861 1084 1917 jam
1115 1862 1437 1917 acquirebatur:
1470 1877 1546 1903 cu·

113 1917 275 1958 mulata
310 1927 428 1959 erant
462 1919 598 1960 officia
628 1919 747 1960 vitae:
776 1927 836 1950 100
852 1933 948 1959 cum
981 1919 1151 1960 fortuna
1180 1918 1291 1959 bella
1319 1919 1546 1960 restabant.

114 1988 259 2028 quare,
295 1975 329 2015 si
364 1975 454 2030 ipsa
483 1976 590 2017 ratio
624 1975 762 2016 minus
796 1975 996 2030 perficiet,
1031 1984 1080 2016 ut
1114 1984 1296 2017 mortem
1332 1976 1547 2031 negligere

113 2030 325 2085 possimus
344 2048 353 2071 :
384 2041 428 2072 at
448 2032 530 2073 vita
547 2041 640 2073 acta
661 2032 860 2087 perficiat,
882 2041 931 2073 ut
950 2032 1063 2083 satis,
1083 2046 1294 2088 superque
1318 2031 1466 2073 vixisse
1486 2033 1546 2073 vi-

115 2085 304 2128 deamur.
336 2103 593 2144 quamquam
626 2089 737 2129 enim
768 2103 912 2130 sensus
940 2089 1133 2140 labierit,
1167 2099 1307 2130 tamen
1333 2098 1349 2120 2
1368 2089 1544 2130 summis

114 2152 158 2183 et
177 2144 357 2199 propriis
377 2145 499 2185 bonis
528 2154 570 2186 et
599 2145 749 2196 laudis,
770 2155 813 2186 et
832 2145 996 2200 gloriae,
1018 2146 1207 2201 quamvis
1238 2161 1324 2187 non
1349 2147 1544 2198 sentiant,

114 2201 273 2241 mortui
293 2216 377 2242 non
398 2210 553 2244 carent.
612 2202 703 2243 Etsi
732 2202 845 2242 enim
868 2202 971 2243 nihil
991 2203 1033 2243 in
1054 2217 1097 2243 se
1118 2202 1272 2244 habeat
1298 2203 1449 2258 gloria,
1471 2217 1547 2244 cur

114 2266 348 2312 expetatur,
370 2266 512 2299 tamen
533 2258 727 2299 virtutem
748 2268 965 2314 tamquam
988 2259 1139 2300 umbra
1168 2260 1371 2315 sequitur.
1401 2273 1542 2300 verum

115 2313 397 2356 multitudinis
411 2315 619 2371 judicium
638 2315 689 2356 de
708 2316 846 2366 bonis,
868 2315 901 2356 si
922 2315 1092 2371 quando
1114 2325 1191 2366 est,
1212 2316 1350 2372 magis
1369 2315 1546 2357 laudan,

156 2433 193 2462 97
213 2428 371 2467 Magorum
395 2426 464 2466 mos]
491 2427 555 2456 Ms-
580 2426 688 2457 Guelf.
705 2426 807 2456 Medo·
896 2434 955 2458 loo
971 2437 1033 2456 cum
1045 2426 1173 2467 fhrtuna
1196 2426 1270 2456 bella
1293 2426 1451 2466 restabant]
1471 2428 1547 2460 Cor-

115 2481 189 2500 rum.
849 2471 915 2500 rexi
931 2470 1070 2509 fortuna.
1115 2470 1221 2510 Vulgo
1243 2471 1328 2501 male
1342 2471 1477 2511 fortunae
1501 2473 1546 2502 sic

159 2519 198 2545 98
211 2512 337 2551 publicos
358 2512 414 2541 alit
437 2510 534 2552 canes]
553 2513 661 2543 Immo
682 2511 808 2551 publice,
850 2520 880 2542 et
894 2513 1050 2543 Davisius.

114 2563 152 2586 ut
177 2562 258 2585 recte
285 2556 438 2593 judicavit
465 2555 635 2586 Bentleius.
665 2562 748 2595 'saepe
775 2556 808 2585 in
896 2564 909 2586 1
939 2554 1059 2596 abierit]
1088 2556 1222 2596 Corrigit
1249 2557 1410 2587 Bentleius
1438 2557 1544 2594 aberit,

114 2600 176 2628 hoc
192 2605 361 2638 peccatum
383 2606 441 2636 est,
458 2606 492 2628 ut
509 2599 541 2628 in
561 2599 674 2639 proprie
689 2605 721 2629 et
739 2604 806 2639 pro·
850 2609 915 2629 non
933 2599 1015 2629 male
1030 2611 1036 2629 z
1061 2599 1117 2630 etsi
1140 2607 1170 2630 et
1192 2599 1360 2640 vulgatum
1376 2610 1440 2631 non
1459 2602 1546 2640 inep-

109 2641 204 2680 prius.
849 2650 931 2673 tum.

160 2691 199 2716 99
227 2683 269 2712 ad
302 2690 418 2713 mortem
455 2684 628 2723 tempestiva
654 2684 805 2725 fuerunt:
894 2684 1043 2716 qummis
1068 2692 1096 2713 et
1116 2686 1244 2725 propriis
1270 2684 1358 2725 bonis]
1385 2686 1442 2716 suis
1464 2687 1545 2716 bene

116 2725 194 2768 quae]
227 2727 310 2756 Guae
337 2728 504 2757 suaderent
535 2734 670 2757 mortem
706 2727 806 2763 obire,
851 2728 1022 2759 Bentleius.
1037 2734 1068 2758 et
1081 2727 1155 2758 alibi
1173 2729 1281 2759 Cicero
1305 2730 1374 2759 haec
1391 2730 1454 2759 duo
1470 2739 1546 2759 con—

115 2768 268 2807 quaejam
282 2770 467 2809 tempestiva
487 2777 578 2806 esset,
595 2772 670 2800 etin
686 2777 808 2810 tempo·
846 2771 963 2810 jungit.
980 2781 1058 2802 mox
1073 2783 1249 2813 quamquam
1271 2784 1323 2802 non
1339 2773 1463 2802 sentiant
1480 2782 1545 2802 non

117 2821 148 2842 re
172 2810 318 2841 obiretur.
342 2822 397 2851 pro
420 2823 485 2853 quae
506 2813 575 2843 sine
589 2813 686 2844 dubio
702 2813 808 2854 legen·
849 2815 931 2844 bene
961 2815 1126 2851 redundat,
1156 2824 1234 2845 cum
1263 2816 1371 2856 paullo
1406 2823 1477 2845 ante
1507 2815 1547 2846 sit

114 2855 195 2884 dum
208 2864 306 2894 quam,
322 2862 358 2884 ut
372 2862 404 2884 et
417 2855 469 2884 alii
484 2856 640 2888 viderunt.
852 2868 1028 2900 quamquam
1043 2868 1135 2887 scmus
1150 2857 1253 2889 abuit.

170 2907 283 2937 VOL.
305 2909 373 2939 1v.
396 2910 435 2938 P.
457 2909 490 2938 1.
840 2911 869 2939 Τ
