1768 3095
275 146 350 179 130
575 140 646 177 DE
675 139 831 178 FINIB.
860 140 1059 179 BONOR.
1090 143 1156 179 ET
1184 143 1393 180 MssLOR.

273 262 366 289 eam
396 255 488 290 tum
519 248 679 300 adesse,
710 264 809 291 cum
840 249 962 291 dolor
992 250 1128 290 omnis
1159 250 1282 300 absit,
1304 264 1483 314 eamque
1508 249 1700 291 stabilem

210 310 263 357 76
273 305 474 360 appellas
534 306 598 346 Sit
625 321 722 346 sane
755 307 834 347 ista
865 307 1071 362 1011111135.
1099 307 1197 347 dic
1189 323 1228 347 1n
1253 307 1398 370 quovis
1421 315 1642 357 conventu,
1659 316 1702 348 te

273 362 416 402 omnia
438 363 587 435 facere,
610 377 661 403 ne
684 363 840 404 doleas.
863 364 895 403 si
927 379 977 404 ne
1010 364 1091 404 hoc
1114 364 1287 419 quidem
1309 363 1408 404 satis
1428 363 1582 419 ample,
1603 363 1703 404 satis

252 420 254 423 ’
272 418 448 459 honeste
475 419 556 460 dici
585 428 735 474 putas;
768 420 835 460 dic
860 430 901 460 te
923 421 1064 460 onmia
1084 430 1126 461 et
1146 421 1186 461 in
1211 421 1290 461 isto
1312 420 1578 475 magistratu,
1600 429 1642 460 et
1661 420 1704 460 in

254 475 387 516 'omni
410 476 505 525 xita,
534 476 726 516 utilitatis
757 487 841 517 tuae
871 492 996 517 causa
1018 478 1244 526 facturum,
1268 477 1371 517 nihil
1393 477 1470 517 nisi
1493 477 1609 532 quod
1629 491 1700 517 ex-

270 531 368 586 pedi
372 541 427 582 at,
459 533 563 572 nihil
595 533 775 588 denique
806 532 882 573 nisi
913 542 986 573 tua
1016 548 1167 574 causa.
1200 548 1325 589 quem
1347 533 1577 574 clamorem
1599 548 1704 574 con-

271 589 418 639 cionis,
441 599 513 629 aut
535 604 662 645 quani
684 604 802 644 spem
825 590 1067 629 consulatus
1089 590 1194 645 ej11S,
1217 605 1289 645 (1111
1311 590 1387 630 tibi
1417 590 1704 646 paratissimus

270 653 348 695 est,
383 645 568 686 futuram
605 647 760 700 putes?
795 660 942 685 eamne
976 645 1182 686 rationem
1219 661 1409 710 sequare,
1443 662 1526 702 qua
1559 655 1702 687 tecum

271 701 372 756 ipse,
401 712 442 742 et
471 716 569 743 cum
597 702 679 742 tuis
712 710 843 752 utare,
873 701 1059 756 profiteri
1082 712 1238 753 autem,
1260 712 1302 743 et
1332 703 1373 743 in
1394 703 1583 744 medium
1606 718 1704 758 pro-

270 758 377 798 ferre
400 774 483 799 non
506 758 690 799 audeas?
725 759 784 798 At
806 773 901 798 vero
924 758 1008 808 illa,
1032 774 1126 814 quae
1155 759 1433 823 Peripatetici,
1455 775 1549 814 quae
1571 760 1705 800 Stoici

271 815 431 865 dicunt,
463 829 630 878 semper
659 815 736 855 tibi
767 815 809 855 in
840 830 912 855 015
942 790 1053 855 suiit.
1084 831 1127 855 111
1150 815 1372 871 judiciis,
1363 831 1404 856 m
1435 825 1598 866 senatu,
1621 816 1706 871 offi-

272 871 392 922 ciltm,
415 871 670 927 (equitatem,
690 871 1107 935 dignitatem,fidem,
1127 879 1252 923 recta,
1276 871 1453 922 honesta,
1474 872 1601 928 digna
1627 887 1706 912 zm-

269 928 394 982 perio,
429 928 556 978 diana
586 906 756 982 vopulo&
772 928 966 978 Romano,
998 928 1133 969 omnia
1158 928 1345 983 pericula
1376 939 1448 984 pro
1482 929 1704 984 republica,

208 996 257 1037 77
274 1000 372 1024 morl
388 995 463 1039 pm
470 972 636 1039 patria.
697 986 804 1025 Haec
826 1000 923 1026 cum
940 985 1140 1041 loqueris,
1164 1001 1240 1026 nos
1261 986 1439 1026 barones
1460 995 1705 1042 stupemus:

271 1050 317 1081 tu
349 1041 541 1082 videlicet
572 1051 713 1082 tecum
745 1042 832 1096 ipse
862 1042 987 1083 rides.
1019 1057 1115 1082 nam
1146 1043 1254 1083 inter
1274 1042 1353 1084 ista
1372 1052 1459 1083 tam
1481 1043 1706 1098 magnifica

270 1098 407 1149 verba,
440 1108 613 1154 tamque
644 1099 862 1153 praeclara,
884 1114 967 1139 non
999 1098 1127 1140 habet
1156 1099 1291 1140 ullum
1322 1099 1514 1154 voluptas
1544 1100 1704 1150 locum,

272 1170 355 1195 non
387 1155 518 1196 modo
548 1155 633 1204 illa,
666 1164 705 1186 ⁴0
721 1170 858 1219 quam⁸
879 1155 919 1196 in
950 1164 1073 1196 motu
1103 1171 1194 1196 esse
1223 1155 1375 1206 dicitis,
1398 1171 1526 1212 quam
1557 1171 1705 1197 omnes

269 1212 433 1261 urbani,
463 1212 622 1262 11151151,
655 1226 816 1262 omnes,
849 1211 1036 1267 inquam,
1069 1213 1141 1267 qui
1176 1212 1324 1252 Latine
1354 1212 1600 1268 loquuntur,
1630 1227 1703 1253 vo-

270 1268 475 1323 luptatem
503 1279 678 1308 xo:cant
711 1268 784 1308 sed
808 1283 858 1308 ne
879 1268 970 1309 haec
994 1268 1165 1324 quidem
1195 1269 1371 1319 stabilis,
1393 1284 1535 1324 quam,
1554 1279 1707 1325 praeter

187 1324 257 1372 24
271 1339 357 1375 vos,
381 1339 507 1365 nemo
529 1324 714 1380 appellat
734 1325 1010 1379 voluptatem.
1069 1325 1195 1389 Vide,
1217 1339 1269 1365 ne
1290 1340 1374 1366 non
1396 1325 1550 1366 debeas
1571 1326 1705 1366 verbis

272 1381 424 1421 nostris
446 1381 522 1430 uti,
545 1381 761 1421 sententiis
782 1381 879 1422 tuis.
938 1381 1069 1424 Ouod
1091 1382 1125 1422 si
1144 1381 1307 1422 vultum
1326 1382 1419 1433 tibi,
1441 1383 1475 1424 si
1494 1383 1704 1424 incessum

274 1437 467 1493 fingeres,
499 1453 582 1494 quo
612 1437 779 1493 gravior
807 1425 1003 1488 viderere,
1035 1453 1119 1478 non
1150 1453 1262 1479 esses
1292 1435 1354 1479 tui
1374 1439 1549 1480 511111115·
1581 1440 1706 1481 verba

165 1507 195 1537 P·
210 1503 260 1526 8¹-
275 1504 321 1535 tu
353 1495 500 1550 fingas,
531 1505 573 1535 et
603 1510 652 1535 ea
682 1494 810 1545 dicas,
834 1510 928 1550 quae
959 1509 1041 1535 non
1065 1495 1232 1545 sentias,
1253 1504 1325 1536 aut
1345 1496 1536 1546 etiam,u
1508 1504 1554 1536 ut
1580 1497 1705 1537 vesti-

232 1549 381 1601 ει’111111,
414 1553 472 1592 515
502 1551 751 1592 sententiam
782 1551 936 1592 habeas
956 1551 1081 1591 aliam
1102 1551 1396 1603 domesticam,
1416 1552 1541 1593 aliam
1564 1553 1706 1594 foren-

273 1623 377 1658 sem,
415 1618 463 1649 ut
497 1608 539 1648 in
572 1609 711 1648 fronte
747 1608 974 1648 ostentatio
1011 1608 1077 1658 sit,
1110 1608 1222 1648 intus
1254 1609 1402 1649 veritas
1433 1608 1703 1651 occultetur?

270 1665 394 1729 Vide,
427 1679 588 1720 quaeso,
619 1674 837 1706 rectumne
866 1665 933 1705 sit.
964 1664 1068 1704 mihi
1098 1664 1267 1720 quidem
1299 1679 1360 1706 eae
1381 1680 1487 1706 verae
1513 1666 1707 1708 videntur

270 1722 504 1784 opiniones,
526 1737 621 1777 quae
642 1721 847 1771 honestae,
870 1736 964 1776 quae
986 1720 1234 1773 laudabiles,
1256 1737 1351 1777 quae
1373 1722 1588 1778 gloriosae,
1609 1739 1705 1779 quae

269 1793 311 1817 m
341 1788 503 1828 senatu,
524 1794 618 1833 quae
647 1778 759 1833 apud
789 1777 1012 1833 populum,
1037 1793 1131 1833 quae
1166 1778 1209 1818 in
1228 1779 1345 1818 omni
1366 1788 1481 1820 coetu
1501 1781 1705 1821 concilio-

257 1847 354 1888 'que
376 1843 411 1866 41
430 1835 694 1890 proferendae
729 1835 840 1875 sint:
873 1849 925 1875 ne
948 1834 991 1875 id
1014 1849 1097 1875 non
1118 1834 1276 1890 pudeat
1297 1835 1466 1886 sentire,
1489 1836 1605 1891 quod
1624 1852 1706 1893 pu-

272 1891 370 1932 deat
390 1891 541 1932 dicere.

328 1948 543 1988 Amicitiae
572 1963 668 1989 1510
697 1948 816 1989 105115
845 1947 919 1988 ubi
939 1961 1030 1988 esse
1049 1956 1206 2002 potest,
1228 1956 1302 1989 aut
1322 1948 1416 2004 quis
1435 1948 1594 1990 amicus
1616 1965 1706 1993 esse

271 2004 485 2061 cuiquam,
512 2020 639 2060 quem
671 2020 755 2046 non
785 2005 923 2060 ipsum
955 2013 1070 2044 amet
1099 2014 1271 2060 propter
1300 2005 1472 2069 ipsum?
1505 2006 1607 2061 quid
1629 2021 1705 2048 au-

257 2066 358 2102 'tem
387 2070 449 2101 est
481 2076 636 2112 amare,
658 2076 681 2102 5
701 2077 786 2117 (1110
815 2075 970 2102 nomen
991 2061 1169 2101 ductum
1188 2061 1382 2102 amicitiae
1403 2069 1482 2111 est,
1501 2062 1581 2103 nisi
1601 2063 1707 2105 velle

269 2118 391 2159 bonis
413 2117 598 2174 aliquem
620 2119 727 2159 affici
745 2133 873 2175 quam
894 2117 1101 2181 maximis,
1118 2117 1242 2158 etiam
1267 2117 1300 2158 51
1322 2118 1375 2158 ad
1395 2131 1439 2158 se
1460 2132 1511 2158 ex
1530 2119 1580 2159 iis
1601 2120 1706 2162 nihil

269 2174 444 2215 redeat?
498 2177 549 2215 Et
582 2175 753 2230 quidem
788 2174 975 2230 prodest,
1010 2173 1164 2238 iriquiS,
1199 2174 1303 2215 mihi
1337 2189 1387 2215 eo
1420 2188 1511 2229 5555
1547 2177 1704 2218 animo.

270 2231 410 2272 Immo
441 2231 570 2272 videri
600 2232 913 2272 1011115555555
955 2230 1081 2281 enim,
1112 2230 1190 2270 nisi
1223 2230 1317 2281 eris,
1348 2246 1432 2272 non
1462 2223 1599 2287 potes.
1631 2233 1704 2289 qui

268 2297 411 2328 autem
442 2303 532 2328 esse
563 2288 735 2343 poteris,
766 2288 844 2329 nisi
873 2297 916 2328 te
945 2302 1065 2327 amor
1093 2286 1183 2341 ipse
1204 2288 1392 2351 ceperit?
1427 2296 1465 2320 42
1483 2288 1598 2344 quod
1619 2304 1706 2331 non

269 2345 479 2385 subducta
510 2345 703 2386 utilitatis
733 2345 894 2385 ratione
923 2343 1030 2384 effici
1050 2343 1171 2393 solet,
1194 2344 1297 2384 sed
1287 2359 1428 2399 1psum
1447 2360 1472 2385 a
1492 2359 1535 2385 se
1556 2347 1704 2399 oritur,

268 2409 309 2441 et
341 2417 416 2442 sua
452 2411 601 2456 sponte
633 2401 830 2442 nascitur.
890 2401 952 2441 At
981 2399 1091 2439 enim
1123 2413 1275 2454 sequor
1304 2401 1544 2443 utilitatem.
1604 2404 1704 2444 Ma-

268 2458 385 2499 nebit
415 2473 459 2498 51
460 2473 519 2513 go
550 2458 736 2499 amicitia
756 2466 842 2498 tam
874 2456 962 2507 diu,
993 2462 1032 2487 43
1047 2469 1176 2511 quam
1206 2455 1278 2498 diu
1299 2467 1498 2513 sequetur
1514 2457 1702 2501 utilitas:

310 2578 350 2601 40
374 2581 461 2611 quam
486 2571 515 2598 in
540 2583 577 2600 m.
602 2582 625 2601 e.
651 2571 693 2610 Α]
712 2571 785 2600 Non
806 2577 963 2609 repertum
1007 2569 1144 2598 subducta
1167 2579 1224 2609 pro
1239 2570 1288 2599 sub
1304 2570 1392 2599 dubia
1407 2572 1566 2602 edidimus
1581 2581 1620 2603 ex
1636 2573 1704 2603 No-

267 2613 328 2642 hoc
352 2614 383 2642 in
410 2614 473 2643 Ms.
491 2614 607 2644 Elicnsi
632 2624 686 2652 pro
703 2614 892 2653 glossemate
908 2614 965 2642 ha·
1006 2613 1060 2642 nio
1083 2613 1115 2655 in
1139 2613 1303 2647 subducere,
1328 2620 1365 2642 ut
1380 2614 1449 2652 jam
1466 2616 1562 2645 edidit
1577 2615 1706 2645 Lambi-

267 2656 318 2685 bet
334 2657 494 2686 Davisius.
1007 2665 1068 2684 nus
1091 2662 1121 2685 et
1145 2656 1303 2686 Davisius.
1321 2656 1371 2684 sub
1386 2656 1474 2687 dubia
1489 2659 1701 2689 commodum

309 2707 345 2729 41
367 2699 550 2738 preferendae
563 2698 634 2736 sint]
654 2699 673 2728 i.
691 2698 810 2737 possint
825 2698 962 2736 proferri.
1005 2708 1137 2728 sensum
1155 2698 1207 2727 hie
1224 2708 1289 2728 non
1306 2699 1412 2728 habet.

264 2742 344 2771 Mss.
362 2743 492 2782 qnidam
509 2742 583 2771 boni
602 2740 776 2780 profitendae
791 2741 860 2776 sint,
876 2741 959 2779 quod
1049 2747 1087 2770 43
1113 2751 1201 2782 quam
1215 2741 1266 2770 diu
1288 2739 1432 2782 sequitur]
1447 2742 1557 2772 Tacite
1572 2750 1704 2784 sequetur

265 2786 379 2825 ‘recepit
396 2786 554 2815 Davisius.
573 2784 616 2814 nil
642 2786 769 2814 interest
784 2793 891 2813 sensu.
908 2785 962 2814 sed
1004 2784 1101 2813 edidit
1122 2784 1280 2815 Davisius.
1305 2785 1359 2814 sed
1376 2792 1468 2815 recte.
1485 2795 1563 2815 mox
1579 2785 1604 2814 si
1618 2785 1703 2815 ulili-

262 2828 430 2867 vulgatnm
449 2835 556 2858 tamen
575 2828 675 2866 magis
693 2827 806 2866 placet.
835 2839 837 2841 >
1005 2832 1050 2855 tas
1078 2828 1135 2857 &c.
1163 2826 1243 2855 tollet
1264 2827 1374 2863 eadem,
1397 2838 1461 2857 non
1485 2827 1573 2858 tollit.
1594 2835 1625 2858 et
1646 2829 1701 2858 ha-

307 2881 319 2901 4
329 2879 344 2901 -2
371 2871 446 2913 quod
456 2883 509 2901 5:011
524 2871 663 2900 sii-dalucta
679 2869 819 2899 utilitatis
834 2868 958 2908 ratione]
1004 2869 1081 2899 bent
1095 2876 1226 2912 sequetur
1242 2870 1311 2899 edd.
1328 2880 1373 2909 pr.
