1778 3095
239 115 316 148 228
544 108 614 147 DE
643 110 798 148 FINIB.
817 109 1019 149 BONOR.
1040 109 1105 147 ET
1133 107 1338 147 MALOR.

237 222 452 270 ceperunt,
473 215 594 271 signa
613 223 876 257 commutant
895 232 904 256 z
935 215 993 257 sic
1014 215 1088 266 illi,
1108 224 1157 256 ut
1174 213 1389 256 sententiis
1407 213 1558 256 nostris
1577 229 1661 272 pro·

238 272 323 313 suis
352 281 580 323 uterentur,
603 273 785 322 nomina,
806 282 1019 328 tamquam
1049 286 1186 312 rerum
1220 280 1354 321 notas,
1375 280 1654 314 mutaverunt.

241 330 306 369 Ita
326 329 570 384 relinquitur
589 329 680 370 sola
703 329 793 370 haec
823 328 1041 383 disciplina
1069 327 1197 382 digna
1228 327 1423 368 studiosis
1453 327 1657 381 ingenua-

237 397 330 426 rum
351 386 518 436 artium,
537 385 667 438 digna
685 385 871 435 eruditis,
891 385 1018 439 digna
1036 383 1156 425 claris
1176 384 1283 434 viris,
1304 383 1432 438 digna
1457 384 1658 441 principi-

236 443 330 492 bus,
349 442 479 498 digna
498 443 680 497 regibus.

176 500 224 542 75
294 501 401 556 Quae
435 514 532 539 curn
566 499 750 546 dixisset,
779 497 1050 552 paullumque
1081 496 1310 547 institisset,
1339 496 1454 552 Quid
1486 504 1563 546 est,
1593 496 1658 537 in-

238 557 329 612 quit
348 558 360 597 ?
394 556 545 596 satisne
566 554 683 595 vobis
705 553 845 594 videor
866 562 903 584 ‘22
923 567 999 608 pro
1029 567 1125 593 meo
1149 552 1244 607 jure
1264 553 1305 593 in
1325 553 1468 594 vestris
1488 553 1657 594 auribus

236 612 578 654 commentatus?
616 613 670 651 Et
707 624 805 664 ego,
842 610 908 650 Tu
946 624 1055 660 vero,
1095 609 1278 664 inquam,
1317 610 1423 659 Piso,
1461 619 1509 650 ut
1547 623 1659 665 saepe

237 670 352 721 alias,
373 670 431 710 sic
452 668 577 708 hodie
598 667 655 707 ita
675 666 755 720 ista
778 680 901 706 nosse
931 665 1039 705 visus
1069 679 1127 714 eS,
1147 675 1208 713 ut,
1229 665 1263 706 si
1294 665 1355 706 tui
1385 666 1508 720 copia
1538 666 1660 707 nobis

237 740 403 781 semper
434 725 560 774 fieret,
583 738 665 763 non
696 721 875 762 multum
909 721 1069 762 Graecis
1099 721 1418 776 supplicandum
1450 732 1658 777 putarem.

238 783 353 838 quod
374 781 544 837 quidem
565 793 616 820 eo
634 778 802 834 probavi
824 778 975 834 magis,
994 777 1092 833 quia
1119 778 1305 827 memini,
1324 778 1512 819 Staseam
1543 780 1659 819 Nea-

237 839 486 894 politanum,
507 836 726 876 doctorem
755 833 874 876 illurn
906 845 1042 884 tuum,
1069 833 1253 874 nobilem
1284 848 1384 874 sane
1414 835 1658 890 Peripateti-

235 910 349 945 cum,
380 893 592 948 aliquan-to
627 893 705 933 ista
733 905 852 932 secus
883 890 1021 932 dicere
1054 890 1240 940 solitum,
1271 890 1563 932 assentientem
1595 891 1658 942 iis,

237 951 310 1007 qui
331 950 510 991 multum
532 948 573 988 in
596 948 764 989 fortuna
784 947 980 997 secunda,
1002 956 1075 988 aut
1093 946 1276 995 adversa,
1297 946 1476 992 multum
1508 948 1547 988 in
1580 947 1658 988 bo·

237 1008 316 1058 nis,
334 1017 408 1049 aut
436 1005 557 1046 malis
587 1004 773 1060 corporis
802 1011 1018 1059 ponerent.
1075 1004 1153 1044 Est
1178 1011 1225 1043 ut
1253 1002 1371 1053 dieis,
1391 1003 1551 1059 inquit:
1584 1003 1659 1045 sed

236 1064 327 1105 haec
348 1064 400 1105 ab
420 1062 650 1111 Antiocho,
671 1069 813 1102 nostro
833 1060 1039 1109 familiari,
1059 1058 1255 1100 dicuntur
1272 1059 1409 1100 multo
1430 1060 1595 1111 melius,
1616 1070 1660 1101 et

236 1121 401 1172 fortius,
437 1132 562 1175 quam
601 1133 626 1158 a
662 1118 806 1158 Stasea
853 1116 1113 1157 dicebantur.
1156 1129 1412 1171 quamquam
1453 1130 1535 1171 ego
1574 1131 1659 1157 nou

236 1190 394 1233 quaero,
415 1175 516 1232 quid
546 1174 623 1215 tibi
652 1188 677 1214 a
703 1188 772 1214 me
801 1173 1027 1227 probatum
1057 1171 1125 1220 sit,
1145 1171 1218 1211 sed
1247 1170 1346 1211 huic
1367 1170 1563 1212 Ciceroni
1585 1187 1661 1213 no-

154 1221 225 1274 26
236 1244 338 1283 stro,
367 1247 493 1288 quem
522 1229 777 1285 discipulum
806 1228 933 1283 cupio
960 1243 985 1268 a
1005 1236 1047 1268 te
1066 1226 1286 1267 abducere.
1343 1227 1457 1268 Turn-
1488 1228 1660 1280 Lucius,

175 1296 228 1341 76
239 1290 351 1331 Mihi
379 1303 476 1329 vero
507 1288 588 1327 ista
616 1285 733 1326 valde
764 1285 942 1340 probata
970 1291 1094 1324 sunt:
1126 1281 1243 1338 quod
1272 1282 1374 1323 item
1395 1283 1511 1324 fratri
1540 1293 1659 1339 puto.

235 1347 345 1387 Tum
378 1344 482 1385 mihi
513 1343 622 1395 Piso,
652 1341 769 1398 Quid
798 1341 934 1396 ergo?
966 1339 1117 1396 inquit,
1146 1338 1274 1379 dasne
1303 1338 1561 1381 adolescenti
1592 1355 1661 1381 ve-

235 1402 375 1443 niam?
408 1415 460 1441 an
481 1414 578 1440 eum
608 1398 767 1439 discere
788 1406 826 1429 22³
845 1412 895 1438 ea
913 1396 1058 1448 mavis,
1079 1411 1174 1451 quae
1204 1410 1302 1436 cum
1333 1395 1530 1451 praeclare
1549 1396 1660 1438 didi-

233 1458 352 1509 cerit,
388 1457 491 1498 nihil
526 1455 659 1496 sciat?
707 1455 804 1509 Ego
838 1468 933 1494 vero
973 1453 1056 1503 isti,
1095 1453 1281 1507 inquam,
1320 1452 1536 1507 permitto.
1585 1453 1658 1495 sed

235 1527 373 1555 nonne
406 1512 648 1562 meministi,
678 1510 782 1551 mihi
815 1511 939 1551 licere
973 1509 1149 1565 probare
1180 1508 1274 1558 ista,
1307 1523 1401 1562 quae
1433 1517 1530 1549 sunt
1562 1524 1587 1550 a
1618 1519 1661 1551 te

235 1571 381 1617 dicta?
411 1569 502 1624 quis
520 1568 632 1609 enim
654 1575 793 1622 potest
813 1581 874 1617 ea,
896 1581 990 1621 quae
1010 1563 1243 1620 probabilia
1266 1564 1482 1606 videantur
1503 1565 1554 1616 ei,
1576 1580 1661 1607 non

234 1627 439 1682 probare?
472 1626 542 1667 An
573 1638 684 1674 vero,
713 1623 862 1679 inquit,
898 1622 1122 1678 quisquam
1153 1628 1293 1675 potest
1323 1621 1517 1675 probare,
1544 1622 1662 1678 quod

233 1691 497 1738 perceptum,
516 1681 631 1737 quod
651 1679 1016 1735 comprehensum,
1037 1686 1077 1709 24
1094 1676 1210 1733 quod
1240 1677 1460 1731 cognitum
1481 1692 1564 1719 non
1586 1678 1663 1719 ha-

236 1740 306 1781 bet
326 1741 339 1780 ?
371 1741 476 1780 Non
493 1747 555 1778 est
584 1737 677 1787 ista,
698 1736 883 1791 inquam,
907 1735 1014 1785 Piso,
1035 1747 1190 1788 magna
1220 1732 1439 1774 dissensio,
1466 1734 1571 1775 nihi-l
1598 1744 1663 1777 est

109 1797 346 1841 p.14-³·enim
383 1794 512 1845 aliud,
544 1793 817 1849 quamobrem
852 1791 955 1832 nihil
986 1790 1143 1846 percipi
1173 1789 1277 1829 mihi
1310 1803 1433 1843 posse
1461 1789 1666 1842 videatur,

198 1852 316 1894 ⁸·nisi
351 1851 465 1907 quod
500 1849 754 1906 percipiendi
783 1848 841 1889 vis
870 1848 928 1889 ita
959 1847 1153 1888 definitur
1183 1859 1208 1885 a
1236 1845 1403 1895 Stoicis,
1429 1854 1476 1887 ut
1505 1856 1663 1903 negent

234 1908 467 1965 quidquam
498 1920 620 1962 posse
650 1905 822 1961 percipi,
844 1904 922 1945 nisi
954 1903 1038 1944 tale
1070 1916 1227 1951 verum,
1247 1902 1539 1956 quale-falsum
1571 1917 1662 1945 esse

235 1981 318 2007 non
338 1964 483 2020 possit.
514 1964 652 2018 itaque
672 1962 762 2003 haec
785 1976 880 2002 cum
900 1959 981 2002 illis
1002 1968 1066 2000 est
1085 1957 1306 2008 dissensio,
1325 1972 1422 1999 cum
1452 1959 1662 2014 Peripate-

235 2021 328 2063 ticis
359 2020 473 2061 nulla
502 2033 613 2060 sane.
645 2019 717 2059 sed
748 2018 838 2059 haec
870 2016 1145 2065 omittamus;
1175 2014 1333 2056 habent
1360 2015 1472 2057 enim
1491 2024 1535 2056 et
1555 2016 1661 2058 bene

237 2078 425 2132 longam,
446 2086 488 2117 et
508 2076 606 2116 satis
624 2075 854 2130 litigiosam
873 2072 1214 2129 disputationem.

177 2136 231 2180 77*
297 2133 408 2175 Illud
440 2132 544 2174 mihi
578 2147 603 2172 a
634 2140 675 2172 te
711 2131 888 2172 nimium
921 2129 1163 2170 festinanter
1195 2126 1355 2168 dictum
1393 2126 1568 2179 videtur,
1597 2143 1662 2170 sa-

236 2191 395 2246 pientes
416 2203 562 2230 omnes
582 2202 671 2229 esse
693 2201 856 2242 semper
885 2187 1046 2227 beatos.
1075 2183 1216 2225 neseio
1235 2199 1321 2239 quo
1342 2183 1472 2225 modo
1491 2193 1664 2239 praeter-

234 2246 386 2287 volavit
419 2245 568 2286 oratio.
599 2253 638 2276 2⁵
655 2243 769 2299 quod
801 2243 879 2284 nisi
908 2243 966 2283 ita
994 2241 1196 2283 efficitur:
1227 2256 1323 2296 quae
1346 2240 1662 2296 Theophrastus

238 2303 290 2348 de
310 2303 491 2352 fortuna,
513 2302 567 2342 de
587 2301 747 2352 dolore,
768 2300 821 2342 de
841 2298 1028 2341 cruciatu
1048 2296 1236 2353 eorporis
1256 2296 1379 2347 dixit,
1391 2311 1486 2338 cum
1510 2297 1671 2352 quibus

234 2453 305 2483 edd.
332 2458 361 2481 et
384 2460 444 2481 scr.
467 2450 580 2480 dicitur
605 2450 636 2479 in
661 2455 780 2487 partem
801 2447 931 2476 deterio-
972 2454 1037 2475 esse
1053 2445 1179 2479 diceret,
1195 2449 1289 2482 atque
1311 2444 1387 2473 adeo
1401 2444 1439 2474 ad
1457 2443 1561 2483 ipsum
1578 2445 1666 2477 Cice-

237 2505 316 2530 rem,
342 2500 377 2523 ut
402 2494 433 2523 in
454 2493 581 2531 pecuniis
605 2491 708 2530 captis.
732 2500 761 2520 v.
786 2490 873 2519 Clav.
898 2490 930 2519 in
975 2497 1097 2523 renem,
1113 2487 1167 2525 qui
1184 2486 1251 2523 ejus
1266 2486 1423 2517 studiosus
1440 2493 1513 2517 erat.

235 2543 345 2575 capere.
363 2546 422 2565 nec
444 2536 578 2564 audeam
603 2540 724 2564 mutare
739 2532 788 2562 vel
804 2533 835 2561 in
852 2530 927 2570 clep·
1014 2537 1054 2560 24
1081 2529 1156 2570 quod
1173 2529 1315 2568 cognitum
1338 2540 1391 2557 non
1416 2529 1517 2571 habet]
1544 2530 1665 2571 Legen-

236 2585 335 2610 serunt
356 2588 433 2608 cum
459 2578 585 2606 Mureto
609 2577 646 2605 V.
670 2576 704 2604 L.
727 2576 851 2611 1x‚19.
878 2573 927 2603 vel
969 2574 1048 2603 dum
1064 2572 1177 2600 haheat.

236 2632 314 2652 cum
331 2622 459 2651 Davisio
476 2621 506 2649 in
520 2619 674 2656 clepemnt.
1014 2622 1051 2645 25
1070 2613 1145 2655 quod
1164 2612 1219 2642 nisi
1242 2612 1284 2642 ita
1307 2611 1442 2652 efficitur]
1468 2613 1517 2643 ita·
1533 2615 1664 2645 offendit

281 2672 319 2695 22
341 2671 393 2702 pro
417 2674 475 2691 meo
489 2661 572 2702 jura]
594 2661 712 2694 Libere,
731 2668 841 2688 meum
863 2665 929 2689 stu·
973 2657 1158 2687 nonnullos.
1201 2656 1347 2685 Davisius
1371 2657 1495 2696 corrigit
1518 2657 1558 2686 id.
1604 2658 1663 2688 Sed

237 2709 327 2738 dium
357 2713 497 2742 secutuS,
528 2711 557 2734 et
584 2705 710 2734 fortasse
736 2702 868 2732 modum
895 2708 929 2731 ut
972 2706 1001 2730 et
1018 2700 1190 2730 redundare
1204 2704 1303 2738 potest
1317 2699 1385 2728 sine
1404 2699 1491 2734 vitio,
1507 2707 1600 2738 atque
1617 2701 1664 2730 in-

237 2751 433 2780 excederem.
972 2744 1016 2772 fra
1037 2743 1151 2772 iterum
1175 2741 1220 2771 sic
1241 2748 1287 2771 est
1308 2748 1339 2770 et
1360 2740 1433 2770 alibi
1449 2753 1500 2779 an,
1516 2743 1541 2771 si
1557 2742 1666 2782 idpra,

280 2799 317 2822 223
337 2803 368 2820 ea
385 2790 480 2820 mavis
497 2788 567 2827 δια]
594 2788 727 2818 Pertinet
749 2787 786 2816 ad
809 2786 929 2816 Acade·
972 2785 1033 2822 bas,
1051 2784 1172 2826 ilafe-ri
1182 2790 1260 2824 posse
1277 2794 1362 2824 negas
1376 2785 1435 2814 &a
1617 2784 1623 2788 “

238 2836 355 2866 micam
380 2833 628 2874 philosophiam,
656 2840 727 2871 quae
751 2828 830 2860 nihil
855 2829 928 2858 certi
