<?xml version="1.0" encoding="UTF-8"?>
<!DOCTYPE html PUBLIC "-//W3C//DTD XHTML 1.0 Transitional//EN"
    "http://www.w3.org/TR/xhtml1/DTD/xhtml1-transitional.dtd">
<html xmlns="http://www.w3.org/1999/xhtml" xml:lang="en" lang="en">
 <head>
  <title>
</title>
<meta http-equiv="Content-Type" content="text/html;charset=utf-8" />
  <meta name='ocr-system' content='tesseract 3.04.00' />
  <meta name='ocr-capabilities' content='ocr_page ocr_carea ocr_par ocr_line ocrx_word'/>
</head>
<body>
  <div class='ocr_page' id='page_1' title='image "./p1operaomnia04ciceuoft_0025.png"; bbox 0 0 1768 3095; ppageno 0'>
   <div class='ocr_carea' id='block_1_1' title="bbox 62 112 1590 2092">
    <p class='ocr_par' dir='ltr' id='par_1_1' title="bbox 79 112 1580 771">
     <span class='ocr_line' id='line_1_1' title="bbox 575 112 1519 159; baseline 0 -9"><span class='ocrx_word' id='word_1_1' title='bbox 575 114 757 150; x_wconf 82' lang='lat' dir='ltr'>LIBER</span> <span class='ocrx_word' id='word_1_2' title='bbox 785 112 1030 151; x_wconf 81' lang='lat' dir='ltr'><strong>PRIMUS.</strong></span> <span class='ocrx_word' id='word_1_3' title='bbox 1473 116 1519 159; x_wconf 83' lang='lat'><strong>17</strong></span> 
     </span>
     <span class='ocr_line' id='line_1_2' title="bbox 86 219 1521 276; baseline -0.002 -11"><span class='ocrx_word' id='word_1_4' title='bbox 86 222 312 273; x_wconf 88' lang='lat' dir='ltr'><strong>dolescere,</strong></span> <span class='ocrx_word' id='word_1_5' title='bbox 340 230 383 263; x_wconf 91' lang='lat' dir='ltr'><strong>et</strong></span> <span class='ocrx_word' id='word_1_6' title='bbox 411 221 721 276; x_wconf 84' lang='lat' dir='ltr'><strong>concupiscere,</strong></span> <span class='ocrx_word' id='word_1_7' title='bbox 751 229 794 261; x_wconf 92' lang='lat' dir='ltr'><strong>et</strong></span> <span class='ocrx_word' id='word_1_8' title='bbox 823 219 1111 269; x_wconf 81' lang='lat' dir='ltr'><strong>extimescere,</strong></span> <span class='ocrx_word' id='word_1_9' title='bbox 1136 226 1180 260; x_wconf 87' lang='lat' dir='ltr'><strong>et</strong></span> <span class='ocrx_word' id='word_1_10' title='bbox 1207 219 1345 260; x_wconf 85' lang='lat' dir='ltr'><strong>efferri</strong></span> <span class='ocrx_word' id='word_1_11' title='bbox 1374 220 1521 262; x_wconf 83' lang='lat' dir='ltr'><strong>laetitia</strong></span> 
     </span>
     <span class='ocr_line' id='line_1_3' title="bbox 85 275 1519 331; baseline -0.003 -10"><span class='ocrx_word' id='word_1_12' title='bbox 85 280 285 330; x_wconf 88' lang='lat' dir='ltr'><strong>dicerent,</strong></span> <span class='ocrx_word' id='word_1_13' title='bbox 315 278 386 320; x_wconf 91' lang='lat' dir='ltr'><strong>sed</strong></span> <span class='ocrx_word' id='word_1_14' title='bbox 412 292 504 318; x_wconf 86' lang='lat' dir='ltr'><strong>eam</strong></span> <span class='ocrx_word' id='word_1_15' title='bbox 537 277 847 327; x_wconf 76' lang='lat' dir='ltr'><strong>contraherent,</strong></span> <span class='ocrx_word' id='word_1_16' title='bbox 876 277 969 317; x_wconf 74' lang='lat' dir='ltr'><strong>82in</strong></span> <span class='ocrx_word' id='word_1_17' title='bbox 994 285 1309 331; x_wconf 85' lang='lat' dir='ltr'><strong>angustumque</strong></span> <span class='ocrx_word' id='word_1_18' title='bbox 1337 275 1519 317; x_wconf 90' lang='lat' dir='ltr'><strong>deduce-</strong></span> 
     </span>
     <span class='ocr_line' id='line_1_4' title="bbox 86 333 1517 389; baseline -0.002 -11"><span class='ocrx_word' id='word_1_19' title='bbox 86 345 179 378; x_wconf 84' lang='lat' dir='ltr'><strong>rent</strong></span> <span class='ocrx_word' id='word_1_20' title='bbox 196 353 205 377; x_wconf 88' lang='lat'><strong>:</strong></span> <span class='ocrx_word' id='word_1_21' title='bbox 237 337 304 377; x_wconf 92' lang='lat' dir='ltr'><strong>hic</strong></span> <span class='ocrx_word' id='word_1_22' title='bbox 327 334 523 376; x_wconf 90' lang='lat' dir='ltr'><strong>omnibus</strong></span> <span class='ocrx_word' id='word_1_23' title='bbox 543 334 607 374; x_wconf 88' lang='lat' dir='ltr'><strong>his</strong></span> <span class='ocrx_word' id='word_1_24' title='bbox 626 335 744 389; x_wconf 87' lang='lat' dir='ltr'><strong>quasi</strong></span> <span class='ocrx_word' id='word_1_25' title='bbox 763 333 922 374; x_wconf 81' lang='lat' dir='ltr'><strong>morbis</strong></span> <span class='ocrx_word' id='word_1_26' title='bbox 951 333 1084 374; x_wconf 86' lang='lat' dir='ltr'><strong>voluit</strong></span> <span class='ocrx_word' id='word_1_27' title='bbox 1112 347 1253 373; x_wconf 90' lang='lat' dir='ltr'><strong>carere</strong></span> <span class='ocrx_word' id='word_1_28' title='bbox 1272 333 1517 387; x_wconf 86' lang='lat' dir='ltr'><strong>sapientem.</strong></span> 
     </span>
     <span class='ocr_line' id='line_1_5' title="bbox 86 389 1580 448; baseline -0.003 -15"><span class='ocrx_word' id='word_1_29' title='bbox 86 393 281 448; x_wconf 87' lang='lat' dir='ltr'><strong>Cumque</strong></span> <span class='ocrx_word' id='word_1_30' title='bbox 310 406 379 431; x_wconf 87' lang='lat' dir='ltr'><strong>eas</strong></span> <span class='ocrx_word' id='word_1_31' title='bbox 410 390 744 446; x_wconf 85' lang='lat' dir='ltr'><strong>perturbationes</strong></span> <span class='ocrx_word' id='word_1_32' title='bbox 773 390 933 445; x_wconf 82' lang='lat' dir='ltr'><strong>antiqui</strong></span> <span class='ocrx_word' id='word_1_33' title='bbox 963 390 1173 430; x_wconf 80' lang='lat' dir='ltr'><strong>naturales</strong></span> <span class='ocrx_word' id='word_1_34' title='bbox 1200 404 1291 430; x_wconf 90' lang='lat' dir='ltr'><strong>esse</strong></span> <span class='ocrx_word' id='word_1_35' title='bbox 1317 389 1580 444; x_wconf 85' lang='lat' dir='ltr'><strong>dicerent,39</strong></span> 
     </span>
     <span class='ocr_line' id='line_1_6' title="bbox 84 446 1520 503; baseline -0.002 -13"><span class='ocrx_word' id='word_1_36' title='bbox 84 459 128 491; x_wconf 90' lang='lat' dir='ltr'><strong>et</strong></span> <span class='ocrx_word' id='word_1_37' title='bbox 147 448 317 490; x_wconf 90' lang='lat' dir='ltr'><strong>rationis</strong></span> <span class='ocrx_word' id='word_1_38' title='bbox 335 455 537 503; x_wconf 82' lang='lat' dir='ltr'><strong>expertes,</strong></span> <span class='ocrx_word' id='word_1_39' title='bbox 558 447 721 502; x_wconf 89' lang='lat' dir='ltr'><strong>aliaque</strong></span> <span class='ocrx_word' id='word_1_40' title='bbox 751 448 792 487; x_wconf 91' lang='lat' dir='ltr'><strong>in</strong></span> <span class='ocrx_word' id='word_1_41' title='bbox 822 456 940 501; x_wconf 86' lang='lat' dir='ltr'><strong>parte</strong></span> <span class='ocrx_word' id='word_1_42' title='bbox 970 446 1098 487; x_wconf 88' lang='lat' dir='ltr'><strong>animi</strong></span> <span class='ocrx_word' id='word_1_43' title='bbox 1128 446 1416 502; x_wconf 78' lang='lat' dir='ltr'><strong>cupiditatem,</strong></span> <span class='ocrx_word' id='word_1_44' title='bbox 1437 446 1520 487; x_wconf 87' lang='lat' dir='ltr'><strong>alia</strong></span> 
     </span>
     <span class='ocr_line' id='line_1_7' title="bbox 85 503 1518 559; baseline -0.001 -12"><span class='ocrx_word' id='word_1_45' title='bbox 85 506 288 547; x_wconf 82' lang='lat' dir='ltr'><strong>rationem</strong></span> <span class='ocrx_word' id='word_1_46' title='bbox 321 504 590 555; x_wconf 83' lang='lat' dir='ltr'><strong>collocarent,</strong></span> <span class='ocrx_word' id='word_1_47' title='bbox 611 518 663 544; x_wconf 88' lang='lat' dir='ltr'><strong>ne</strong></span> <span class='ocrx_word' id='word_1_48' title='bbox 696 503 760 544; x_wconf 88' lang='lat' dir='ltr'><strong>his</strong></span> <span class='ocrx_word' id='word_1_49' title='bbox 793 504 962 559; x_wconf 88' lang='lat' dir='ltr'><strong>quidem</strong></span> <span class='ocrx_word' id='word_1_50' title='bbox 995 504 1312 545; x_wconf 83' lang='lat' dir='ltr'><strong>assentiebatur.</strong></span> <span class='ocrx_word' id='word_1_51' title='bbox 1343 517 1439 544; x_wconf 90' lang='lat' dir='ltr'><strong>nam</strong></span> <span class='ocrx_word' id='word_1_52' title='bbox 1473 512 1518 545; x_wconf 84' lang='lat' dir='ltr'><strong>et</strong></span> 
     </span>
     <span class='ocr_line' id='line_1_8' title="bbox 81 559 1518 618; baseline -0.001 -16"><span class='ocrx_word' id='word_1_53' title='bbox 81 561 429 618; x_wconf 82' lang='lat' dir='ltr'><strong>perturbationes,</strong></span> <span class='ocrx_word' id='word_1_54' title='bbox 449 560 701 601; x_wconf 88' lang='lat' dir='ltr'><strong>voluntarias</strong></span> <span class='ocrx_word' id='word_1_55' title='bbox 721 574 810 601; x_wconf 87' lang='lat' dir='ltr'><strong>esse</strong></span> <span class='ocrx_word' id='word_1_56' title='bbox 834 560 1025 615; x_wconf 88' lang='lat' dir='ltr'><strong>putabat,</strong></span> <span class='ocrx_word' id='word_1_57' title='bbox 1044 560 1338 616; x_wconf 86' lang='lat' dir='ltr'><strong>opinionisque</strong></span> <span class='ocrx_word' id='word_1_58' title='bbox 1351 559 1518 615; x_wconf 84' lang='lat' dir='ltr'><strong>judicio</strong></span> 
     </span>
     <span class='ocr_line' id='line_1_9' title="bbox 83 617 1516 673; baseline -0.002 -14"><span class='ocrx_word' id='word_1_59' title='bbox 83 617 249 672; x_wconf 87' lang='lat' dir='ltr'><strong>suscipi,</strong></span> <span class='ocrx_word' id='word_1_60' title='bbox 262 626 304 657; x_wconf 90' lang='lat' dir='ltr'><strong>et</strong></span> <span class='ocrx_word' id='word_1_61' title='bbox 323 617 513 658; x_wconf 87' lang='lat' dir='ltr'><strong>omnium</strong></span> <span class='ocrx_word' id='word_1_62' title='bbox 534 617 901 673; x_wconf 80' lang='lat' dir='ltr'><strong>perturbationum</strong></span> <span class='ocrx_word' id='word_1_63' title='bbox 920 617 1200 658; x_wconf 83' lang='lat' dir='ltr'><strong>arbitrabatur</strong></span> <span class='ocrx_word' id='word_1_64' title='bbox 1215 630 1305 658; x_wconf 88' lang='lat' dir='ltr'><strong>esse</strong></span> <span class='ocrx_word' id='word_1_65' title='bbox 1322 626 1516 668; x_wconf 87' lang='lat' dir='ltr'><strong>matrem,</strong></span> 
     </span>
     <span class='ocr_line' id='line_1_10' title="bbox 80 673 1515 730; baseline 0.001 -16"><span class='ocrx_word' id='word_1_66' title='bbox 80 673 398 715; x_wconf 82' lang='lat' dir='ltr'><strong>immoderatam</strong></span> <span class='ocrx_word' id='word_1_67' title='bbox 429 674 639 730; x_wconf 88' lang='lat' dir='ltr'><strong>quandam</strong></span> <span class='ocrx_word' id='word_1_68' title='bbox 670 674 1049 728; x_wconf 83' lang='lat' dir='ltr'><strong>intemperantiam.</strong></span> <span class='ocrx_word' id='word_1_69' title='bbox 1109 674 1217 715; x_wconf 88' lang='lat' dir='ltr'><strong>Haec</strong></span> <span class='ocrx_word' id='word_1_70' title='bbox 1245 674 1331 714; x_wconf 81' lang='lat' dir='ltr'><strong>fere</strong></span> <span class='ocrx_word' id='word_1_71' title='bbox 1350 673 1401 713; x_wconf 92' lang='lat' dir='ltr'><strong>de</strong></span> <span class='ocrx_word' id='word_1_72' title='bbox 1420 688 1515 715; x_wconf 89' lang='lat' dir='ltr'><strong>mo-</strong></span> 
     </span>
     <span class='ocr_line' id='line_1_11' title="bbox 79 731 209 771; baseline -0.008 0"><span class='ocrx_word' id='word_1_73' title='bbox 79 731 209 771; x_wconf 89' lang='lat' dir='ltr'><strong>ribus.</strong></span> 
     </span>
    </p>

    <p class='ocr_par' dir='ltr' id='par_1_2' title="bbox 62 787 1590 2092">
     <span class='ocr_line' id='line_1_12' title="bbox 135 787 1590 843; baseline 0.002 -16"><span class='ocrx_word' id='word_1_74' title='bbox 135 788 204 828; x_wconf 90' lang='lat' dir='ltr'><strong>De</strong></span> <span class='ocrx_word' id='word_1_75' title='bbox 235 787 392 828; x_wconf 88' lang='lat' dir='ltr'><strong>naturis</strong></span> <span class='ocrx_word' id='word_1_76' title='bbox 424 795 564 827; x_wconf 89' lang='lat' dir='ltr'><strong>autem</strong></span> <span class='ocrx_word' id='word_1_77' title='bbox 598 787 656 828; x_wconf 89' lang='lat' dir='ltr'><strong>sic</strong></span> <span class='ocrx_word' id='word_1_78' title='bbox 689 787 909 839; x_wconf 87' lang='lat' dir='ltr'><strong>sentiebat,</strong></span> <span class='ocrx_word' id='word_1_79' title='bbox 945 788 1145 842; x_wconf 87' lang='lat' dir='ltr'><strong>primum,</strong></span> <span class='ocrx_word' id='word_1_80' title='bbox 1178 795 1279 829; x_wconf 73' lang='lat' dir='ltr'><strong>8²3ut</strong></span> <span class='ocrx_word' id='word_1_81' title='bbox 1313 796 1516 843; x_wconf 88' lang='lat' dir='ltr'><strong>quattuor</strong></span> <span class='ocrx_word' id='word_1_82' title='bbox 1536 797 1590 835; x_wconf 84' lang='grc'>11</span> 
     </span>
     <span class='ocr_line' id='line_1_13' title="bbox 78 843 1515 900; baseline 0.001 -16"><span class='ocrx_word' id='word_1_83' title='bbox 78 843 206 884; x_wconf 79' lang='lat' dir='ltr'><strong>initiis</strong></span> <span class='ocrx_word' id='word_1_84' title='bbox 226 857 363 885; x_wconf 87' lang='lat' dir='ltr'><strong>rerum</strong></span> <span class='ocrx_word' id='word_1_85' title='bbox 392 843 472 884; x_wconf 89' lang='lat' dir='ltr'><strong>illis</strong></span> <span class='ocrx_word' id='word_1_86' title='bbox 502 843 693 900; x_wconf 88' lang='lat' dir='ltr'><strong>quintam</strong></span> <span class='ocrx_word' id='word_1_87' title='bbox 722 844 829 885; x_wconf 88' lang='lat' dir='ltr'><strong>hanc</strong></span> <span class='ocrx_word' id='word_1_88' title='bbox 862 853 1069 895; x_wconf 87' lang='lat' dir='ltr'><strong>naturam,</strong></span> <span class='ocrx_word' id='word_1_89' title='bbox 1091 859 1141 885; x_wconf 78' lang='lat' dir='ltr'><strong>ex</strong></span> <span class='ocrx_word' id='word_1_90' title='bbox 1170 859 1253 900; x_wconf 89' lang='lat' dir='ltr'><strong>qua</strong></span> <span class='ocrx_word' id='word_1_91' title='bbox 1281 845 1515 900; x_wconf 87' lang='lat' dir='ltr'><strong>superiores</strong></span> 
     </span>
     <span class='ocr_line' id='line_1_14' title="bbox 77 901 1516 951; baseline 0.002 -11"><span class='ocrx_word' id='word_1_92' title='bbox 77 914 221 940; x_wconf 87' lang='lat' dir='ltr'><strong>sensus</strong></span> <span class='ocrx_word' id='word_1_93' title='bbox 252 909 295 941; x_wconf 89' lang='lat' dir='ltr'><strong>et</strong></span> <span class='ocrx_word' id='word_1_94' title='bbox 326 909 510 942; x_wconf 88' lang='lat' dir='ltr'><strong>mentem</strong></span> <span class='ocrx_word' id='word_1_95' title='bbox 545 901 653 942; x_wconf 85' lang='lat' dir='ltr'><strong>effici</strong></span> <span class='ocrx_word' id='word_1_96' title='bbox 685 901 897 951; x_wconf 86' lang='lat' dir='ltr'><strong>rebantur,</strong></span> <span class='ocrx_word' id='word_1_97' title='bbox 929 916 1013 942; x_wconf 90' lang='lat' dir='ltr'><strong>non</strong></span> <span class='ocrx_word' id='word_1_98' title='bbox 1042 901 1274 942; x_wconf 84' lang='lat' dir='ltr'><strong>adhiberet.</strong></span> <span class='ocrx_word' id='word_1_99' title='bbox 1304 902 1516 945; x_wconf 87' lang='lat' dir='ltr'><strong>statuebat</strong></span> 
     </span>
     <span class='ocr_line' id='line_1_15' title="bbox 75 957 1516 1014; baseline 0.002 -17"><span class='ocrx_word' id='word_1_100' title='bbox 75 957 187 997; x_wconf 88' lang='lat' dir='ltr'><strong>enim</strong></span> <span class='ocrx_word' id='word_1_101' title='bbox 219 957 362 1012; x_wconf 86' lang='lat' dir='ltr'><strong>ignem</strong></span> <span class='ocrx_word' id='word_1_102' title='bbox 394 972 484 998; x_wconf 90' lang='lat' dir='ltr'><strong>esse</strong></span> <span class='ocrx_word' id='word_1_103' title='bbox 509 958 643 1014; x_wconf 90' lang='lat' dir='ltr'><strong>ipsam</strong></span> <span class='ocrx_word' id='word_1_104' title='bbox 676 965 884 1008; x_wconf 86' lang='lat' dir='ltr'><strong>naturam,</strong></span> <span class='ocrx_word' id='word_1_105' title='bbox 905 973 998 1014; x_wconf 84' lang='lat' dir='ltr'><strong>quae</strong></span> <span class='ocrx_word' id='word_1_106' title='bbox 1028 958 1215 1014; x_wconf 88' lang='lat' dir='ltr'><strong>quidque</strong></span> <span class='ocrx_word' id='word_1_107' title='bbox 1243 958 1452 1013; x_wconf 83' lang='lat' dir='ltr'><strong>gigneret,</strong></span> <span class='ocrx_word' id='word_1_108' title='bbox 1472 969 1516 1000; x_wconf 88' lang='lat' dir='ltr'><strong>et</strong></span> 
     </span>
     <span class='ocr_line' id='line_1_16' title="bbox 75 1014 1512 1071; baseline 0.002 -18"><span class='ocrx_word' id='word_1_109' title='bbox 75 1022 260 1055; x_wconf 89' lang='lat' dir='ltr'><strong>mentem</strong></span> <span class='ocrx_word' id='word_1_110' title='bbox 293 1023 419 1070; x_wconf 90' lang='lat' dir='ltr'><strong>atque</strong></span> <span class='ocrx_word' id='word_1_111' title='bbox 455 1028 612 1056; x_wconf 86' lang='lat' dir='ltr'><strong>sensus.</strong></span> <span class='ocrx_word' id='word_1_112' title='bbox 644 1014 907 1070; x_wconf 84' lang='lat' dir='ltr'><strong>discrepabat</strong></span> <span class='ocrx_word' id='word_1_113' title='bbox 945 1016 1073 1056; x_wconf 86' lang='lat' dir='ltr'><strong>etiam</strong></span> <span class='ocrx_word' id='word_1_114' title='bbox 1111 1016 1164 1056; x_wconf 86' lang='lat' dir='ltr'><strong>ab</strong></span> <span class='ocrx_word' id='word_1_115' title='bbox 1198 1015 1363 1065; x_wconf 89' lang='lat' dir='ltr'><strong>iisdem,</strong></span> <span class='ocrx_word' id='word_1_116' title='bbox 1398 1017 1512 1071; x_wconf 88' lang='lat' dir='ltr'><strong>quod</strong></span> 
     </span>
     <span class='ocr_line' id='line_1_17' title="bbox 76 1069 1512 1128; baseline 0.003 -18"><span class='ocrx_word' id='word_1_117' title='bbox 76 1069 192 1111; x_wconf 90' lang='lat' dir='ltr'><strong>nullo</strong></span> <span class='ocrx_word' id='word_1_118' title='bbox 227 1071 356 1112; x_wconf 89' lang='lat' dir='ltr'><strong>modo</strong></span> <span class='ocrx_word' id='word_1_119' title='bbox 388 1071 670 1113; x_wconf 86' lang='lat' dir='ltr'><strong>arbitrabatur</strong></span> <span class='ocrx_word' id='word_1_120' title='bbox 700 1072 929 1128; x_wconf 89' lang='lat' dir='ltr'><strong>quidquam</strong></span> <span class='ocrx_word' id='word_1_121' title='bbox 961 1072 1068 1113; x_wconf 88' lang='lat' dir='ltr'><strong>effici</strong></span> <span class='ocrx_word' id='word_1_122' title='bbox 1096 1087 1218 1127; x_wconf 84' lang='lat' dir='ltr'><strong>posse</strong></span> <span class='ocrx_word' id='word_1_123' title='bbox 1248 1072 1301 1113; x_wconf 90' lang='lat' dir='ltr'><strong>ab</strong></span> <span class='ocrx_word' id='word_1_124' title='bbox 1329 1087 1391 1122; x_wconf 88' lang='lat' dir='ltr'><strong>ea,</strong></span> <span class='ocrx_word' id='word_1_125' title='bbox 1417 1088 1512 1128; x_wconf 89' lang='lat' dir='ltr'><strong>quae</strong></span> 
     </span>
     <span class='ocr_line' id='line_1_18' title="bbox 74 1129 1512 1185; baseline 0.003 -19"><span class='ocrx_word' id='word_1_126' title='bbox 74 1140 218 1182; x_wconf 86' lang='lat' dir='ltr'><strong>expers</strong></span> <span class='ocrx_word' id='word_1_127' title='bbox 238 1137 348 1169; x_wconf 89' lang='lat' dir='ltr'><strong>esset</strong></span> <span class='ocrx_word' id='word_1_128' title='bbox 367 1129 571 1184; x_wconf 87' lang='lat' dir='ltr'><strong>corporis.</strong></span> <span class='ocrx_word' id='word_1_129' title='bbox 601 1129 723 1185; x_wconf 87' lang='lat' dir='ltr'><strong>cujus</strong></span> <span class='ocrx_word' id='word_1_130' title='bbox 752 1129 917 1184; x_wconf 88' lang='lat' dir='ltr'><strong>generis</strong></span> <span class='ocrx_word' id='word_1_131' title='bbox 938 1130 1198 1170; x_wconf 87' lang='lat' dir='ltr'><strong>Xenocrates</strong></span> <span class='ocrx_word' id='word_1_132' title='bbox 1217 1138 1259 1170; x_wconf 93' lang='lat' dir='ltr'><strong>et</strong></span> <span class='ocrx_word' id='word_1_133' title='bbox 1280 1129 1512 1183; x_wconf 86' lang='lat' dir='ltr'><strong>superiores</strong></span> 
     </span>
     <span class='ocr_line' id='line_1_19' title="bbox 71 1184 1529 1241; baseline 0.003 -17"><span class='ocrx_word' id='word_1_134' title='bbox 71 1184 199 1224; x_wconf 83' lang='lat' dir='ltr'><strong>etiam</strong></span> <span class='ocrx_word' id='word_1_135' title='bbox 232 1185 421 1225; x_wconf 90' lang='lat' dir='ltr'><strong>animum</strong></span> <span class='ocrx_word' id='word_1_136' title='bbox 452 1199 541 1226; x_wconf 88' lang='lat' dir='ltr'><strong>esse</strong></span> <span class='ocrx_word' id='word_1_137' title='bbox 571 1185 792 1227; x_wconf 85' lang='lat' dir='ltr'><strong>dixerunt:</strong></span> <span class='ocrx_word' id='word_1_138' title='bbox 825 1200 900 1226; x_wconf 90' lang='lat' dir='ltr'><strong>nec</strong></span> <span class='ocrx_word' id='word_1_139' title='bbox 935 1200 1046 1236; x_wconf 87' lang='lat' dir='ltr'><strong>vero,</strong></span> <span class='ocrx_word' id='word_1_140' title='bbox 1078 1194 1152 1226; x_wconf 90' lang='lat' dir='ltr'><strong>aut</strong></span> <span class='ocrx_word' id='word_1_141' title='bbox 1184 1186 1299 1241; x_wconf 89' lang='lat' dir='ltr'><strong>quod</strong></span> <span class='ocrx_word' id='word_1_142' title='bbox 1330 1186 1529 1228; x_wconf 87' lang='lat' dir='ltr'><strong>efficeret·</strong></span> 
     </span>
     <span class='ocr_line' id='line_1_20' title="bbox 71 1239 1574 1298; baseline 0.004 -18"><span class='ocrx_word' id='word_1_143' title='bbox 71 1239 243 1295; x_wconf 90' lang='lat' dir='ltr'><strong>aliquid,</strong></span> <span class='ocrx_word' id='word_1_144' title='bbox 272 1250 346 1282; x_wconf 89' lang='lat' dir='ltr'><strong>aut</strong></span> <span class='ocrx_word' id='word_1_145' title='bbox 374 1242 490 1297; x_wconf 89' lang='lat' dir='ltr'><strong>quod</strong></span> <span class='ocrx_word' id='word_1_146' title='bbox 521 1242 769 1292; x_wconf 84' lang='lat' dir='ltr'><strong>efficeretur,</strong></span> <span class='ocrx_word' id='word_1_147' title='bbox 799 1257 923 1296; x_wconf 89' lang='lat' dir='ltr'><strong>posse</strong></span> <span class='ocrx_word' id='word_1_148' title='bbox 955 1257 1044 1283; x_wconf 90' lang='lat' dir='ltr'><strong>esse</strong></span> <span class='ocrx_word' id='word_1_149' title='bbox 1072 1257 1154 1283; x_wconf 92' lang='lat' dir='ltr'><strong>non</strong></span> <span class='ocrx_word' id='word_1_150' title='bbox 1184 1257 1351 1298; x_wconf 82' lang='lat' dir='ltr'><strong>corpus,</strong></span> <span class='ocrx_word' id='word_1_151' title='bbox 1413 1244 1509 1284; x_wconf 82' lang='lat' dir='ltr'><strong>Plu·</strong></span> <span class='ocrx_word' id='word_1_152' title='bbox 1522 1254 1574 1286; x_wconf 81' lang='lat'><strong>40</strong></span> 
     </span>
     <span class='ocr_line' id='line_1_21' title="bbox 71 1296 1511 1356; baseline 0.003 -19"><span class='ocrx_word' id='word_1_153' title='bbox 71 1296 178 1337; x_wconf 86' lang='lat' dir='ltr'><strong>rima</strong></span> <span class='ocrx_word' id='word_1_154' title='bbox 205 1307 345 1337; x_wconf 91' lang='lat' dir='ltr'><strong>autem</strong></span> <span class='ocrx_word' id='word_1_155' title='bbox 375 1298 417 1338; x_wconf 92' lang='lat' dir='ltr'><strong>in</strong></span> <span class='ocrx_word' id='word_1_156' title='bbox 446 1298 518 1338; x_wconf 87' lang='lat' dir='ltr'><strong>illa</strong></span> <span class='ocrx_word' id='word_1_157' title='bbox 543 1299 667 1339; x_wconf 87' lang='lat' dir='ltr'><strong>tertia</strong></span> <span class='ocrx_word' id='word_1_158' title='bbox 697 1298 978 1354; x_wconf 67' lang='lat' dir='ltr'><strong>philosophiae</strong></span> <span class='ocrx_word' id='word_1_159' title='bbox 998 1307 1116 1354; x_wconf 88' lang='lat' dir='ltr'><strong>parte</strong></span> <span class='ocrx_word' id='word_1_160' title='bbox 1146 1300 1335 1340; x_wconf 88' lang='lat' dir='ltr'><strong>mutavit.</strong></span> <span class='ocrx_word' id='word_1_161' title='bbox 1366 1300 1407 1340; x_wconf 89' lang='lat' dir='ltr'><strong>in</strong></span> <span class='ocrx_word' id='word_1_162' title='bbox 1427 1315 1511 1356; x_wconf 88' lang='lat' dir='ltr'><strong>qua</strong></span> 
     </span>
     <span class='ocr_line' id='line_1_22' title="bbox 71 1353 1511 1412; baseline 0.003 -19"><span class='ocrx_word' id='word_1_163' title='bbox 71 1353 257 1408; x_wconf 89' lang='lat' dir='ltr'><strong>primum</strong></span> <span class='ocrx_word' id='word_1_164' title='bbox 295 1354 348 1394; x_wconf 90' lang='lat' dir='ltr'><strong>de</strong></span> <span class='ocrx_word' id='word_1_165' title='bbox 384 1354 572 1394; x_wconf 89' lang='lat' dir='ltr'><strong>sensibus</strong></span> <span class='ocrx_word' id='word_1_166' title='bbox 611 1355 712 1409; x_wconf 87' lang='lat' dir='ltr'><strong>ipsis</strong></span> <span class='ocrx_word' id='word_1_167' title='bbox 749 1363 787 1386; x_wconf 78' lang='lat'><strong>84</strong></span> <span class='ocrx_word' id='word_1_168' title='bbox 804 1354 999 1410; x_wconf 86' lang='lat' dir='ltr'><strong>quaedam</strong></span> <span class='ocrx_word' id='word_1_169' title='bbox 1033 1355 1138 1396; x_wconf 85' lang='lat' dir='ltr'><strong>dixit</strong></span> <span class='ocrx_word' id='word_1_170' title='bbox 1173 1370 1307 1406; x_wconf 85' lang='lat' dir='ltr'><strong>n0va3</strong></span> <span class='ocrx_word' id='word_1_171' title='bbox 1349 1364 1385 1388; x_wconf 75' lang='lat'><strong>85</strong></span> <span class='ocrx_word' id='word_1_172' title='bbox 1403 1372 1511 1412; x_wconf 89' lang='lat' dir='ltr'><strong>quos</strong></span> 
     </span>
     <span class='ocr_line' id='line_1_23' title="bbox 62 1410 1510 1466; baseline 0.003 -16"><span class='ocrx_word' id='word_1_173' title='bbox 62 1410 239 1465; x_wconf 89' lang='lat' dir='ltr'><strong>junctos</strong></span> <span class='ocrx_word' id='word_1_174' title='bbox 258 1410 349 1451; x_wconf 88' lang='lat' dir='ltr'><strong>esse</strong></span> <span class='ocrx_word' id='word_1_175' title='bbox 367 1410 529 1451; x_wconf 88' lang='lat' dir='ltr'><strong>censuit</strong></span> <span class='ocrx_word' id='word_1_176' title='bbox 548 1425 573 1451; x_wconf 89' lang='lat' dir='ltr'><strong>a</strong></span> <span class='ocrx_word' id='word_1_177' title='bbox 591 1411 774 1466; x_wconf 88' lang='lat' dir='ltr'><strong>quadam</strong></span> <span class='ocrx_word' id='word_1_178' title='bbox 792 1412 911 1465; x_wconf 87' lang='lat' dir='ltr'><strong>quasi</strong></span> <span class='ocrx_word' id='word_1_179' title='bbox 929 1412 1179 1466; x_wconf 88' lang='lat' dir='ltr'><strong>impulsione</strong></span> <span class='ocrx_word' id='word_1_180' title='bbox 1195 1412 1338 1453; x_wconf 87' lang='lat' dir='ltr'><strong>oblata</strong></span> <span class='ocrx_word' id='word_1_181' title='bbox 1353 1414 1510 1454; x_wconf 80' lang='lat' dir='ltr'><strong>extrin-</strong></span> 
     </span>
     <span class='ocr_line' id='line_1_24' title="bbox 70 1467 1551 1522; baseline 0.003 -16"><span class='ocrx_word' id='word_1_182' title='bbox 70 1479 217 1506; x_wconf 87' lang='lat' dir='ltr'><strong>secus:</strong></span> <span class='ocrx_word' id='word_1_183' title='bbox 249 1481 376 1521; x_wconf 89' lang='lat' dir='ltr'><strong>quam</strong></span> <span class='ocrx_word' id='word_1_184' title='bbox 407 1467 477 1507; x_wconf 92' lang='lat' dir='ltr'><strong>ille</strong></span> <span class='ocrx_word' id='word_1_185' title='bbox 512 1468 730 1519; x_wconf 77' lang='grc' dir='ltr'>φαντασίαν,</span> <span class='ocrx_word' id='word_1_186' title='bbox 752 1482 828 1507; x_wconf 85' lang='lat' dir='ltr'><strong>nos</strong></span> <span class='ocrx_word' id='word_1_187' title='bbox 857 1468 989 1508; x_wconf 89' lang='lat' dir='ltr'><strong>visum</strong></span> <span class='ocrx_word' id='word_1_188' title='bbox 1020 1468 1282 1522; x_wconf 88' lang='lat' dir='ltr'><strong>appellemus</strong></span> <span class='ocrx_word' id='word_1_189' title='bbox 1310 1469 1435 1520; x_wconf 82' lang='lat' dir='ltr'><strong>licet3</strong></span> <span class='ocrx_word' id='word_1_190' title='bbox 1466 1480 1508 1511; x_wconf 91' lang='lat' dir='ltr'><strong>et</strong></span> <span class='ocrx_word' id='word_1_191' title='bbox 1521 1479 1551 1511; x_wconf 90' lang='lat' dir='ltr'><strong>b.</strong></span> 
     </span>
     <span class='ocr_line' id='line_1_25' title="bbox 68 1523 1509 1582; baseline 0.003 -20"><span class='ocrx_word' id='word_1_192' title='bbox 68 1531 286 1563; x_wconf 87' lang='lat' dir='ltr'><strong>teneamus</strong></span> <span class='ocrx_word' id='word_1_193' title='bbox 309 1523 390 1563; x_wconf 91' lang='lat' dir='ltr'><strong>hoc</strong></span> <span class='ocrx_word' id='word_1_194' title='bbox 409 1523 580 1563; x_wconf 89' lang='lat' dir='ltr'><strong>verbum</strong></span> <span class='ocrx_word' id='word_1_195' title='bbox 603 1523 794 1579; x_wconf 84' lang='lat' dir='ltr'><strong>quidem:</strong></span> <span class='ocrx_word' id='word_1_196' title='bbox 827 1523 906 1564; x_wconf 88' lang='lat' dir='ltr'><strong>erit</strong></span> <span class='ocrx_word' id='word_1_197' title='bbox 925 1524 1035 1564; x_wconf 88' lang='lat' dir='ltr'><strong>enim</strong></span> <span class='ocrx_word' id='word_1_198' title='bbox 1057 1525 1264 1566; x_wconf 88' lang='lat' dir='ltr'><strong>utendum</strong></span> <span class='ocrx_word' id='word_1_199' title='bbox 1286 1525 1327 1566; x_wconf 90' lang='lat' dir='ltr'><strong>in</strong></span> <span class='ocrx_word' id='word_1_200' title='bbox 1348 1526 1509 1582; x_wconf 87' lang='lat' dir='ltr'><strong>reliquo</strong></span> 
     </span>
     <span class='ocr_line' id='line_1_26' title="bbox 71 1579 1510 1638; baseline 0.003 -19"><span class='ocrx_word' id='word_1_201' title='bbox 71 1592 262 1620; x_wconf 87' lang='lat' dir='ltr'><strong>sermone</strong></span> <span class='ocrx_word' id='word_1_202' title='bbox 282 1580 448 1634; x_wconf 84' lang='lat' dir='ltr'><strong>saepius.</strong></span> <span class='ocrx_word' id='word_1_203' title='bbox 479 1579 552 1620; x_wconf 90' lang='lat' dir='ltr'><strong>sed</strong></span> <span class='ocrx_word' id='word_1_204' title='bbox 570 1580 623 1620; x_wconf 87' lang='lat' dir='ltr'><strong>ad</strong></span> <span class='ocrx_word' id='word_1_205' title='bbox 643 1580 749 1630; x_wconf 79' lang='lat' dir='ltr'><strong>haec,</strong></span> <span class='ocrx_word' id='word_1_206' title='bbox 770 1595 864 1635; x_wconf 82' lang='lat' dir='ltr'><strong>quae</strong></span> <span class='ocrx_word' id='word_1_207' title='bbox 886 1580 970 1621; x_wconf 69' lang='lat' dir='ltr'><strong>visa</strong></span> <span class='ocrx_word' id='word_1_208' title='bbox 996 1590 1106 1630; x_wconf 87' lang='lat' dir='ltr'><strong>sunt,</strong></span> <span class='ocrx_word' id='word_1_209' title='bbox 1126 1591 1169 1622; x_wconf 86' lang='lat' dir='ltr'><strong>et</strong></span> <span class='ocrx_word' id='word_1_210' title='bbox 1189 1582 1308 1637; x_wconf 90' lang='lat' dir='ltr'><strong>quasi</strong></span> <span class='ocrx_word' id='word_1_211' title='bbox 1336 1593 1510 1638; x_wconf 88' lang='lat' dir='ltr'><strong>accepta</strong></span> 
     </span>
     <span class='ocr_line' id='line_1_27' title="bbox 69 1635 1510 1693; baseline 0.003 -17"><span class='ocrx_word' id='word_1_212' title='bbox 69 1635 273 1687; x_wconf 85' lang='lat' dir='ltr'><strong>sensibus,</strong></span> <span class='ocrx_word' id='word_1_213' title='bbox 303 1636 585 1677; x_wconf 88' lang='lat' dir='ltr'><strong>assensionem</strong></span> <span class='ocrx_word' id='word_1_214' title='bbox 617 1637 811 1692; x_wconf 83' lang='lat' dir='ltr'><strong>adjungit</strong></span> <span class='ocrx_word' id='word_1_215' title='bbox 842 1637 1108 1679; x_wconf 87' lang='lat' dir='ltr'><strong>animorum:</strong></span> <span class='ocrx_word' id='word_1_216' title='bbox 1140 1653 1267 1693; x_wconf 85' lang='lat' dir='ltr'><strong>quam</strong></span> <span class='ocrx_word' id='word_1_217' title='bbox 1299 1654 1388 1680; x_wconf 87' lang='lat' dir='ltr'><strong>esse</strong></span> <span class='ocrx_word' id='word_1_218' title='bbox 1421 1640 1510 1681; x_wconf 86' lang='lat' dir='ltr'><strong>vult</strong></span> 
     </span>
     <span class='ocr_line' id='line_1_28' title="bbox 67 1691 1565 1752; baseline 0.002 -20"><span class='ocrx_word' id='word_1_219' title='bbox 67 1691 112 1732; x_wconf 87' lang='lat' dir='ltr'><strong>in</strong></span> <span class='ocrx_word' id='word_1_220' title='bbox 131 1692 252 1733; x_wconf 90' lang='lat' dir='ltr'><strong>nobis</strong></span> <span class='ocrx_word' id='word_1_221' title='bbox 272 1693 469 1749; x_wconf 89' lang='lat' dir='ltr'><strong>positam,</strong></span> <span class='ocrx_word' id='word_1_222' title='bbox 490 1703 533 1734; x_wconf 88' lang='lat' dir='ltr'><strong>et</strong></span> <span class='ocrx_word' id='word_1_223' title='bbox 551 1693 843 1735; x_wconf 83' lang='lat' dir='ltr'><strong>voluntariam.</strong></span> <span class='ocrx_word' id='word_1_224' title='bbox 902 1693 1014 1736; x_wconf 84' lang='lat' dir='ltr'><strong>Visis</strong></span> <span class='ocrx_word' id='word_1_225' title='bbox 1035 1710 1118 1736; x_wconf 92' lang='lat' dir='ltr'><strong>non</strong></span> <span class='ocrx_word' id='word_1_226' title='bbox 1140 1696 1336 1736; x_wconf 89' lang='lat' dir='ltr'><strong>omnibus</strong></span> <span class='ocrx_word' id='word_1_227' title='bbox 1356 1696 1423 1752; x_wconf 87' lang='lat' dir='ltr'><strong>adj</strong></span> <span class='ocrx_word' id='word_1_228' title='bbox 1431 1704 1565 1737; x_wconf 79' lang='lat' dir='ltr'><strong>un-41</strong></span> 
     </span>
     <span class='ocr_line' id='line_1_29' title="bbox 66 1748 1508 1808; baseline 0.004 -19"><span class='ocrx_word' id='word_1_229' title='bbox 66 1748 197 1803; x_wconf 84' lang='lat' dir='ltr'><strong>gebat</strong></span> <span class='ocrx_word' id='word_1_230' title='bbox 218 1749 357 1801; x_wconf 84' lang='lat' dir='ltr'><strong>fidem,</strong></span> <span class='ocrx_word' id='word_1_231' title='bbox 377 1750 450 1791; x_wconf 92' lang='lat' dir='ltr'><strong>sed</strong></span> <span class='ocrx_word' id='word_1_232' title='bbox 470 1750 518 1791; x_wconf 90' lang='lat' dir='ltr'><strong>iis</strong></span> <span class='ocrx_word' id='word_1_233' title='bbox 540 1751 693 1801; x_wconf 90' lang='lat' dir='ltr'><strong>solum,</strong></span> <span class='ocrx_word' id='word_1_234' title='bbox 715 1757 753 1782; x_wconf 75' lang='lat'><strong>85</strong></span> <span class='ocrx_word' id='word_1_235' title='bbox 773 1765 868 1806; x_wconf 85' lang='lat' dir='ltr'><strong>quae</strong></span> <span class='ocrx_word' id='word_1_236' title='bbox 898 1752 1110 1806; x_wconf 86' lang='lat' dir='ltr'><strong>propriam</strong></span> <span class='ocrx_word' id='word_1_237' title='bbox 1141 1752 1352 1808; x_wconf 86' lang='lat' dir='ltr'><strong>quandam</strong></span> <span class='ocrx_word' id='word_1_238' title='bbox 1376 1753 1508 1795; x_wconf 88' lang='lat' dir='ltr'><strong>habe-</strong></span> 
     </span>
     <span class='ocr_line' id='line_1_30' title="bbox 67 1805 1505 1863; baseline 0.003 -17"><span class='ocrx_word' id='word_1_239' title='bbox 67 1814 160 1846; x_wconf 86' lang='lat' dir='ltr'><strong>rent</strong></span> <span class='ocrx_word' id='word_1_240' title='bbox 179 1805 505 1848; x_wconf 84' lang='lat' dir='ltr'><strong>declarationem</strong></span> <span class='ocrx_word' id='word_1_241' title='bbox 525 1822 668 1848; x_wconf 89' lang='lat' dir='ltr'><strong>earum</strong></span> <span class='ocrx_word' id='word_1_242' title='bbox 699 1822 854 1858; x_wconf 82' lang='lat' dir='ltr'><strong>rerum,</strong></span> <span class='ocrx_word' id='word_1_243' title='bbox 875 1823 969 1863; x_wconf 81' lang='lat' dir='ltr'><strong>quae</strong></span> <span class='ocrx_word' id='word_1_244' title='bbox 996 1808 1262 1850; x_wconf 85' lang='lat' dir='ltr'><strong>viderentur:</strong></span> <span class='ocrx_word' id='word_1_245' title='bbox 1294 1810 1337 1850; x_wconf 91' lang='lat' dir='ltr'><strong>id</strong></span> <span class='ocrx_word' id='word_1_246' title='bbox 1365 1819 1505 1851; x_wconf 87' lang='lat' dir='ltr'><strong>autem</strong></span> 
     </span>
     <span class='ocr_line' id='line_1_31' title="bbox 66 1861 1506 1920; baseline 0.005 -19"><span class='ocrx_word' id='word_1_247' title='bbox 66 1861 217 1913; x_wconf 85' lang='lat' dir='ltr'><strong>visum,</strong></span> <span class='ocrx_word' id='word_1_248' title='bbox 239 1870 276 1899; x_wconf 83' lang='lat'><strong>87</strong></span> <span class='ocrx_word' id='word_1_249' title='bbox 292 1878 390 1904; x_wconf 90' lang='lat' dir='ltr'><strong>cum</strong></span> <span class='ocrx_word' id='word_1_250' title='bbox 411 1864 550 1919; x_wconf 85' lang='lat' dir='ltr'><strong>ipsum</strong></span> <span class='ocrx_word' id='word_1_251' title='bbox 567 1878 640 1919; x_wconf 90' lang='lat' dir='ltr'><strong>per</strong></span> <span class='ocrx_word' id='word_1_252' title='bbox 662 1878 704 1904; x_wconf 88' lang='lat' dir='ltr'><strong>se</strong></span> <span class='ocrx_word' id='word_1_253' title='bbox 725 1874 977 1915; x_wconf 85' lang='lat' dir='ltr'><strong>cerneretur,</strong></span> <span class='ocrx_word' id='word_1_254' title='bbox 991 1865 1383 1920; x_wconf 79' lang='lat' dir='ltr'><strong>comprehensibile.</strong></span> <span class='ocrx_word' id='word_1_255' title='bbox 1428 1868 1506 1908; x_wconf 89' lang='lat' dir='ltr'><strong>Fe-</strong></span> 
     </span>
     <span class='ocr_line' id='line_1_32' title="bbox 67 1918 1506 1977; baseline 0.005 -20"><span class='ocrx_word' id='word_1_256' title='bbox 67 1918 169 1959; x_wconf 89' lang='lat' dir='ltr'><strong>retis</strong></span> <span class='ocrx_word' id='word_1_257' title='bbox 188 1919 309 1960; x_wconf 84' lang='lat' dir='ltr'><strong>haec?</strong></span> <span class='ocrx_word' id='word_1_258' title='bbox 342 1920 437 1961; x_wconf 91' lang='lat' dir='ltr'><strong>Nos</strong></span> <span class='ocrx_word' id='word_1_259' title='bbox 457 1934 567 1970; x_wconf 81' lang='lat' dir='ltr'><strong>vem,</strong></span> <span class='ocrx_word' id='word_1_260' title='bbox 588 1921 736 1977; x_wconf 90' lang='lat' dir='ltr'><strong>inquit.</strong></span> <span class='ocrx_word' id='word_1_261' title='bbox 758 1936 941 1976; x_wconf 83' lang='lat' dir='ltr'><strong>quonam</strong></span> <span class='ocrx_word' id='word_1_262' title='bbox 974 1922 1085 1963; x_wconf 88' lang='lat' dir='ltr'><strong>enim</strong></span> <span class='ocrx_word' id='word_1_263' title='bbox 1117 1922 1247 1964; x_wconf 86' lang='lat' dir='ltr'><strong>modo</strong></span> <span class='ocrx_word' id='word_1_264' title='bbox 1266 1923 1506 1974; x_wconf 71' lang='grc' dir='ltr'>καταληπτον</span> 
     </span>
     <span class='ocr_line' id='line_1_33' title="bbox 66 1973 1505 2035; baseline 0.005 -21"><span class='ocrx_word' id='word_1_265' title='bbox 66 1973 255 2017; x_wconf 87' lang='lat' dir='ltr'><strong>diceres?</strong></span> <span class='ocrx_word' id='word_1_266' title='bbox 288 1975 375 2026; x_wconf 89' lang='lat' dir='ltr'><strong>sed,</strong></span> <span class='ocrx_word' id='word_1_267' title='bbox 394 1990 493 2017; x_wconf 89' lang='lat' dir='ltr'><strong>cum</strong></span> <span class='ocrx_word' id='word_1_268' title='bbox 514 1988 734 2032; x_wconf 86' lang='lat' dir='ltr'><strong>acceptum</strong></span> <span class='ocrx_word' id='word_1_269' title='bbox 761 1979 851 2035; x_wconf 83' lang='lat' dir='ltr'><strong>jain</strong></span> <span class='ocrx_word' id='word_1_270' title='bbox 873 1989 916 2019; x_wconf 87' lang='lat' dir='ltr'><strong>et</strong></span> <span class='ocrx_word' id='word_1_271' title='bbox 933 1979 1211 2033; x_wconf 82' lang='lat' dir='ltr'><strong>approbatum</strong></span> <span class='ocrx_word' id='word_1_272' title='bbox 1242 1989 1364 2032; x_wconf 88' lang='lat' dir='ltr'><strong>esset,</strong></span> <span class='ocrx_word' id='word_1_273' title='bbox 1385 1995 1505 2021; x_wconf 90' lang='lat' dir='ltr'><strong>com-</strong></span> 
     </span>
     <span class='ocr_line' id='line_1_34' title="bbox 64 2030 1506 2092; baseline 0.004 -20"><span class='ocrx_word' id='word_1_274' title='bbox 64 2030 387 2086; x_wconf 89' lang='lat' dir='ltr'><strong>prehensionem</strong></span> <span class='ocrx_word' id='word_1_275' title='bbox 425 2034 678 2089; x_wconf 89' lang='lat' dir='ltr'><strong>appellabat,</strong></span> <span class='ocrx_word' id='word_1_276' title='bbox 715 2043 752 2066; x_wconf 51' lang='lat'><strong>&amp;8</strong></span> <span class='ocrx_word' id='word_1_277' title='bbox 770 2035 948 2076; x_wconf 85' lang='lat' dir='ltr'><strong>similem</strong></span> <span class='ocrx_word' id='word_1_278' title='bbox 983 2037 1031 2076; x_wconf 88' lang='lat' dir='ltr'><strong>iis</strong></span> <span class='ocrx_word' id='word_1_279' title='bbox 1067 2036 1208 2087; x_wconf 81' lang='lat' dir='ltr'><strong>rebuS,</strong></span> <span class='ocrx_word' id='word_1_280' title='bbox 1245 2052 1339 2092; x_wconf 85' lang='lat' dir='ltr'><strong>quae</strong></span> <span class='ocrx_word' id='word_1_281' title='bbox 1379 2053 1506 2079; x_wconf 87' lang='lat' dir='ltr'><strong>manu</strong></span> 
     </span>
    </p>
   </div>
   <div class='ocr_carea' id='block_1_2' title="bbox 807 2171 1506 2212">
    <p class='ocr_par' dir='ltr' id='par_1_3' title="bbox 807 2171 1506 2212">
     <span class='ocr_line' id='line_1_35' title="bbox 807 2171 1506 2212; baseline 0.01 -13"><span class='ocrx_word' id='word_1_282' title='bbox 807 2171 928 2207; x_wconf 80' lang='lat' dir='ltr'><strong>animo,</strong></span> <span class='ocrx_word' id='word_1_283' title='bbox 946 2178 981 2201; x_wconf 87' lang='lat' dir='ltr'><strong>ut</strong></span> <span class='ocrx_word' id='word_1_284' title='bbox 1004 2173 1035 2202; x_wconf 91' lang='lat' dir='ltr'><strong>h.</strong></span> <span class='ocrx_word' id='word_1_285' title='bbox 1052 2172 1074 2203; x_wconf 86' lang='lat' dir='ltr'><strong>l.</strong></span> <span class='ocrx_word' id='word_1_286' title='bbox 1090 2180 1239 2212; x_wconf 78' lang='lat' dir='ltr'><strong>pungunt</strong></span> <span class='ocrx_word' id='word_1_287' title='bbox 1261 2174 1422 2212; x_wconf 84' lang='lat' dir='ltr'><strong>animum,</strong></span> <span class='ocrx_word' id='word_1_288' title='bbox 1440 2186 1506 2206; x_wconf 88' lang='lat' dir='ltr'><strong>non</strong></span> 
     </span>
    </p>
   </div>
   <div class='ocr_carea' id='block_1_3' title="bbox 108 2169 1506 2258">
    <p class='ocr_par' dir='ltr' id='par_1_4' title="bbox 108 2169 1506 2258">
     <span class='ocr_line' id='line_1_36' title="bbox 108 2169 763 2211; baseline 0 -11"><span class='ocrx_word' id='word_1_289' title='bbox 108 2176 146 2200; x_wconf 80' lang='lat'><strong>82</strong></span> <span class='ocrx_word' id='word_1_290' title='bbox 164 2169 195 2198; x_wconf 85' lang='lat' dir='ltr'><strong>in</strong></span> <span class='ocrx_word' id='word_1_291' title='bbox 209 2176 418 2211; x_wconf 78' lang='lat' dir='ltr'><strong>angustumque</strong></span> <span class='ocrx_word' id='word_1_292' title='bbox 433 2169 617 2211; x_wconf 67' lang='lat' dir='ltr'><strong>deducerent]</strong></span> <span class='ocrx_word' id='word_1_293' title='bbox 636 2170 763 2200; x_wconf 63' lang='lat' dir='ltr'><strong>iambi-</strong></span> 
     </span>
     <span class='ocr_line' id='line_1_37' title="bbox 807 2218 1506 2258; baseline 0.009 -15"><span class='ocrx_word' id='word_1_294' title='bbox 807 2222 1003 2252; x_wconf 73' lang='lat' dir='ltr'><strong>punguntur.</strong></span> <span class='ocrx_word' id='word_1_295' title='bbox 1033 2221 1065 2245; x_wconf 89' lang='lat' dir='ltr'><strong>et</strong></span> <span class='ocrx_word' id='word_1_296' title='bbox 1092 2218 1235 2255; x_wconf 87' lang='lat' dir='ltr'><strong>punctio,</strong></span> <span class='ocrx_word' id='word_1_297' title='bbox 1265 2227 1338 2256; x_wconf 80' lang='lat' dir='ltr'><strong>quae</strong></span> <span class='ocrx_word' id='word_1_298' title='bbox 1373 2218 1506 2258; x_wconf 78' lang='lat' dir='ltr'><strong>intelligi</strong></span> 
     </span>
    </p>
   </div>
   <div class='ocr_carea' id='block_1_4' title="bbox 64 2212 762 2249">
    <p class='ocr_par' dir='ltr' id='par_1_5' title="bbox 64 2212 762 2249">
     <span class='ocr_line' id='line_1_38' title="bbox 64 2212 762 2249; baseline 0.003 -8"><span class='ocrx_word' id='word_1_299' title='bbox 64 2221 126 2242; x_wconf 90' lang='lat' dir='ltr'><strong>nus</strong></span> <span class='ocrx_word' id='word_1_300' title='bbox 155 2222 234 2242; x_wconf 89' lang='lat' dir='ltr'><strong>corr.</strong></span> <span class='ocrx_word' id='word_1_301' title='bbox 262 2212 446 2249; x_wconf 76' lang='lat' dir='ltr'><strong>adducerent,</strong></span> <span class='ocrx_word' id='word_1_302' title='bbox 473 2220 508 2243; x_wconf 89' lang='lat' dir='ltr'><strong>ut</strong></span> <span class='ocrx_word' id='word_1_303' title='bbox 534 2212 607 2242; x_wconf 89' lang='lat' dir='ltr'><strong>alibi</strong></span> <span class='ocrx_word' id='word_1_304' title='bbox 642 2213 762 2244; x_wconf 76' lang='lat' dir='ltr'><strong>Cicero.</strong></span> 
     </span>
    </p>
   </div>
   <div class='ocr_carea' id='block_1_5' title="bbox 55 2255 763 2897">
    <p class='ocr_par' dir='ltr' id='par_1_6' title="bbox 61 2255 763 2328">
     <span class='ocr_line' id='line_1_39' title="bbox 61 2255 763 2295; baseline 0.001 -10"><span class='ocrx_word' id='word_1_305' title='bbox 61 2255 123 2286; x_wconf 91' lang='lat' dir='ltr'><strong>Sed</strong></span> <span class='ocrx_word' id='word_1_306' title='bbox 147 2262 178 2285; x_wconf 87' lang='lat' dir='ltr'><strong>et</strong></span> <span class='ocrx_word' id='word_1_307' title='bbox 202 2255 369 2295; x_wconf 87' lang='lat' dir='ltr'><strong>vulgatum</strong></span> <span class='ocrx_word' id='word_1_308' title='bbox 394 2263 527 2286; x_wconf 83' lang='lat' dir='ltr'><strong>rectum.</strong></span> <span class='ocrx_word' id='word_1_309' title='bbox 573 2257 623 2286; x_wconf 90' lang='lat' dir='ltr'><strong>Sic</strong></span> <span class='ocrx_word' id='word_1_310' title='bbox 650 2257 763 2286; x_wconf 76' lang='lat' dir='ltr'><strong>dicitur</strong></span> 
     </span>
     <span class='ocr_line' id='line_1_40' title="bbox 63 2297 617 2328; baseline 0 -1"><span class='ocrx_word' id='word_1_311' title='bbox 63 2297 95 2328; x_wconf 75' lang='lat' dir='ltr'><strong>in</strong></span> <span class='ocrx_word' id='word_1_312' title='bbox 105 2297 258 2328; x_wconf 81' lang='lat' dir='ltr'><strong>discrimen</strong></span> <span class='ocrx_word' id='word_1_313' title='bbox 272 2299 411 2327; x_wconf 79' lang='lat' dir='ltr'><strong>adducere</strong></span> <span class='ocrx_word' id='word_1_314' title='bbox 426 2306 456 2328; x_wconf 85' lang='lat' dir='ltr'><strong>et</strong></span> <span class='ocrx_word' id='word_1_315' title='bbox 471 2299 617 2328; x_wconf 83' lang='lat' dir='ltr'><strong>deducere.</strong></span> 
     </span>
    </p>

    <p class='ocr_par' dir='ltr' id='par_1_7' title="bbox 59 2341 762 2544">
     <span class='ocr_line' id='line_1_41' title="bbox 106 2341 762 2382; baseline 0 -11"><span class='ocrx_word' id='word_1_316' title='bbox 106 2347 144 2371; x_wconf 80' lang='lat'><strong>83</strong></span> <span class='ocrx_word' id='word_1_317' title='bbox 167 2347 201 2370; x_wconf 85' lang='lat' dir='ltr'><strong>ut</strong></span> <span class='ocrx_word' id='word_1_318' title='bbox 225 2341 255 2370; x_wconf 86' lang='lat' dir='ltr'><strong>in</strong></span> <span class='ocrx_word' id='word_1_319' title='bbox 277 2349 400 2382; x_wconf 77' lang='lat' dir='ltr'><strong>quatuor</strong></span> <span class='ocrx_word' id='word_1_320' title='bbox 419 2342 513 2371; x_wconf 80' lang='lat' dir='ltr'><strong>initiis</strong></span> <span class='ocrx_word' id='word_1_321' title='bbox 529 2353 623 2371; x_wconf 83' lang='lat' dir='ltr'><strong>rerum</strong></span> <span class='ocrx_word' id='word_1_322' title='bbox 638 2341 710 2381; x_wconf 85' lang='lat' dir='ltr'><strong>illis]</strong></span> <span class='ocrx_word' id='word_1_323' title='bbox 730 2342 762 2372; x_wconf 83' lang='lat' dir='ltr'><strong>in</strong></span> 
     </span>
     <span class='ocr_line' id='line_1_42' title="bbox 62 2383 760 2423; baseline 0.001 -10"><span class='ocrx_word' id='word_1_324' title='bbox 62 2383 174 2419; x_wconf 88' lang='lat' dir='ltr'><strong>delevi,</strong></span> <span class='ocrx_word' id='word_1_325' title='bbox 192 2390 228 2414; x_wconf 89' lang='lat' dir='ltr'><strong>ut</strong></span> <span class='ocrx_word' id='word_1_326' title='bbox 242 2384 294 2414; x_wconf 90' lang='lat' dir='ltr'><strong>alii</strong></span> <span class='ocrx_word' id='word_1_327' title='bbox 307 2384 377 2423; x_wconf 84' lang='lat' dir='ltr'><strong>jam</strong></span> <span class='ocrx_word' id='word_1_328' title='bbox 393 2385 520 2414; x_wconf 86' lang='lat' dir='ltr'><strong>voluere</strong></span> <span class='ocrx_word' id='word_1_329' title='bbox 535 2392 564 2414; x_wconf 83' lang='lat' dir='ltr'><strong>et</strong></span> <span class='ocrx_word' id='word_1_330' title='bbox 581 2386 691 2416; x_wconf 83' lang='lat' dir='ltr'><strong>fecere.</strong></span> <span class='ocrx_word' id='word_1_331' title='bbox 707 2397 760 2414; x_wconf 78' lang='lat' dir='ltr'><strong>nrm</strong></span> 
     </span>
     <span class='ocr_line' id='line_1_43' title="bbox 61 2426 758 2466; baseline 0.004 -11"><span class='ocrx_word' id='word_1_332' title='bbox 61 2426 210 2456; x_wconf 78' lang='lat' dir='ltr'><strong>adhiberet</strong></span> <span class='ocrx_word' id='word_1_333' title='bbox 226 2434 272 2456; x_wconf 85' lang='lat' dir='ltr'><strong>est</strong></span> <span class='ocrx_word' id='word_1_334' title='bbox 287 2437 352 2457; x_wconf 91' lang='lat' dir='ltr'><strong>non</strong></span> <span class='ocrx_word' id='word_1_335' title='bbox 367 2428 552 2466; x_wconf 85' lang='lat' dir='ltr'><strong>adjungeret</strong></span> <span class='ocrx_word' id='word_1_336' title='bbox 562 2428 612 2458; x_wconf 87' lang='lat' dir='ltr'><strong>vel</strong></span> <span class='ocrx_word' id='word_1_337' title='bbox 627 2428 758 2458; x_wconf 75' lang='lat' dir='ltr'><strong>adderet:</strong></span> 
     </span>
     <span class='ocr_line' id='line_1_44' title="bbox 59 2470 759 2511; baseline 0.003 -12"><span class='ocrx_word' id='word_1_338' title='bbox 59 2479 199 2509; x_wconf 84' lang='lat' dir='ltr'><strong>quorum</strong></span> <span class='ocrx_word' id='word_1_339' title='bbox 222 2471 285 2500; x_wconf 90' lang='lat' dir='ltr'><strong>hoc</strong></span> <span class='ocrx_word' id='word_1_340' title='bbox 308 2480 363 2511; x_wconf 86' lang='lat' dir='ltr'><strong>pro</strong></span> <span class='ocrx_word' id='word_1_341' title='bbox 385 2470 532 2500; x_wconf 75' lang='lat' dir='ltr'><strong>adhiberet</strong></span> <span class='ocrx_word' id='word_1_342' title='bbox 547 2472 653 2511; x_wconf 88' lang='lat' dir='ltr'><strong>reponi</strong></span> <span class='ocrx_word' id='word_1_343' title='bbox 674 2472 759 2502; x_wconf 81' lang='lat' dir='ltr'><strong>vole-</strong></span> 
     </span>
     <span class='ocr_line' id='line_1_45' title="bbox 61 2512 288 2544; baseline 0.009 -2"><span class='ocrx_word' id='word_1_344' title='bbox 61 2512 116 2542; x_wconf 85' lang='lat' dir='ltr'><strong>bat</strong></span> <span class='ocrx_word' id='word_1_345' title='bbox 130 2513 288 2544; x_wconf 86' lang='lat' dir='ltr'><strong>Davisius.</strong></span> 
     </span>
    </p>

    <p class='ocr_par' dir='ltr' id='par_1_8' title="bbox 57 2554 756 2629">
     <span class='ocr_line' id='line_1_46' title="bbox 103 2554 756 2597; baseline 0.002 -11"><span class='ocrx_word' id='word_1_346' title='bbox 103 2562 143 2586; x_wconf 84' lang='lat'><strong>84</strong></span> <span class='ocrx_word' id='word_1_347' title='bbox 173 2556 308 2597; x_wconf 85' lang='lat' dir='ltr'><strong>quaedam</strong></span> <span class='ocrx_word' id='word_1_348' title='bbox 336 2555 414 2585; x_wconf 78' lang='lat' dir='ltr'><strong>dixit</strong></span> <span class='ocrx_word' id='word_1_349' title='bbox 443 2554 535 2595; x_wconf 80' lang='lat' dir='ltr'><strong>nova]</strong></span> <span class='ocrx_word' id='word_1_350' title='bbox 575 2556 756 2596; x_wconf 75' lang='lat' dir='ltr'><strong>Suspicatus</strong></span> 
     </span>
     <span class='ocr_line' id='line_1_47' title="bbox 57 2606 231 2629; baseline 0.006 -1"><span class='ocrx_word' id='word_1_351' title='bbox 57 2606 132 2628; x_wconf 75' lang='lat' dir='ltr'><strong>sum</strong></span> <span class='ocrx_word' id='word_1_352' title='bbox 147 2609 231 2629; x_wconf 73' lang='lat' dir='ltr'><strong>nove·</strong></span> 
     </span>
    </p>

    <p class='ocr_par' dir='ltr' id='par_1_9' title="bbox 55 2641 758 2897">
     <span class='ocr_line' id='line_1_48' title="bbox 102 2641 758 2683; baseline 0.002 -12"><span class='ocrx_word' id='word_1_353' title='bbox 102 2647 140 2672; x_wconf 81' lang='lat'><strong>85</strong></span> <span class='ocrx_word' id='word_1_354' title='bbox 172 2652 241 2683; x_wconf 78' lang='lat' dir='ltr'><strong>quos</strong></span> <span class='ocrx_word' id='word_1_355' title='bbox 259 2641 376 2680; x_wconf 76' lang='lat' dir='ltr'><strong>junctos</strong></span> <span class='ocrx_word' id='word_1_356' title='bbox 401 2653 458 2671; x_wconf 80' lang='lat' dir='ltr'><strong>esse</strong></span> <span class='ocrx_word' id='word_1_357' title='bbox 485 2641 611 2683; x_wconf 80' lang='lat' dir='ltr'><strong>censuit]</strong></span> <span class='ocrx_word' id='word_1_358' title='bbox 640 2643 758 2682; x_wconf 69' lang='lat' dir='ltr'><strong>junctos</strong></span> 
     </span>
     <span class='ocr_line' id='line_1_49' title="bbox 57 2683 755 2723; baseline 0.006 -11"><span class='ocrx_word' id='word_1_359' title='bbox 57 2683 209 2715; x_wconf 86' lang='lat' dir='ltr'><strong>vitiosum</strong></span> <span class='ocrx_word' id='word_1_360' title='bbox 245 2691 276 2714; x_wconf 91' lang='lat' dir='ltr'><strong>et</strong></span> <span class='ocrx_word' id='word_1_361' title='bbox 309 2684 362 2715; x_wconf 89' lang='lat' dir='ltr'><strong>alii</strong></span> <span class='ocrx_word' id='word_1_362' title='bbox 394 2685 640 2723; x_wconf 76' lang='lat' dir='ltr'><strong>judicaverunt:</strong></span> <span class='ocrx_word' id='word_1_363' title='bbox 680 2695 755 2716; x_wconf 85' lang='lat' dir='ltr'><strong>nam</strong></span> 
     </span>
     <span class='ocr_line' id='line_1_50' title="bbox 57 2726 755 2760; baseline 0.006 -5"><span class='ocrx_word' id='word_1_364' title='bbox 57 2735 189 2757; x_wconf 87' lang='lat' dir='ltr'><strong>sensum</strong></span> <span class='ocrx_word' id='word_1_365' title='bbox 226 2726 357 2758; x_wconf 89' lang='lat' dir='ltr'><strong>nullum</strong></span> <span class='ocrx_word' id='word_1_366' title='bbox 393 2730 602 2759; x_wconf 87' lang='lat' dir='ltr'><strong>commodum</strong></span> <span class='ocrx_word' id='word_1_367' title='bbox 650 2729 755 2760; x_wconf 81' lang='lat' dir='ltr'><strong>habet.</strong></span> 
     </span>
     <span class='ocr_line' id='line_1_51' title="bbox 55 2768 755 2809; baseline 0.004 -10"><span class='ocrx_word' id='word_1_368' title='bbox 55 2768 137 2799; x_wconf 85' lang='lat' dir='ltr'><strong>Puto</strong></span> <span class='ocrx_word' id='word_1_369' title='bbox 162 2769 334 2809; x_wconf 87' lang='lat' dir='ltr'><strong>legendum</strong></span> <span class='ocrx_word' id='word_1_370' title='bbox 355 2780 421 2801; x_wconf 89' lang='lat' dir='ltr'><strong>esse</strong></span> <span class='ocrx_word' id='word_1_371' title='bbox 443 2779 566 2802; x_wconf 74' lang='lat' dir='ltr'><strong>cunctos.</strong></span> <span class='ocrx_word' id='word_1_372' title='bbox 609 2772 755 2803; x_wconf 84' lang='lat' dir='ltr'><strong>Davisius</strong></span> 
     </span>
     <span class='ocr_line' id='line_1_52' title="bbox 57 2811 755 2851; baseline 0.009 -11"><span class='ocrx_word' id='word_1_373' title='bbox 57 2811 189 2850; x_wconf 84' lang='lat' dir='ltr'><strong>putabat</strong></span> <span class='ocrx_word' id='word_1_374' title='bbox 212 2820 341 2851; x_wconf 80' lang='lat' dir='ltr'><strong>punctos,</strong></span> <span class='ocrx_word' id='word_1_375' title='bbox 371 2814 505 2845; x_wconf 87' lang='lat' dir='ltr'><strong>Guietus</strong></span> <span class='ocrx_word' id='word_1_376' title='bbox 536 2815 652 2845; x_wconf 84' lang='lat' dir='ltr'><strong>inustos.</strong></span> <span class='ocrx_word' id='word_1_377' title='bbox 677 2825 755 2846; x_wconf 88' lang='lat' dir='ltr'><strong>neu-</strong></span> 
     </span>
     <span class='ocr_line' id='line_1_53' title="bbox 58 2854 754 2897; baseline 0.004 -13"><span class='ocrx_word' id='word_1_378' title='bbox 58 2860 144 2885; x_wconf 85' lang='lat' dir='ltr'><strong>trum</strong></span> <span class='ocrx_word' id='word_1_379' title='bbox 168 2854 278 2894; x_wconf 85' lang='lat' dir='ltr'><strong>placet.</strong></span> <span class='ocrx_word' id='word_1_380' title='bbox 303 2857 369 2887; x_wconf 86' lang='lat' dir='ltr'><strong>imo</strong></span> <span class='ocrx_word' id='word_1_381' title='bbox 390 2866 514 2895; x_wconf 86' lang='lat' dir='ltr'><strong>sensus,</strong></span> <span class='ocrx_word' id='word_1_382' title='bbox 535 2867 599 2897; x_wconf 84' lang='lat' dir='ltr'><strong>qua</strong></span> <span class='ocrx_word' id='word_1_383' title='bbox 621 2864 696 2888; x_wconf 86' lang='lat' dir='ltr'><strong>sunt</strong></span> <span class='ocrx_word' id='word_1_384' title='bbox 722 2859 754 2888; x_wconf 90' lang='lat' dir='ltr'><strong>in</strong></span> 
     </span>
    </p>
   </div>
   <div class='ocr_carea' id='block_1_6' title="bbox 118 2909 441 2940">
    <p class='ocr_par' dir='ltr' id='par_1_10' title="bbox 118 2909 441 2940">
     <span class='ocr_line' id='line_1_54' title="bbox 118 2909 441 2940; baseline 0 -2"><span class='ocrx_word' id='word_1_385' title='bbox 118 2909 233 2940; x_wconf 72' lang='lat' dir='ltr'><strong>VOL.</strong></span> <span class='ocrx_word' id='word_1_386' title='bbox 257 2909 326 2940; x_wconf 81' lang='lat' dir='ltr'><strong>IV.</strong></span> <span class='ocrx_word' id='word_1_387' title='bbox 349 2912 387 2940; x_wconf 86' lang='lat' dir='ltr'><strong>P.</strong></span> <span class='ocrx_word' id='word_1_388' title='bbox 409 2912 441 2939; x_wconf 89' lang='grc' dir='ltr'><strong>Ι.</strong></span> 
     </span>
    </p>
   </div>
   <div class='ocr_carea' id='block_1_7' title="bbox 799 2257 1504 2890">
    <p class='ocr_par' dir='ltr' id='par_1_11' title="bbox 805 2257 1504 2330">
     <span class='ocr_line' id='line_1_55' title="bbox 806 2257 1504 2299; baseline 0.01 -14"><span class='ocrx_word' id='word_1_389' title='bbox 806 2257 943 2293; x_wconf 74' lang='lat' dir='ltr'><strong>deberet,</strong></span> <span class='ocrx_word' id='word_1_390' title='bbox 970 2265 1016 2287; x_wconf 79' lang='lat' dir='ltr'><strong>est</strong></span> <span class='ocrx_word' id='word_1_391' title='bbox 1042 2260 1074 2287; x_wconf 89' lang='lat' dir='ltr'><strong>in</strong></span> <span class='ocrx_word' id='word_1_392' title='bbox 1102 2259 1280 2299; x_wconf 69' lang='lat' dir='ltr'><strong>impulsione,</strong></span> <span class='ocrx_word' id='word_1_393' title='bbox 1304 2271 1403 2299; x_wconf 82' lang='lat' dir='ltr'><strong>quarn</strong></span> <span class='ocrx_word' id='word_1_394' title='bbox 1427 2272 1504 2292; x_wconf 80' lang='lat' dir='ltr'><strong>mox</strong></span> 
     </span>
     <span class='ocr_line' id='line_1_56' title="bbox 805 2300 889 2330; baseline 0.024 -2"><span class='ocrx_word' id='word_1_395' title='bbox 805 2300 889 2330; x_wconf 83' lang='lat' dir='ltr'><strong>dicit.</strong></span> 
     </span>
    </p>

    <p class='ocr_par' dir='ltr' id='par_1_12' title="bbox 802 2343 1504 2596">
     <span class='ocr_line' id='line_1_57' title="bbox 850 2343 1503 2385; baseline 0.011 -14"><span class='ocrx_word' id='word_1_396' title='bbox 850 2348 888 2373; x_wconf 78' lang='grc'><strong>86</strong></span> <span class='ocrx_word' id='word_1_397' title='bbox 917 2353 982 2383; x_wconf 77' lang='lat' dir='ltr'><strong>quae</strong></span> <span class='ocrx_word' id='word_1_398' title='bbox 1006 2343 1156 2383; x_wconf 80' lang='lat' dir='ltr'><strong>propriam</strong></span> <span class='ocrx_word' id='word_1_399' title='bbox 1180 2356 1210 2385; x_wconf 86' lang='lat' dir='ltr'><strong>q.</strong></span> <span class='ocrx_word' id='word_1_400' title='bbox 1229 2343 1258 2373; x_wconf 79' lang='grc' dir='ltr'><strong>Ῐι.</strong></span> <span class='ocrx_word' id='word_1_401' title='bbox 1282 2344 1503 2378; x_wconf 74' lang='lat' dir='ltr'><strong>declarationem</strong></span> 
     </span>
     <span class='ocr_line' id='line_1_58' title="bbox 805 2385 1504 2428; baseline 0.011 -15"><span class='ocrx_word' id='word_1_402' title='bbox 805 2397 830 2415; x_wconf 80' lang='lat' dir='ltr'><strong>e.</strong></span> <span class='ocrx_word' id='word_1_403' title='bbox 854 2385 897 2426; x_wconf 81' lang='lat' dir='ltr'><strong>r.]</strong></span> <span class='ocrx_word' id='word_1_404' title='bbox 927 2387 958 2416; x_wconf 91' lang='lat' dir='ltr'><strong>h.</strong></span> <span class='ocrx_word' id='word_1_405' title='bbox 979 2396 1007 2416; x_wconf 90' lang='lat' dir='ltr'><strong>e.</strong></span> <span class='ocrx_word' id='word_1_406' title='bbox 1031 2388 1064 2416; x_wconf 92' lang='lat' dir='ltr'><strong>in</strong></span> <span class='ocrx_word' id='word_1_407' title='bbox 1087 2388 1202 2426; x_wconf 88' lang='lat' dir='ltr'><strong>quibus</strong></span> <span class='ocrx_word' id='word_1_408' title='bbox 1226 2396 1342 2426; x_wconf 80' lang='lat' dir='ltr'><strong>essent,</strong></span> <span class='ocrx_word' id='word_1_409' title='bbox 1366 2400 1439 2428; x_wconf 78' lang='lat' dir='ltr'><strong>quae</strong></span> <span class='ocrx_word' id='word_1_410' title='bbox 1461 2392 1504 2423; x_wconf 85' lang='lat' dir='ltr'><strong>ita</strong></span> 
     </span>
     <span class='ocr_line' id='line_1_59' title="bbox 804 2430 1503 2468; baseline 0.009 -10"><span class='ocrx_word' id='word_1_411' title='bbox 804 2430 926 2468; x_wconf 84' lang='lat' dir='ltr'><strong>propria</strong></span> <span class='ocrx_word' id='word_1_412' title='bbox 948 2436 1051 2460; x_wconf 79' lang='lat' dir='ltr'><strong>essent</strong></span> <span class='ocrx_word' id='word_1_413' title='bbox 1066 2431 1093 2459; x_wconf 88' lang='lat' dir='ltr'><strong>ei</strong></span> <span class='ocrx_word' id='word_1_414' title='bbox 1111 2431 1165 2466; x_wconf 88' lang='lat' dir='ltr'><strong>rei,</strong></span> <span class='ocrx_word' id='word_1_415' title='bbox 1182 2437 1218 2460; x_wconf 89' lang='lat' dir='ltr'><strong>ut</strong></span> <span class='ocrx_word' id='word_1_416' title='bbox 1235 2440 1313 2460; x_wconf 90' lang='lat' dir='ltr'><strong>cum</strong></span> <span class='ocrx_word' id='word_1_417' title='bbox 1336 2432 1425 2463; x_wconf 82' lang='lat' dir='ltr'><strong>nulla</strong></span> <span class='ocrx_word' id='word_1_418' title='bbox 1441 2434 1503 2464; x_wconf 74' lang='lat' dir='ltr'><strong>aha</strong></span> 
     </span>
     <span class='ocr_line' id='line_1_60' title="bbox 803 2474 1502 2514; baseline 0.009 -13"><span class='ocrx_word' id='word_1_419' title='bbox 803 2474 1129 2509; x_wconf 87' lang='lat' dir='ltr'><strong>communicarentur,</strong></span> <span class='ocrx_word' id='word_1_420' title='bbox 1168 2483 1222 2512; x_wconf 89' lang='lat' dir='ltr'><strong>per</strong></span> <span class='ocrx_word' id='word_1_421' title='bbox 1264 2484 1337 2513; x_wconf 78' lang='lat' dir='ltr'><strong>quae</strong></span> <span class='ocrx_word' id='word_1_422' title='bbox 1373 2479 1502 2514; x_wconf 78' lang='lat' dir='ltr'><strong>agnosci</strong></span> 
     </span>
     <span class='ocr_line' id='line_1_61' title="bbox 802 2516 1501 2554; baseline 0.009 -10"><span class='ocrx_word' id='word_1_423' title='bbox 802 2524 926 2554; x_wconf 73' lang='lat' dir='ltr'><strong>semper</strong></span> <span class='ocrx_word' id='word_1_424' title='bbox 955 2524 985 2546; x_wconf 86' lang='lat' dir='ltr'><strong>et</strong></span> <span class='ocrx_word' id='word_1_425' title='bbox 1014 2516 1054 2546; x_wconf 83' lang='lat' dir='ltr'><strong>ab</strong></span> <span class='ocrx_word' id='word_1_426' title='bbox 1084 2516 1150 2546; x_wconf 85' lang='lat' dir='ltr'><strong>aliis</strong></span> <span class='ocrx_word' id='word_1_427' title='bbox 1179 2518 1332 2548; x_wconf 84' lang='lat' dir='ltr'><strong>omnibus</strong></span> <span class='ocrx_word' id='word_1_428' title='bbox 1367 2520 1501 2550; x_wconf 79' lang='lat' dir='ltr'><strong>discerni</strong></span> 
     </span>
     <span class='ocr_line' id='line_1_62' title="bbox 802 2566 938 2596; baseline 0.015 -10"><span class='ocrx_word' id='word_1_429' title='bbox 802 2566 938 2596; x_wconf 86' lang='lat' dir='ltr'><strong>possent.</strong></span> 
     </span>
    </p>

    <p class='ocr_par' dir='ltr' id='par_1_13' title="bbox 801 2601 1499 2726">
     <span class='ocr_line' id='line_1_63' title="bbox 846 2601 1498 2645; baseline 0.009 -15"><span class='ocrx_word' id='word_1_430' title='bbox 846 2607 881 2636; x_wconf 70' lang='lat'><strong>87</strong></span> <span class='ocrx_word' id='word_1_431' title='bbox 912 2613 974 2630; x_wconf 81' lang='lat' dir='ltr'><strong>cum</strong></span> <span class='ocrx_word' id='word_1_432' title='bbox 998 2601 1090 2640; x_wconf 74' lang='lat' dir='ltr'><strong>ipsum</strong></span> <span class='ocrx_word' id='word_1_433' title='bbox 1111 2609 1164 2642; x_wconf 85' lang='lat' dir='ltr'><strong>per</strong></span> <span class='ocrx_word' id='word_1_434' title='bbox 1189 2615 1217 2632; x_wconf 85' lang='lat' dir='ltr'><strong>se</strong></span> <span class='ocrx_word' id='word_1_435' title='bbox 1238 2605 1418 2645; x_wconf 73' lang='lat' dir='ltr'><strong>cernerelur]</strong></span> <span class='ocrx_word' id='word_1_436' title='bbox 1448 2607 1498 2636; x_wconf 88' lang='lat' dir='ltr'><strong>Sc.</strong></span> 
     </span>
     <span class='ocr_line' id='line_1_64' title="bbox 802 2646 1499 2687; baseline 0.009 -14"><span class='ocrx_word' id='word_1_437' title='bbox 802 2653 866 2674; x_wconf 91' lang='lat' dir='ltr'><strong>non</strong></span> <span class='ocrx_word' id='word_1_438' title='bbox 882 2646 1054 2675; x_wconf 86' lang='lat' dir='ltr'><strong>confusum</strong></span> <span class='ocrx_word' id='word_1_439' title='bbox 1075 2655 1151 2676; x_wconf 87' lang='lat' dir='ltr'><strong>cum</strong></span> <span class='ocrx_word' id='word_1_440' title='bbox 1174 2646 1255 2683; x_wconf 79' lang='lat' dir='ltr'><strong>aliis,</strong></span> <span class='ocrx_word' id='word_1_441' title='bbox 1271 2655 1395 2687; x_wconf 82' lang='lat' dir='ltr'><strong>propter</strong></span> <span class='ocrx_word' id='word_1_442' title='bbox 1410 2649 1499 2680; x_wconf 82' lang='lat' dir='ltr'><strong>illam</strong></span> 
     </span>
     <span class='ocr_line' id='line_1_65' title="bbox 801 2688 1228 2726; baseline 0.012 -11"><span class='ocrx_word' id='word_1_443' title='bbox 801 2689 957 2726; x_wconf 84' lang='lat' dir='ltr'><strong>propriam</strong></span> <span class='ocrx_word' id='word_1_444' title='bbox 973 2688 1228 2720; x_wconf 84' lang='lat' dir='ltr'><strong>declarationem.</strong></span> 
     </span>
    </p>

    <p class='ocr_par' dir='ltr' id='par_1_14' title="bbox 799 2730 1500 2890">
     <span class='ocr_line' id='line_1_66' title="bbox 843 2730 1500 2773; baseline 0.005 -13"><span class='ocrx_word' id='word_1_445' title='bbox 843 2737 882 2760; x_wconf 79' lang='lat'><strong>88</strong></span> <span class='ocrx_word' id='word_1_446' title='bbox 899 2730 1021 2760; x_wconf 79' lang='lat' dir='ltr'><strong>similem</strong></span> <span class='ocrx_word' id='word_1_447' title='bbox 1038 2732 1073 2761; x_wconf 84' lang='lat' dir='ltr'><strong>iis</strong></span> <span class='ocrx_word' id='word_1_448' title='bbox 1089 2732 1182 2769; x_wconf 75' lang='lat' dir='ltr'><strong>rebus,</strong></span> <span class='ocrx_word' id='word_1_449' title='bbox 1196 2744 1263 2773; x_wconf 74' lang='lat' dir='ltr'><strong>quae</strong></span> <span class='ocrx_word' id='word_1_450' title='bbox 1278 2745 1365 2762; x_wconf 76' lang='lat' dir='ltr'><strong>manu</strong></span> <span class='ocrx_word' id='word_1_451' title='bbox 1378 2735 1500 2773; x_wconf 75' lang='lat' dir='ltr'><strong>prende-</strong></span> 
     </span>
     <span class='ocr_line' id='line_1_67' title="bbox 801 2772 1499 2813; baseline 0.01 -13"><span class='ocrx_word' id='word_1_452' title='bbox 801 2772 915 2813; x_wconf 71' lang='lat' dir='ltr'><strong>rrntur]</strong></span> <span class='ocrx_word' id='word_1_453' title='bbox 936 2774 1019 2803; x_wconf 74' lang='lat' dir='ltr'><strong>Quae</strong></span> <span class='ocrx_word' id='word_1_454' title='bbox 1042 2784 1085 2804; x_wconf 88' lang='lat' dir='ltr'><strong>se.</strong></span> <span class='ocrx_word' id='word_1_455' title='bbox 1109 2784 1184 2806; x_wconf 87' lang='lat' dir='ltr'><strong>sunt</strong></span> <span class='ocrx_word' id='word_1_456' title='bbox 1207 2777 1390 2806; x_wconf 77' lang='lat' dir='ltr'><strong>certissima.</strong></span> <span class='ocrx_word' id='word_1_457' title='bbox 1416 2778 1499 2807; x_wconf 81' lang='lat' dir='ltr'><strong>unde</strong></span> 
     </span>
     <span class='ocr_line' id='line_1_68' title="bbox 800 2815 1499 2861; baseline 0.007 -16"><span class='ocrx_word' id='word_1_458' title='bbox 800 2815 901 2846; x_wconf 74' lang='lat' dir='ltr'><strong>illud:</strong></span> <span class='ocrx_word' id='word_1_459' title='bbox 926 2816 987 2845; x_wconf 73' lang='lat' dir='ltr'><strong>haec</strong></span> <span class='ocrx_word' id='word_1_460' title='bbox 1011 2823 1077 2846; x_wconf 83' lang='lat' dir='ltr'><strong>sunt</strong></span> <span class='ocrx_word' id='word_1_461' title='bbox 1107 2825 1167 2848; x_wconf 72' lang='lat' dir='ltr'><strong>tum</strong></span> <span class='ocrx_word' id='word_1_462' title='bbox 1198 2826 1289 2857; x_wconf 74' lang='lat' dir='ltr'><strong>certa,</strong></span> <span class='ocrx_word' id='word_1_463' title='bbox 1316 2831 1403 2860; x_wconf 83' lang='lat' dir='ltr'><strong>quam</strong></span> <span class='ocrx_word' id='word_1_464' title='bbox 1434 2831 1499 2861; x_wconf 74' lang='lat' dir='ltr'><strong>quae</strong></span> 
     </span>
     <span class='ocr_line' id='line_1_69' title="bbox 799 2859 1090 2890; baseline 0.01 -3"><span class='ocrx_word' id='word_1_465' title='bbox 799 2859 931 2889; x_wconf 78' lang='lat' dir='ltr'><strong>manibus</strong></span> <span class='ocrx_word' id='word_1_466' title='bbox 948 2866 1090 2890; x_wconf 69' lang='lat' dir='ltr'><strong>tenentur.</strong></span> 
     </span>
    </p>
   </div>
   <div class='ocr_carea' id='block_1_8' title="bbox 795 2913 818 2938">
    <p class='ocr_par' dir='ltr' id='par_1_15' title="bbox 795 2913 818 2938">
     <span class='ocr_line' id='line_1_70' title="bbox 795 2913 818 2938; baseline 0 0"><span class='ocrx_word' id='word_1_467' title='bbox 795 2913 818 2938; x_wconf 65' lang='lat'><strong>(¹</strong></span> 
     </span>
    </p>
   </div>
  </div>
 </body>
</html>
