1768 3095
549 92 1076 137 LIBERAQUART-US:
1443 97 1515 137 173

83 200 196 252 dem,
226 202 378 259 inquit,
393 207 504 243 *cum
534 215 617 257 ego
639 210 689 242 ·te
720 200 834 252 abac
855 213 961 240 nova
981 198 1078 252 lege
1097 196 1258 238 videam
1278 196 1428 239 eodem
1449 198 1518 240 die

82 261 317 301 accusatori
333 257 596 312 respondere,
616 267 658 298 et
684 257 817 298 tribus
846 255 959 307 horis
992 268 1200 309 perorare,
1228 254 1270 294 in
1299 253 1378 293 hac
1410 263 1427 286 4
1446 270 1517 296 me

81 328 209 355 causa
233 324 397 371 tempus
422 313 649 355 dilaturum
678 314 830 368 putas?
863 327 959 368 quae
987 321 1127 351 tamen
1148 325 1173 350 a
1192 320 1233 351 te
1262 319 1412 365 agetur
1432 325 1516 351 non

82 371 246 423 melior,
265 385 388 427 quam
408 369 491 410 illae
513 380 624 421 sunt,
645 384 748 426 quas
766 369 976 420 interdurn
999 367 1178 408 obtines.
1227 367 1370 422 Quare
1390 367 1514 407 istam

81 438 250 483 quoque
266 425 509 483 aggredere,
529 436 751 468 tractatam
765 425 1055 481 praesertimet
1071 424 1123 464 ab
1141 423 1246 474 aliis,
1263 431 1306 463 et
1322 437 1346 463 a
1362 431 1403 463 te
1421 422 1515 477 ipso

82 497 206 538 saepe,
235 493 283 524 ut
313 483 391 524 tibi
410 482 555 524 deesse
579 499 661 524 non
682 483 815 538 possit
843 481 991 523 oratio.
1050 481 1161 521 Tum
1182 494 1279 534 ego,
1300 480 1402 520 Nou
1424 493 1512 519 me-
1526 493 1551 524 2

79 538 248 580 hercule
267 539 384 580 soleo
404 549 561 580 temere
579 551 726 581 contra
747 539 938 580 Stoicos:
970 552 1053 577 non
1073 551 1159 592 quo
1180 537 1260 577 illis
1282 535 1513 577 admodum

77 596 291 646 assentiar,
320 595 394 637 sed
423 596 584 650 pudore
614 597 850 652 impedior:
884 597 943 636 ita
973 593 1107 634 multa
1135 593 1296 643 dicunt,
1322 607 1416 648 quae
1448 592 1515 633 vix

76 651 324 707 intelligam.
375 652 581 704 Obscura,
601 653 753 709 inquit,
774 652 967 708 quaedam
991 665 1081 691 esse
1101 650 1327 691 confiteor:
1350 663 1425 689 nec
1448 659 1514 693 ta-

76 721 174 748 men
206 709 259 749 ab
290 709 372 750 illis
400 710 458 751 ita
487 709 686 751 dicuntur
719 709 770 750 de
801 709 1033 750 industria:
1066 706 1139 747 sed
1172 707 1281 747 inest
1309 706 1352 746 in
1387 705 1513 746 rebus

74 763 172 818 ipsis
201 765 448 807 obscuritas.
511 766 600 808 Cur
627 767 759 822 igitur
785 765 952 806 easdem
983 779 1061 814 res,
1091 764 1278 819 inquam,
1301 762 1513 818 Peripate-

75 819 168 860 ticis
195 820 447 873 dicentibus,
476 824 650 864 verbum
680 822 842 863 nullum
872 832 950 871 est,
977 819 1091 876 quod
1112 834 1195 861 non
1215 819 1509 874 intelligatur?

75 876 310 919 Easdemne
336 894 413 927 reS,
441 880 608 936 inquit?
642 895 694 921 an
725 894 871 934 parum
903 877 1093 928 disserui,
1122 892 1207 918 non
1234 876 1370 917 verbis
1397 876 1512 917 Stoi-

75 946 147 973 cos
168 948 191 974 a
212 935 510 991 Peripateticis,
540 936 612 977 sed
640 937 829 977 universa
856 951 914 985 re,
941 944 984 975 et
1020 944 1035 967 ⁵
1054 942 1144 975 tota
1162 933 1367 974 sententia
1387 932 1511 973 dissi-

73 988 171 1030 dere
189 991 202 1031 ?
234 992 384 1048 Atqui,
403 993 590 1049 inquam,
615 993 740 1044 Cato,
761 994 794 1033 si
822 991 936 1034 istud
959 990 1204 1041 obtinueris,
1226 989 1424 1030 traducas
1442 1004 1511 1030 me

73 1045 129 1087 ad
149 1056 190 1088 te
220 1057 359 1090 totum
378 1050 536 1091 licebit.
598 1051 803 1091 Putabam
832 1048 1029 1105 equidem
1049 1047 1163 1097 satis,
1185 1046 1336 1102 inquit,
1357 1060 1426 1086 me
1445 1045 1510 1087 di-

71 1102 194 1145 xisse.
225 1120 353 1161 quare
382 1106 434 1147 ad
464 1122 513 1147 ea
538 1108 739 1163 primum,
770 1107 803 1147 si
833 1106 1011 1148 videtur,
1043 1105 1106 1145 sin
1125 1103 1240 1145 aliud
1260 1102 1362 1158 quid
1381 1103 1510 1154 voles,

71 1169 233 1213 postea.
287 1164 460 1204 6Immo
492 1163 575 1206 isto
611 1164 797 1220 quidem,
833 1163 1021 1219 inquam,
1055 1162 1167 1212 loco,
1204 1160 1283 1200 nisi
1318 1159 1510 1215 iniquum

71 1217 258 1269 postulo,
289 1220 495 1274 responde
528 1221 731 1261 arbitratu
759 1234 870 1260 meo.
930 1220 994 1260 Ut
1024 1218 1176 1273 placet,
1208 1216 1358 1272 inquit.
1397 1224 1412 1253 7
1432 1216 1512 1258 etsi

71 1272 184 1313 enim
204 1274 308 1316 illud
330 1286 419 1318 erat
438 1276 591 1332 aptius,
613 1291 781 1332 aequum
807 1276 960 1331 cuique
979 1273 1224 1315 concedere.

130 1329 336 1372 Existimo
365 1332 510 1388 igitur,
541 1334 728 1390 inquam,
761 1333 886 1383 Cato,
917 1340 1074 1373 veteres
1103 1330 1198 1371 illos
1228 1329 1411 1370 Platonis
1431 1343 1552 1390 εἰη-2

73 1383 245 1438 ditores,
285 1388 582 1445 Speusippum,
622 1390 914 1439 Aristotelem,
952 1390 1236 1429 Xenocratem
1254 1402 1266 1437 3
1315 1393 1332 1417 8
1354 1385 1541 1448 deinde3

72 1454 235 1494 eorum,
263 1445 549 1498 Polemonem,
570 1446 927 1501 Theophrastum,
950 1445 1048 1485 satis
1079 1453 1122 1484 et
1151 1443 1337 1498 copiose,
1359 1451 1402 1483 et
1420 1442 1508 1483 ele-

70 1506 222 1552 ganter
251 1500 447 1542 habuisse
475 1503 751 1545 constitutam
782 1502 1063 1557 disciplinam,
1084 1508 1133 1541 ut
1154 1514 1239 1540 non
1256 1508 1366 1540 esset
1386 1513 1513 1540 causa

73 1554 249 1607 Zenoni,
279 1571 377 1598 cum
408 1559 680 1600 Polemonem
711 1559 910 1609 audisset,
943 1572 1018 1598 cur
1045 1565 1087 1597 et
1114 1557 1167 1597 ab
1197 1570 1249 1596 eo
1281 1556 1390 1611 ipso,
1422 1565 1466 1596 et
1490 1570 1514 1596 a

71 1612 355 1665 superioribus
376 1615 623 1657 dissideret:
656 1631 836 1672 quorum
868 1616 948 1656 fuit
977 1614 1069 1654 haec
1098 1612 1325 1653 institutio.
1354 1612 1396 1652 in
1427 1627 1512 1668 qua

71 1667 374 1712 animadvertas
406 1672 546 1723 velim,
571 1681 589 1706 9
605 1673 708 1729 quid
738 1681 861 1729 putes
890 1670 1159 1720 mutandum,
1180 1683 1257 1709 nec
1278 1679 1514 1724 exspectes,

71 1722 173 1765 dum
203 1726 256 1767 ad
282 1729 424 1770 omnia
448 1729 602 1780 dicam,
623 1745 718 1785 quae
748 1744 772 1770 a
795 1738 837 1770 te
856 1728 970 1769 dicta
990 1736 1102 1768 sunt.
1133 1735 1170 1759 ¹0
1187 1726 1380 1767 universa
1399 1726 1510 1766 enim

70 1881 125 1905 aut
145 1876 250 1907 simile
269 1877 346 1916 quid
369 1878 558 1916 conjiciebat
573 1879 767 1909 substituen-

70 1918 162 1955 dum,
179 1921 233 1950 sed
248 1920 427 1950 dubitanter
441 1928 561 1958 tamen,
579 1923 632 1952 hic
647 1921 767 1961 dejicere

69 1962 180 2000 corrigi
197 1962 334 1994 volebat.

112 2011 129 2034 2
156 2005 227 2034 Tum
243 2005 304 2041 ille,
321 2006 383 2035 Ain
399 2005 527 2045 tandem]
550 2007 629 2036 Edd.
646 2017 691 2046 pr.
709 2007 766 2036 ha-

69 2047 144 2077 bent
169 2049 242 2078 Tene
263 2048 355 2078 ullam
371 2050 485 2078 tandem
502 2050 598 2090 inquit
615 2050 634 2079 i.
652 2059 678 2079 e.
696 2059 761 2079 non

68 2099 157 2129 posse
173 2091 266 2121 facile
282 2092 467 2131 perdiscere·
493 2103 559 2122 una
573 2093 623 2122 Jo.
640 2093 678 2122 de
695 2092 765 2123 Col.

68 2132 162 2165 illam.
208 2134 268 2164 Sed
292 2135 462 2174 vulgatum
490 2136 604 2166 melius
630 2136 764 2171 videtur,

69 2177 153 2215 quod
168 2184 214 2207 est
230 2179 400 2208 inductum
417 2180 456 2208 ab
472 2179 565 2208 Aldo.

111 2226 129 2250 3
154 2220 207 2249 hac
223 2231 299 2250 nova
321 2220 394 2261 lege]
414 2222 624 2261 Intelligenda
639 2227 684 2250 est
701 2220 765 2249 Lex

70 2262 129 2293 Cn.
153 2263 294 2303 Pompeii
317 2265 350 2294 in
369 2266 459 2295 tertio
475 2265 652 2295 Consulatu
673 2269 764 2297 1701.

70 2306 162 2344 facta,
185 2307 224 2336 ad
247 2307 388 2338 breviora
408 2309 564 2339 reddenda
577 2307 710 2346 judicia,
727 2307 765 2335 de

69 2357 133 2387 qua
147 2359 176 2379 v.
194 2350 257 2380 Dio
273 2350 359 2381 Cass.
378 2352 410 2381 L.
428 2351 496 2381 XL.
513 2362 542 2391 p.
560 2359 630 2381 145.
647 2351 763 2379 Ascon.

70 2392 102 2421 in
117 2393 252 2432 Argum.
268 2393 324 2424 Or.
340 2404 395 2433 pro
412 2395 546 2425 Milone.

113 2443 132 2465 4
155 2446 198 2465 me
213 2443 321 2475 tempus
333 2437 493 2467 dilaturum
503 2435 605 2477 putas]
627 2436 646 2465 i.
663 2446 690 2465 e.
707 2446 765 2474 pu-

69 2484 115 2507 tas
132 2488 183 2508 me
193 2479 248 2509 tibi
264 2479 450 2510 dilationem
463 2482 627 2515 daturum,
642 2486 677 2509 ut
689 2488 764 2509 cau-

69 2530 138 2550 sam
153 2531 342 2560 cognoscere
357 2530 388 2554 et
403 2524 515 2554 deinde
528 2530 637 2554 contra
651 2532 703 2552 me
718 2522 764 2551 di—

68 2573 138 2594 cere
153 2574 261 2604 possis.

113 2614 128 2637 5
154 2615 213 2637 tota
227 2608 368 2638 sententia
383 2607 532 2647 dissidere]
553 2609 668 2647 Recepi
686 2617 763 2638 eum

70 2648 195 2681 Davisio
223 2651 370 2688 dissidere,
401 2662 456 2691 pro
485 2652 655 2688 dissentire3
679 2651 764 2690 quod

71 2692 139 2723 edd.
155 2704 200 2732 pr.
215 2694 354 2724 habent:
377 2696 451 2734 quia
467 2695 547 2725 illud
563 2696 594 2724 in
612 2695 692 2724 Mss.
709 2695 764 2724 bo-

71 2735 289 2783 nisrepertum
305 2744 370 2767 est:
396 2745 426 2768 et
438 2739 482 2768 sic
494 2738 563 2777 jam
579 2737 676 2768 edidit
691 2737 763 2767 Vie-

72 2785 176 2808 tonus.

115 2825 133 2849 6
158 2821 246 2851 Imma
262 2822 314 2852 isto
329 2822 444 2862 quidem
456 2820 526 2861 loco]
546 2832 589 2853 sc.
607 2822 662 2853 ubi
679 2829 713 2852 tu
727 2822 766 2852 de

809 1887 845 1907 ea
861 1887 892 1907 re
907 1877 1025 1913 dixisti,
1043 1885 1120 1906 narn
1136 1885 1172 1905 eo
1182 1875 1292 1904 ordine
1306 1874 1379 1905 volo
1395 1876 1510 1911 dicere,

809 1930 874 1959 quo
898 1928 943 1950 tu.
961 1930 1015 1959 pro
1040 1918 1171 1958 responde
1191 1918 1364 1957 aliquando
1387 1919 1510 1957 conjeci

810 1963 985 2002 respondebo.
1003 1972 1078 1992 nam
1109 1962 1219 2000 utique
1241 1961 1353 1991 Cicero
1370 1962 1441 2000 jam
1463 1972 1510 1992 re-

808 2007 961 2046 spondere
976 2006 1101 2036 volebat
1118 2005 1242 2034 Catoni.
1347 2004 1350 2007 '

852 2055 867 2085 7
894 2049 1105 2090 etsi—aequutn
1137 2047 1238 2088 cuique
1269 2046 1427 2085 concedere]
1471 2047 1509 2077 In

808 2093 870 2122 hoc
893 2092 964 2121 loco
988 2093 1100 2121 frustra
1115 2101 1147 2120 se
1163 2094 1278 2121 torsere
1294 2090 1462 2120 Manutius
1479 2097 1509 2120 et

809 2136 995 2171 Lambinus.
1041 2134 1190 2164 Davisius
1205 2133 1290 2162 addit
1306 2132 1372 2162 hoc:
1393 2143 1508 2174 aequum

809 2178 858 2206 hoc
873 2189 898 2207 c.
914 2190 938 2207 c.
956 2178 1041 2216 quod
1058 2177 1138 2206 mihi
1156 2186 1221 2206 non
1238 2175 1351 2215 placet.
1368 2176 1509 2215 intellige

810 2227 916 2255 tamen,
934 2222 1018 2259 quod
1042 2228 1073 2249 et
1094 2220 1167 2249 alibi
1184 2226 1254 2258 post
1270 2218 1322 2247 etsi
1337 2219 1507 2255 omittitur,

809 2264 915 2293 omnis
930 2263 1101 2292 difficultas
1117 2262 1256 2292 tolletur.

854 2313 870 2336 S
895 2305 994 2336 deinde
1016 2303 1125 2344 eorum]
1149 2304 1223 2334 Scil.
1239 2303 1421 2342 discipulos.
1441 2313 1508 2333 ma-

809 2349 866 2379 lim
894 2349 1002 2378 horum.
1029 2358 1105 2378 nam
1133 2349 1202 2377 haec
1229 2348 1292 2376 duo
1317 2348 1508 2385 pronomina

810 2393 927 2422 centies
943 2398 1122 2431 permutata
1137 2397 1214 2420 sunt
1230 2390 1262 2419 in
1277 2389 1374 2419 libris.

854 2444 870 2468 9
896 2435 969 2476 quid
983 2441 1066 2473 putes
1088 2431 1270 2471 mutandum]
1294 2433 1409 2462 Veniat
1430 2433 1508 2462 forte

809 2479 841 2507 in
861 2486 1003 2508 mentem
1021 2483 1134 2516 putem.
1179 2476 1240 2505 Sed
1261 2485 1373 2505 sensus
1389 2476 1420 2504 in
1438 2475 1508 2505 vul-

808 2529 880 2561 gato
900 2521 983 2551 idern
1000 2532 1005 2550 :
1031 2521 1109 2559 quid
1130 2519 1167 2549 de
1185 2528 1256 2548 mea
1278 2519 1435 2548 sententia
1451 2529 1509 2557 pu-

806 2571 851 2594 tes
869 2565 1076 2599 mutandum,
1092 2563 1146 2592 ubi
1163 2571 1234 2592 eam
1251 2561 1306 2591 tibi
1322 2561 1492 2600 explicaro.

853 2615 891 2639 10
915 2607 1053 2636 universa
1077 2605 1121 2636 ill.
1146 2604 1270 2642 ratione]
1296 2605 1425 2634 Davisio
1441 2605 1509 2644 pla-

808 2657 857 2679 cet
874 2650 1021 2680 universa)
1037 2648 1154 2678 rationi.
1200 2648 1317 2677 Sensus
1331 2648 1434 2677 bonus
1451 2654 1507 2685 est.

810 2693 869 2722 Sed
882 2693 952 2731 jam
969 2702 1033 2722 non
1052 2693 1118 2731 ipsa
1133 2689 1271 2721 Platonis
1288 2697 1318 2720 et
1333 2690 1507 2721 Aristotelis

809 2737 886 2766 ratio
912 2745 989 2765 curn
1017 2735 1122 2765 Stoica
1147 2742 1213 2764 erat
1236 2740 1426 2772 pugnatura,
1455 2733 1507 2762 sed

809 2779 929 2809 Cicero.
947 2780 971 2808 is
989 2779 1095 2816 itaque
1109 2786 1154 2813 se,
1171 2777 1258 2812 dicit,
1272 2783 1337 2806 toto
1351 2777 1439 2814 quasi
1454 2785 1507 2805 ex-

809 2822 920 2858 ercitu,
947 2829 1178 2860 pugnaturum,
1207 2821 1388 2848 universam
1417 2819 1508 2847 ratio-
