1778 3095
270 167 346 208 598
710 162 787 199 DE
826 162 1255 202 DIVINATIONE

271 269 428 323 potius,
464 282 590 325 quam
630 277 703 311 aut
741 271 882 311 onmia
920 271 1038 322 deus,
1073 272 1188 327 quod
1228 271 1407 326 negatis,
1449 279 1523 313 aut
1560 274 1702 315 omnia

274 333 420 366 natura
440 327 453 367 ?
487 333 528 357 26
544 326 658 381 quod
689 328 885 382 quoniam
907 327 1020 368 istud
1045 330 1220 383 negatis,
1243 328 1325 368 hoc
1347 328 1578 369 necessario
1599 344 1700 370 con-

185 378 256 410 128
273 381 473 423 fitendum
504 393 580 423 est.
639 383 846 424 Naturam
877 394 1017 424 autem
1046 398 1138 425 eam
1169 385 1280 435 dico,
1303 392 1340 420 27
1359 399 1442 440 qua
1471 399 1702 441 numquam

273 439 436 479 animus
459 439 665 489 insistens,
685 439 914 494 agitatione
944 449 986 480 et
1017 450 1138 481 motu
1162 456 1251 482 esse
1273 456 1424 482 vacuus
1448 449 1600 495 potest.
1659 443 1702 482 Is

274 509 372 535 cum
394 496 596 550 languore
612 497 814 551 corporis,
829 511 905 537 nec
927 497 1126 537 membris
1146 497 1222 546 uti,
1236 512 1311 538 nec
1334 497 1522 537 sensibus
1543 506 1700 552 potest,

272 550 419 591 incidit
440 551 479 591 in
500 552 584 592 visa
605 553 726 602 varia,
748 561 790 593 et
814 553 971 592 incerta
992 567 1042 593 ex
1063 553 1260 607 reliquiis,
1285 563 1332 595 ut
1359 553 1415 593 ait
1436 553 1702 604 Aristoteles,

271 607 571 649 inhaerentibus
593 623 734 649 earum
757 623 909 657 rerum,
937 623 1039 663 quas
1061 608 1233 663 vigilans
1261 610 1450 664 gesserit,
1483 619 1556 650 aut
1581 610 1702 664 cogi-

272 663 383 704 tarit.
405 678 578 719 quarum
597 664 911 719 perturbatione
932 664 1139 705 mirabiles
1161 665 1370 706 interdum
1385 666 1589 706 exsistunt
1607 680 1701 720 spe-

273 720 359 760 cies
380 721 654 761 somniorum.
713 722 821 776 Quae
851 721 883 760 si
904 721 984 761 alia
1006 735 1112 770 vera,
1133 720 1212 761 alia
1244 721 1371 762 falsa:
1403 737 1486 777 qua
1515 731 1615 763 nota
1639 721 1703 762 in-

276 784 581 826 ternoscantur,
604 778 707 817 scire
729 791 826 816 sane
848 777 984 817 velim.
1046 776 1089 817 Si
1118 777 1233 817 nulla
1253 786 1343 817 est:
1375 778 1474 832 quid
1505 778 1607 819 istos
1637 778 1700 818 in-

276 840 477 887 terpretes
497 833 748 873 audiamus?
783 833 843 873 sin
870 833 1076 888 quaepiam
1103 842 1179 883 est,
1201 848 1301 873 aveo
1332 834 1488 884 audire,
1511 849 1603 889 quae
1632 834 1701 875 sit.

194 878 263 929 63
280 889 361 928 Sed
395 888 628 929 haerebunt.
650 889 762 930 venit
786 889 894 929 enim
922 891 1010 945 jam
1046 890 1088 929 in
1115 890 1445 940 contentionem,
1475 900 1615 930 utrum
1648 890 1703 932 sit

191 956 263 996 129
277 945 551 999 probabilius,
581 946 737 986 deosne
768 946 1041 995 immortaleS,
1073 961 1210 986 rerum
1246 946 1436 986 omnium
1465 947 1703 1000 praestantia

276 1001 539 1052 excellentes,
559 1017 808 1043 concursare
828 1003 1017 1043 omnium
1044 1003 1302 1053 mortalium,
1322 1002 1394 1058 qui
1413 1002 1570 1058 ubique
1589 1012 1702 1053 sunt,

276 1073 360 1097 non
390 1058 520 1098 modo
549 1059 696 1109 lectos,
716 1074 855 1099 verum
888 1059 1013 1098 etiam
1043 1060 1256 1114 grabatos,
1279 1067 1334 1109 et,
1355 1073 1451 1099 curn
1481 1067 1703 1100 stertentes

275 1113 438 1169 aliquos
467 1114 656 1165 viderint,
688 1115 870 1170 objicere
909 1115 973 1155 his
1000 1115 1084 1156 visa
1115 1115 1306 1171 quaedam
1336 1125 1525 1156 tortuosa
1556 1126 1598 1157 et
1627 1116 1705 1156 ob-

277 1185 411 1221 scura,
443 1187 535 1226 quae
565 1172 624 1212 illi
659 1172 843 1212 exterriti
876 1172 1041 1212 somnio
1071 1172 1124 1212 ad
1157 1171 1438 1228 conjectorem
1476 1186 1598 1212 mane
1629 1171 1702 1212 de-

276 1228 411 1267 ferant
426 1243 438 1277 3
469 1242 518 1267 an
546 1236 694 1269 natura
722 1228 822 1278 fieri,
842 1236 888 1269 ut
921 1228 1134 1269 mobiliter
1161 1229 1325 1269 animus
1356 1228 1556 1283 agitatus,
1588 1227 1704 1284 quod

276 1283 453 1337 vigilans
474 1284 635 1335 viderit,
656 1284 867 1325 dormiens
889 1285 1024 1325 videre
1045 1285 1246 1326 videatur.
1268 1294 1408 1326 utrum
1436 1284 1706 1340 philosophia

276 1339 458 1394 digniuS,
487 1355 678 1396 sagarum
713 1341 1007 1396 superstitione
1038 1341 1118 1381 ista
1143 1341 1421 1396 interpretari,
1443 1356 1494 1381 an
1522 1341 1704 1397 explica-

275 1396 390 1436 tione
421 1399 610 1438 naturae?
645 1406 704 1447 ut,
735 1398 768 1438 si
797 1398 888 1453 jam
925 1398 1012 1438 fieri
1045 1398 1178 1452 possit
1207 1399 1449 1454 conjectura
1468 1412 1562 1438 vera
1589 1412 1704 1438 som-

232 1464 265 1495 b.
277 1453 458 1504 niorum,
480 1462 619 1494 tamen
641 1454 722 1505 isti,
745 1455 816 1509 qui
843 1454 1104 1509 profitentur,
1126 1469 1216 1495 eam
1244 1456 1380 1495 facere
1408 1469 1492 1494 non
1515 1454 1702 1510 possint:

275 1524 326 1549 ex
353 1509 561 1551 levissimo
591 1511 717 1560 enim,
737 1519 778 1551 et
810 1510 1100 1551 indoctissimo
1125 1526 1280 1566 genere
1304 1520 1512 1552 constant.
1571 1510 1703 1552 Stoici

275 1574 418 1607 autem
453 1567 515 1607 tui
543 1578 699 1622 negant
730 1582 999 1623 quemquam,
1023 1568 1100 1608 nisi
1131 1568 1376 1623 sapientem,
1401 1567 1584 1608 divinum
1614 1581 1704 1607 esse

190 1633 411 1677 130posse.
473 1623 739 1680 Chrysippus
768 1624 939 1679 quidem
970 1624 1265 1665 divinationem
1298 1624 1441 1664 definit
1470 1623 1534 1664 his
1554 1624 1703 1675 verbis,

275 1679 375 1720 Vim
402 1689 745 1734 cognoscentem,
774 1689 815 1720 et
835 1680 1057 1729 videntem,
1079 1689 1121 1720 et
1148 1681 1425 1735 explicantem
1452 1680 1586 1735 signa,
1608 1694 1702 1735 quae

275 1749 299 1776 a
332 1735 410 1776 diis
446 1736 686 1777 hominibus
724 1737 1053 1791 portendantur:
1089 1736 1271 1777 officium
1303 1746 1445 1776 autem
1480 1750 1569 1776 esse
1599 1738 1706 1792 ejus,

274 1806 551 1847 praenoscere,
580 1792 647 1833 dei
675 1806 774 1847 erga
803 1792 994 1833 homines
1026 1802 1165 1833 mente
1196 1808 1276 1847 qua
1306 1793 1401 1843 sint,
1430 1792 1615 1848 quidque
1648 1792 1704 1833 si-

274 1848 490 1903 gnificent,
520 1848 963 1904 quemadmodumque
993 1864 1042 1889 ea
1075 1857 1353 1904 procurentur
1379 1858 1505 1905 atque
1534 1849 1703 1904 expien-

273 1914 357 1944 tur.
417 1905 621 1961 Idemque
648 1905 909 1946 somniorum
938 1904 1245 1961 conjectionem
1276 1905 1418 1946 definit
1448 1906 1529 1946 hoc
1558 1905 1704 1956 modO,

274 1960 378 2002 Esse
398 1961 479 2002 vim
502 1972 756 2012 cernentem,
779 1970 820 2002 et
849 1962 1156 2017 explanantem,
1179 1978 1273 2018 quae
1300 1977 1324 2002 a
1354 1961 1431 2002 diis
1462 1962 1704 2003 hominibus

274 2016 561 2072 significentur
588 2019 630 2058 in
659 2018 830 2059 somnis.
889 2018 1004 2074 Quid
1028 2033 1145 2073 ergo,
1167 2019 1219 2059 ad
1250 2019 1340 2059 haec
1370 2018 1571 2059 mediocri
1596 2033 1703 2074 opus

277 2082 341 2114 est
377 2073 610 2129 prudentia,
644 2089 696 2115 an
731 2084 772 2115 et
805 2075 973 2129 ingenio
1005 2076 1235 2130 praestanti,
1268 2085 1311 2116 et
1341 2075 1575 2116 eruditione
1608 2090 1703 2133 per-

195 2128 420 2182 64fecta?
467 2131 594 2171 talem
635 2140 776 2172 autem
814 2132 1091 2187 cognovimus
1132 2132 1355 2172 neminem.
1413 2131 1523 2173 Vide
1560 2131 1702 2187 igitur,

191 2209 259 2240 131
279 2201 344 2237 ne,
374 2187 501 2228 etiam
522 2188 555 2228 si
585 2187 880 2228 divinationem
912 2188 989 2229 tibi
1020 2202 1109 2228 esse
1138 2203 1396 2238 concessero,
1428 2188 1544 2243 quod
1580 2202 1702 2228 num·

277 2258 404 2298 quam
438 2244 603 2295 faciam,
634 2244 841 2285 neminem
875 2254 1015 2285 tamen
1048 2244 1233 2285 divinum
1264 2245 1447 2300 reperire
1475 2244 1701 2299 possimus.

273 2300 422 2355 Qualis
443 2309 584 2341 autem
605 2302 684 2341 ista
704 2315 819 2341 mens
840 2311 904 2341 est
925 2301 1116 2351 deorum,
1139 2301 1171 2341 si
1188 2315 1321 2356 neque
1348 2315 1396 2341 ea
1425 2300 1545 2342 nobis
1574 2300 1703 2354 signi-

274 2356 399 2397 ficant
425 2357 465 2397 in
497 2357 669 2408 somnis,
698 2373 791 2413 quae
821 2357 900 2412 ipsi
931 2372 1003 2412 per
1034 2373 1110 2398 nos
1138 2358 1451 2412 intelligamus:
1483 2370 1617 2411 neque
1637 2370 1700 2407 ea,

273 2427 452 2467 quorum
479 2414 725 2468 interpretes
755 2413 907 2454 habere
935 2414 1142 2469 possimus
1161 2416 1174 2455 ?
1208 2414 1360 2455 similes
1380 2413 1490 2453 enim
1510 2420 1607 2453 sunt
1626 2412 1699 2464 dii,

272 2469 307 2508 si
328 2483 376 2508 ea
405 2470 525 2510 nobis
547 2469 767 2526 objiciunt,
790 2485 972 2526 quorum
1005 2484 1080 2511 nec
1102 2470 1330 2518 scientiam,
1351 2483 1485 2524 neque
1505 2467 1702 2523 explana·

272 2531 408 2564 torem
441 2525 685 2575 habeamus,
710 2535 924 2582 tamquam
962 2527 995 2566 si
1028 2527 1158 2576 Poeni,
1178 2535 1249 2566 aut
1280 2525 1459 2580 Hispani
1478 2525 1520 2565 in
1551 2532 1698 2566 senatu

190 2593 260 2625 132
274 2588 417 2621 nostro
437 2582 708 2637 loquerentur
728 2583 815 2623 sine
847 2583 1084 2636 interprete.
1141 2583 1235 2622 Jam
1256 2596 1353 2622 vero
1379 2595 1464 2636 quo
1488 2581 1700 2636 pertinent

273 2637 562 2687 obscuritates,
585 2649 627 2679 et
647 2639 871 2693 aenigmata
899 2639 1189 2678 somniorum?
1222 2638 1401 2693 intelligi
1433 2639 1544 2678 enim
1569 2652 1593 2678 a
1620 2652 1698 2678 no-

270 2693 335 2734 bis
365 2693 423 2734 dii
442 2694 546 2735 velle
574 2694 786 2735 debebant
815 2708 878 2745 ea,
905 2709 1000 2750 quae
1030 2704 1172 2736 nostra
1201 2709 1326 2735 causa
1356 2709 1432 2735 nos
1461 2703 1697 2736 monerent.

315 2846 353 2870 26
377 2840 453 2881 quod
468 2853 496 2882 q.
522 2841 600 2871 istud
619 2842 740 2881 negaIIs,
757 2842 806 2871 hoc
826 2854 854 2872 tt.
876 2854 899 2871 c.
924 2842 960 2882 e.]
1051 2848 1088 2876 27
1115 2854 1171 2883 qua
1192 2853 1345 2884 numquam
1365 2855 1393 2872 a.
1413 2840 1451 2883 i.]
1475 2852 1629 2884 numquam
1652 2852 1699 2873 rea

271 2883 319 2913 hoc
333 2884 505 2915 delendum
521 2892 576 2916 est.
592 2891 637 2916 est
649 2886 734 2916 enim
753 2886 782 2915 in
797 2886 879 2927 quod.
1008 2886 1173 2917 ferendum
1189 2893 1234 2917 est
1249 2887 1287 2917 ad
1303 2896 1413 2916 vacuus
1429 2897 1482 2916 esse
1497 2891 1608 2926 potest.
