1778 3095
502 284 580 337 M.
619 284 903 336 TULLII
942 283 1379 337 CICERONIS

913 413 968 437 DE

707 508 1166 585 FINIBUS

335 655 815 718 BONORUM
861 656 986 718 ET
1032 654 1532 719 MALORUM

911 802 966 826 AD

773 883 1080 930 BRUTUM

646 993 848 1035 LIBER
889 992 1220 1035 QUINTUS.

805 1139 1051 1162 *—

729 1267 1138 1305 ARGUMENTUM.

221 1358 316 1406 Quas
334 1352 593 1404 superiorilibro
620 1353 686 1404 ipse
705 1362 822 1404 partes
844 1361 1031 1402 susceperat
1053 1351 1178 1396 Cicero,
1200 1365 1255 1388 eas
1272 1351 1329 1389 hoc
1352 1351 1437 1389 libro
1456 1352 1511 1390 M.
1529 1353 1646 1390 Pisoni

266 1409 417 1459 imponit,
445 1417 497 1452 ut,
525 1421 599 1444 cum
628 1408 695 1458 ipse
722 1407 844 1444 veteris
872 1406 1067 1443 Academiae
1093 1415 1125 1442 et
1152 1406 1446 1456 Peripateticorum
1473 1407 1646 1451 rationem,

265 1463 467 1513 impugnata
490 1461 615 1505 Stoica,
634 1460 841 1510 defendisset,
860 1459 912 1496 hic
930 1473 1018 1496 nunc
1034 1472 1156 1496 omnem
1184 1459 1278 1496 illam
1304 1461 1463 1497 rationem
1479 1460 1646 1510 explana·

266 1526 330 1553 ret.
386 1516 434 1552 Et
447 1515 562 1563 facile
579 1515 710 1565 quidem
738 1513 948 1562 intelligitur,
968 1527 1047 1564 quae
1064 1513 1145 1549 Piso
1163 1512 1215 1549 hic
1233 1513 1406 1563 disputare
1412 1512 1578 1562 fingitur,
1604 1527 1645 1550 ea

268 1569 417 1607 Ciceroni
429 1569 599 1619 placuisse
615 1569 691 1619 ipsi,
709 1578 791 1610 tum,
810 1566 899 1618 quod
914 1566 1049 1604 eandem
1067 1567 1225 1603 rationem
1243 1567 1399 1617 superiori
1415 1566 1500 1603 libro
1521 1566 1644 1604 Stoicae

259 1631 503 1675 praeposuerat,
523 1631 593 1658 tum
620 1634 700 1658 vero
728 1621 817 1671 quod
841 1620 915 1670 ipsa
944 1621 1030 1656 ratio
1056 1619 1245 1670 explicandi
1270 1630 1318 1657 est
1345 1620 1439 1670 longe
1456 1619 1519 1657 illa
1535 1634 1643 1657 venu-
1673 1632 1678 1636 ⁴

264 1677 347 1713 stior
373 1685 405 1713 et
430 1676 590 1720 ornatior,
617 1689 686 1725 qua
716 1674 798 1711 libro
824 1674 930 1724 primo
948 1683 980 1710 et
1002 1674 1095 1710 tertio
1122 1687 1202 1710 usus
1220 1683 1280 1717 est,
1297 1687 1371 1710 cum
1392 1674 1503 1710 aliena
1521 1687 1537 1711 e
1560 1674 1643 1711 Tor-

264 1730 363 1780 quati
380 1739 412 1766 et
434 1729 570 1766 Catonis
591 1729 738 1779 personis
767 1728 963 1778 disputaret.
1019 1727 1075 1764 Ea
1093 1728 1178 1763 enim
1195 1727 1276 1776 fere
1291 1727 1429 1776 felicius
1448 1728 1483 1763 in
1500 1726 1558 1764 hoc
1579 1741 1644 1777 ge-

263 1796 339 1832 nere
357 1782 546 1829 succedunt,
567 1797 643 1832 quae
662 1782 723 1832 ipsi
739 1781 932 1831 probamus.
981 1781 1102 1830 Itaque
1120 1780 1218 1816 etiam
1238 1779 1325 1817 illud
1342 1779 1463 1817 accidit
1482 1780 1642 1823 Ciceroni,

263 1845 302 1873 ut
319 1850 347 1873 c.
367 1843 404 1873 8.
424 1836 685 1879 oblivisceretur,
706 1836 834 1872 Pisonis
853 1847 918 1870 esse
945 1833 1039 1870 illam
1059 1833 1325 1883 disputationem,
1346 1843 1389 1877 et,
1407 1846 1441 1870 se
1457 1832 1509 1870 hic
1527 1833 1643 1884 dispu-

261 1898 349 1934 tare,
369 1888 586 1938 significaret.
644 1890 738 1925 Nam
769 1889 803 1924 in
830 1888 896 1938 ipso
922 1887 978 1923 illo
996 1887 1127 1924 Pisonis
1154 1900 1306 1930 sermone,
1329 1887 1431 1938 plane
1457 1887 1568 1924 aliena
1595 1887 1642 1925 ab

261 1944 333 1991 ejus
349 1954 488 1993 persona
511 1943 656 1979 Ciceroni
676 1941 868 1979 exciderunt
888 1939 959 1977 haec
973 1957 986 1976 .·
1017 1941 1179 1977 Quando
1207 1940 1321 1989 igitur
1338 1948 1374 1977 et
1391 1941 1436 1977 de
1455 1941 1642 1990 voluptate

261 2010 348 2034 curn
366 1998 558 2045 Torquato
581 1998 645 2046 (L.
663 1996 734 2041 II.)
757 2003 791 2032 et
810 1997 853 2031 de
881 1996 1207 2031 honestate—cum
1238 1995 1379 2031 Catone
1402 1994 1466 2041 (L.
1481 1994 1564 2040 IV.)
1587 2005 1641 2033 est

260 2052 491 2100 disputatum
515 2053 581 2087 &a
612 2064 690 2101 quae
712 2048 859 2099 profecto
880 2049 994 2085 Pisoni
1021 2049 1164 2090 minime,
1191 2047 1251 2084 sed
1278 2047 1425 2085 Ciceroni
1451 2047 1514 2098 ipsi
1529 2048 1640 2098 potius

262 2105 474 2141 conveniunt.
533 2104 625 2140 Nam
644 2103 733 2153 quod
748 2104 782 2139 in
798 2102 874 2148 fine
891 2102 990 2150 hujus
1010 2101 1088 2138 libri
1107 2115 1134 2138 c.
1155 2101 1219 2138 26.
1236 2115 1287 2151 sq.
1304 2102 1460 2151 quaedam
1485 2103 1520 2139 in
1542 2102 1638 2139 Peri-

257 2158 406 2209 patetica
423 2157 550 2193 ratione
567 2156 848 2208 reprehenduntur
863 2173 874 2191 .·
903 2169 941 2192 ea
962 2170 1025 2192 non
1043 2155 1092 2192 ad
1105 2168 1268 2192 summam
1287 2155 1334 2190 rei
1347 2157 1533 2204 pertinent3
1564 2170 1640 2193 cum

260 2225 325 2248 non
353 2222 424 2247 tam
452 2211 525 2261 ipsa
551 2211 711 2247 sententia
739 2209 1007 2260 reprehendatur,
1026 2223 1127 2259 quam
1154 2208 1244 2258 quod
1267 2208 1454 2246 inconstans
1477 2209 1638 2261 quodam-

260 2265 367 2309 modo,
385 2277 442 2301 nec
459 2264 543 2301 satis
561 2265 755 2301 consentiens
779 2264 928 2300 omnibus
948 2262 1107 2314 partibus
1131 2262 1176 2298 sit
1194 2262 1417 2311 Peripatetica
1444 2264 1541 2307 ratio,
1561 2278 1639 2314 quae

261 2333 338 2356 cum
366 2317 494 2362 doceat,
525 2318 598 2355 alia
630 2331 697 2355 esse
719 2327 845 2369 prater
871 2319 1032 2354 virtutem
1061 2315 1156 2357 bona,
1177 2323 1287 2351 tamen
1314 2316 1490 2365 sapientem
1516 2328 1640 2367 semper

262 2373 409 2415 beatum,
428 2373 528 2408 etiam
545 2372 581 2408 in
597 2371 704 2408 dolore
722 2381 753 2408 ct
765 2379 964 2421 paupertate
983 2378 1089 2420 putet.
1143 2368 1334 2405 Praemissis
1350 2379 1462 2406 autem
1481 2369 1638 2421 disputa-

261 2427 342 2463 tioni
375 2425 542 2468 Platonis,
578 2425 852 2462 Academicorum
883 2434 1046 2465 veterum,
1082 2431 1114 2459 et
1153 2421 1440 2471 Peripateticorum
1477 2422 1637 2460 laudibus

260 2493 289 2517 c.
310 2485 347 2517 3.
367 2485 405 2515 4.
425 2488 456 2514 et
474 2479 730 2516 commemoratis
754 2476 901 2514 omnibus
921 2477 961 2513 de
977 2490 1102 2512 summo
1122 2475 1201 2512 hono
1219 2476 1399 2521 sententiis,
1417 2489 1562 2527 quarum
1579 2490 1639 2514 sex

259 2533 420 2582 simplices
438 2541 530 2575 sunt,
551 2541 617 2569 tres
636 2532 763 2568 omnino
773 2532 907 2579 junctae
924 2539 954 2567 et
973 2529 1141 2580 duplices3
1171 2529 1297 2576 rejectis
1322 2530 1448 2573 ceteris,
1465 2530 1560 2568 illam
1578 2544 1636 2567 ex-

254 2585 441 2637 ponendam
469 2585 794 2634 confirmandamque
818 2584 954 2634 suscipit
975 2584 1065 2626 Piso,
1092 2583 1128 2618 in
1152 2595 1220 2633 qua
1240 2582 1448 2620 Aristotelem
1475 2584 1637 2634 inprimis,

260 2639 395 2689 ejusque
409 2637 528 2684 filium
548 2637 801 2680 Nicomachum,
826 2637 861 2673 in
883 2637 1049 2686 plerisque
1073 2636 1173 2673 etiam
1195 2635 1457 2686 Theophrastum
1481 2636 1638 2674 adhibere

254 2693 372 2744 possit,
390 2706 466 2742 quae
482 2692 595 2728 eadem
613 2702 660 2728 est
678 2705 751 2727 cum
767 2704 820 2734 ea,
840 2704 942 2740 quam
957 2689 1141 2727 Academia
1156 2699 1254 2726 vetus
1273 2690 1377 2726 tenuit
1391 2703 1420 2727 c.
1442 2691 1523 2727 5-8.
1566 2690 1637 2726 Fa·

259 2756 311 2782 cto
329 2759 419 2795 erga,
437 2759 479 2782 ex
497 2746 648 2782 instituto
674 2754 824 2781 veterum
848 2745 1004 2787 emnium,
1021 2756 1043 2780 a
1061 2743 1178 2793 primis
1202 2752 1338 2779 naturae
1357 2742 1636 2794 exponendis-ini-

261 2801 317 2842 tio,
338 2799 423 2835 hunc
438 2799 547 2845 finem
566 2798 719 2835 bonorum
736 2810 776 2834 ex
795 2798 835 2834 iis
853 2798 1006 2833 exsistere
1024 2796 1102 2833 dicit
1118 2812 1130 2832 .·
1160 2797 1366 2833 Secundum
1388 2804 1557 2833 naturam
1577 2797 1632 2832 vi-

260 2867 353 2898 vere,
372 2853 424 2890 sic
443 2853 628 2898 affectum,
649 2859 692 2889 ut
708 2851 849 2903 optime
868 2850 963 2888 affici
986 2850 1119 2901 possis,
1144 2851 1190 2888 ad
1219 2858 1462 2900 naturamque
1491 2862 1633 2887 accom-
