1778 3095
523 194 707 232 LIBER
744 195 1075 235 SECUNDUS.
1435 193 1512 238 461

197 305 367 355 Autfhrte
389 303 502 343 Triton
507 303 655 351 fuscina
672 310 823 340 evertens
842 314 968 353 specus,
1527 307 1560 338 Ρ·
1572 303 1625 329 44·

200 358 326 396 subter
343 358 470 396 radices
485 357 617 407 penitus
636 356 780 393 undanti
797 357 832 393 in
842 358 939 403 freto
1529 351 1562 373 ²·

199 413 327 449 Μοῖεηι
347 425 388 448 ex
401 409 565 462 prqfundo
579 423 718 446 saxeam
744 417 804 441 100
818 409 868 446 ad
882 409 1002 447 caelnm
1020 409 1118 447 eruit.

92 475 276 516 Dubitat
305 473 456 530 primO,
493 487 586 528 quae
619 471 675 513 sit
706 486 756 513 ea
789 480 951 523 natura,
982 486 1111 527 quam
1140 470 1274 513 cernit
1301 468 1522 527 ignotam:

93 531 306 587 idemque,
321 528 546 586 juvenibus
566 528 676 579 visis,
695 528 927 584 auditoque
948 527 1117 569 nautico
1134 536 1276 579 cantu,

215 628 228 651 ¹
248 621 345 659 Sicut
364 621 467 664 inciti,
483 630 586 672 atque
602 620 730 659 alacres
748 621 865 659 rostris
872 621 1079 672 perfremunt

204 674 432 726 Delphini.—

98 761 201 802 item
222 759 303 800 alia
321 758 472 800 multa.

256 860 311 867 -
326 838 468 875 Silvani
486 838 568 875 melo

209 891 420 930 Consimilem
437 891 488 930 ad
502 905 601 929 aures
619 901 769 936 cantum,
790 900 821 928 ec
841 891 997 929 auditum
1014 893 1127 941 refert.

103 962 223 1022 Ergo
243 974 293 1007 ut
310 965 379 1007 hic
408 965 547 1021 primo
576 965 781 1021 adspectu
813 965 1043 1007 inanimum
1079 965 1296 1022 quiddam,
1327 981 1535 1025 sensuque
1547 977 1600 1021 90

100 1038 297 1072 vacuum,
332 1036 377 1063 se
409 1032 531 1078 putat
568 1036 764 1073 cernere3
808 1032 905 1077 post
937 1031 1079 1063 autem
1112 1022 1241 1077 signis
1273 1025 1538 1075 certioribus,

104 1079 229 1135 quale
256 1079 310 1119 sit
339 1078 395 1128 id,
424 1078 477 1119 de
506 1093 591 1133 quo
623 1078 899 1127 dubitaverat,
928 1079 1075 1133 incipit
1105 1079 1329 1134 suspicari:
1359 1082 1417 1122 sie
1442 1081 1539 1137 phi-

106 1135 274 1190 losophi
294 1134 545 1184 debuerunt,
566 1135 600 1175 si
620 1135 727 1176 forte
747 1149 821 1176 eos
841 1136 1000 1190 primus
1029 1135 1250 1190 adspectus
1270 1137 1418 1178 mundi
1437 1152 1541 1179 con-

107 1192 358 1240 turbaverat,
380 1198 540 1246 postea,
560 1206 659 1232 cum
679 1191 877 1233 vidissent
891 1200 1031 1233 motus
1052 1192 1142 1247 ejus
1162 1192 1316 1243 finitos,
1338 1202 1382 1234 et
1401 1209 1542 1249 aequa-

107 1248 229 1298 biles,
268 1248 492 1302 omniaque
530 1248 628 1288 ratis
669 1248 886 1289 ordinibus
928 1248 1163 1299 moderata,
1204 1250 1543 1306 immutabilique

108 1303 360 1354 constantia,
382 1303 615 1358 intelligere
634 1304 767 1345 inesse
786 1305 970 1360 aliquem
991 1320 1075 1346 non
1103 1306 1241 1346 solum
1262 1306 1545 1348 habitatorem

108 1360 153 1401 in
186 1360 266 1400 hac
303 1360 462 1401 caelesti
507 1374 555 1400 ac
600 1359 736 1401 divina
775 1361 919 1411 domo,
956 1361 1030 1402 sed
1071 1362 1199 1402 etiam
1239 1372 1461 1412 rectorem,
1502 1372 1546 1404 et

110 1416 435 1466 moderatorem,
455 1425 497 1457 et
517 1424 732 1472 tamquam
753 1417 1030 1458 architectum
1059 1418 1162 1458 tanti
1183 1419 1335 1473 operis,
1357 1420 1545 1474 tantique

111 1472 310 1514 muneris.
367 1474 496 1513 Nune
521 1481 666 1514 autem
695 1473 799 1514 mihi
830 1473 1021 1515 videntur
1050 1488 1102 1514 ne
1132 1475 1333 1530 suspicari
1360 1475 1629 1533 quidem,36

112 1538 270 1585 quanta
290 1529 344 1570 sit
364 1528 663 1570 admirabilitas
683 1529 914 1571 caelestium
934 1545 1088 1580 rerum,
1111 1539 1237 1586 atque
1256 1532 1532 1574 terrestrium.
1618 1534 1620 1536 ’

173 1585 378 1640 Principio
397 1585 509 1626 enim
529 1594 638 1627 terra
659 1585 737 1626 sita
757 1586 800 1626 in
820 1586 959 1627 media
978 1595 1094 1641 parte
1111 1586 1272 1639 mundi,
1292 1588 1547 1630 circumfusa
1558 1603 1608 1647 91

113 1641 302 1696 undique
327 1650 392 1682 est
417 1641 496 1682 hac
521 1641 767 1682 2animabili
800 1642 1068 1698 spirabilique
1099 1652 1261 1695 natura,
1293 1645 1362 1685 cui
1392 1660 1549 1688 nomen

115 1707 181 1739 est
208 1703 294 1748 aer,
317 1698 517 1739 Graecum
549 1698 657 1738 illud
689 1697 874 1754 quidem,
908 1699 980 1739 sed
1015 1708 1261 1754 perceptum
1285 1700 1377 1755 jam
1407 1709 1551 1743 tamen

117 1769 200 1797 usu
227 1768 252 1794 a
282 1754 462 1795 nostris:
493 1754 640 1795 tritum
675 1763 740 1796 est
770 1755 881 1796 enim
912 1769 989 1810 pro
1020 1755 1186 1796 Latino.
1246 1758 1376 1798 Hunc
1408 1772 1550 1799 rursus

119 1809 390 1866 amplectitur
408 1810 636 1852 immensus
655 1810 800 1862 aether,
830 1811 903 1867 qui
932 1820 1099 1853 constat
1127 1826 1180 1853 ex
1208 1812 1420 1854 altissimis
1440 1814 1552 1868 igni-

119 1866 214 1908 bus.
274 1867 526 1908 Mutuemur
546 1867 628 1908 hoc
649 1882 818 1923 quoque
839 1868 1024 1918 verbum,
1046 1868 1295 1924 dicaturque
1315 1878 1403 1910 tam
1423 1871 1553 1912 aether

121 1923 287 1973 Latine,
306 1937 434 1978 quam
454 1923 606 1965 dicitur
625 1929 695 1964 aer
714 1941 724 1966 t
755 1924 834 1965 etsi
854 1924 1152 1979 interpretatur
1173 1926 1401 1979 Pacuvius;

231 2012 317 2054 Hoc,
335 2011 426 2062 quod
438 2025 586 2055 memora,
603 2013 707 2050 nostri
720 2013 852 2057 caelum,
873 2013 973 2060 Graji
987 2013 1160 2064 perhibent
1175 2014 1316 2053 (ethera.

125 2093 143 2117 ³
167 2085 300 2142 Quasi
335 2100 432 2127 vero
468 2101 552 2127 non
585 2087 739 2142 Grajus
769 2086 852 2128 hoc
891 2086 1017 2128 dicat.
1075 2088 1138 2129 At
1168 2088 1319 2129 Latine
1357 2089 1557 2146 loquitur.

126 2141 342 2198 Siquidem
364 2157 440 2183 nos
459 2157 545 2183 non
562 2144 680 2199 quasi
697 2144 846 2184 Graeee
865 2144 1112 2199 loquentem
1133 2152 1153 2176 4
1170 2145 1407 2188 audiamus..
1462 2148 1557 2189 Do·
1571 2153 1603 2185 b·

125 2208 195 2239 cet
217 2198 329 2239 idem
349 2199 432 2239 alio
454 2199 550 2240 loco
568 2216 577 2239 ι

249 2296 265 2320 5
279 2289 476 2339 Grajugena
495 2289 535 2326 de
554 2290 615 2326 isto
635 2290 740 2341 aperit
758 2291 829 2341 ipsa
847 2292 961 2328 oratio.

129 2361 214 2403 Sed
234 2363 288 2404 ad
317 2362 479 2419 majora
508 2363 742 2406 redeamus.
801 2365 864 2406 Ex
894 2364 1049 2406 aethere
1078 2365 1209 2421 igitur
1237 2367 1561 2409 innumerabiles
1575 2383 1626 2423 92

132 2419 314 2460 flammae
335 2420 519 2461 siderum
540 2421 744 2462 exsistunt
763 2437 773 2461 ε
802 2436 980 2478 quorum
1009 2433 1074 2464 est
1099 2423 1292 2480 princeps
1321 2424 1399 2476 sol,
1420 2426 1569 2468 omnia

180 2570 240 2594 100
263 2563 303 2593 ad
316 2563 417 2595 caelum
433 2562 523 2605 eruit]
545 2565 721 2597 Priscianus
734 2566 830 2597 habet

872 2566 1048 2597 Pacuvium
1075 2576 1140 2597 non
1166 2569 1312 2607 pertinet,
1341 2569 1395 2608 qui
1423 2569 1483 2599 fuit
1509 2570 1568 2599 La-

137 2605 230 2635 vomit
243 2617 253 2634 .·
277 2617 342 2647 quae
353 2614 394 2636 est
407 2607 511 2647 glossa.

873 2610 971 2646 tinus,
987 2611 1040 2639 sed
1056 2611 1093 2639 ad
1115 2620 1294 2649 personam,
1317 2622 1390 2651 quae
1411 2613 1442 2642 in
1459 2613 1567 2643 fabula

185 2656 197 2678 1
223 2648 306 2677 Sicu!
322 2649 417 2688 inciti]
443 2650 527 2680 Quia
543 2659 683 2682 metrum
697 2651 829 2688 laborat,
873 2652 1007 2691 loquens
1025 2653 1250 2684 inducebatur:
1275 2664 1310 2684 ea
1325 2662 1390 2685 erat
1406 2656 1527 2686 Graeca.

139 2692 275 2722 correxit
304 2691 337 2721 P.
367 2691 533 2724 Manutius
563 2694 637 2723 sicut
665 2695 740 2724 citi:
767 2695 832 2725 Da·
917 2703 936 2725 4
959 2695 1272 2735 audiamusJConJeci
1288 2698 1430 2727 audimus.

140 2735 237 2764 visius
253 2740 286 2762 ut
300 2733 376 2762 citi.-
399 2737 484 2773 quod
499 2737 705 2775 praetulerim.
921 2746 936 2768 5
964 2739 1133 2778 Grajugena
1170 2740 1204 2769 de
1240 2740 1308 2780 isto]
1343 2741 1469 2770 Grotius
1500 2749 1567 2770 cor-

184 2783 202 2806 2
226 2775 380 2804 animabili
393 2783 435 2815 sp.
453 2778 569 2817 natura]
586 2780 704 2810 Probus
719 2779 834 2809 Gram-
877 2781 969 2817 rexit,
988 2781 1189 2821 Grqjugenam
1205 2789 1233 2812 te
1253 2794 1308 2812 esse
1327 2795 1356 2814 a.
1378 2784 1439 2822 ip5a
1454 2783 1543 2811 oratio
1554 2793 1564 2810 ,-

143 2818 279 2849 maticus
307 2819 393 2858 apud
418 2819 548 2852 Putsch.
583 2823 679 2852 habet
701 2821 836 2854 animali.
878 2824 963 2861 quod
979 2825 1143 2863 superiori,
1160 2825 1244 2867 quasi
1267 2836 1300 2855 v.
1323 2837 1375 2854 non
1393 2825 1504 2863 Grajus
1518 2824 1568 2853 hoc

143 2861 236 2890 bene·
875 2866 968 2902 dicat,
1009 2867 1129 2907 optime
1170 2869 1337 2899 consentit.
1379 2868 1498 2907 placuit
1537 2873 1568 2897 et

187 2909 204 2939 a
229 2902 323 2934 Quasi
352 2914 421 2933 vero
450 2914 503 2934 non
535 2905 658 2948 Grajus]
692 2906 765 2937 Hoc
794 2907 833 2937 ad
876 2909 1000 2940 Vossio.
