1778 3095
544 118 719 156 LIBER
758 118 1050 155 QUINTUS.
1434 126 1507 160 381

87 227 275 269 medium
299 225 444 268 mundi
461 225 601 266 locum
625 239 790 280 semper
809 233 1020 280 expetant,
1041 224 1113 280 qui
1135 233 1198 266 est
1218 225 1330 266 idem
1350 226 1514 269 infimus

87 285 130 325 in
153 284 348 326 rotundo.
386 283 493 324 Haec
515 281 710 322 tractanti
730 281 886 332 animo,
903 290 945 321 et
962 290 1105 321 noctes
1128 289 1170 322 et
1190 281 1277 322 dies
1296 284 1515 337 cogitanti,
1529 281 1598 330 25

90 341 250 382 exsistit
269 340 340 382 illa
357 353 380 379 a
399 338 478 379 deo
499 337 679 393 Delphis
700 346 910 393 praecepta
932 337 1136 392 cognitio,
1158 347 1206 378 ut
1226 338 1315 394 ipsa
1336 353 1379 378 se
1399 354 1516 381 mens
1530 356 1581 395 70

89 406 307 453 agnoscat,
338 395 695 450 conjunctamque
728 408 825 435 cum
858 393 994 434 divina
1026 405 1169 434 mente
1201 408 1244 435 se
1276 394 1440 445 sentiat,
1469 410 1519 436 ex

90 468 176 509 quo
198 462 236 488 90
250 451 470 494 insatiabili
499 450 657 506 gaudio
688 450 939 506 completur.
971 450 1061 505 ipsa
1090 450 1201 491 enim
1233 450 1439 505 cogitatio
1469 452 1521 492 de

92 510 143 561 vi,
164 519 206 550 et
233 517 379 550 natura
402 506 592 558 deorum,
615 507 799 548 studium
821 507 1008 547 incendit
1028 506 1138 547 illius
1161 507 1401 548 aeternitatis
1426 507 1522 548 irni-

91 566 243 615 tandae,
265 578 402 619 neque
429 578 472 604 se
499 563 541 603 in
575 563 776 604 brevitate
796 563 890 604 vitae
912 563 1160 604 collocatam
1185 573 1319 618 putat,
1340 578 1437 604 cum
1458 578 1523 604 re-

93 636 184 663 rum
215 635 359 661 causas
387 619 487 660 alias
516 635 568 661 ex
595 620 684 660 aliis
714 629 848 674 aptas,
881 630 924 659 et
953 620 1197 660 necessitate
1226 634 1350 660 nexas
1378 620 1520 661 videt:

92 678 244 734 quibus
276 677 328 717 ab
357 685 512 717 aeterno
538 685 728 731 tempore
756 676 982 717 fluentibus
1009 677 1051 717 in
1078 686 1297 727 aeternum,
1319 676 1425 718 ratio
1456 686 1520 717 ta-

93 748 189 774 men
208 746 409 788 mensque
430 732 686 774 moderatur.
730 733 838 773 Haec
859 732 928 773 ille
950 733 1115 774 intuens
1131 741 1256 788 atque
1277 733 1521 788 suspiciens,
1534 743 1580 783 71

92 790 156 830 vel
176 790 316 845 potius
338 803 485 830 omnes
504 798 643 844 partes
671 803 849 844 orasque
877 789 1232 844 circumspiciens,
1253 799 1409 845 quanta
1430 804 1523 830 rur-

93 861 163 887 sus
185 847 313 887 animi
333 846 633 902 tranquillitate
654 845 839 886 humana
858 854 901 886 et
919 846 1114 886 citeriora
1133 847 1372 888 considerat
1389 848 1400 886 ?
1426 846 1523 888 hinc

92 903 166 944 illa
191 903 382 958 cognitio
410 902 575 943 virtutis
606 902 790 943 exsistit:
821 901 1086 943 efflorescunt
1116 917 1272 958 genera
1301 912 1524 958 partesque

93 959 294 1001 virtutum
314 977 323 999 ε
356 958 573 1008 invenitur,
594 958 693 1014 quid
716 959 783 1009 sit,
804 958 918 1014 quod
937 967 1084 1000 natura
1109 969 1271 1015 spectet
1291 968 1524 1001 extremum

92 1015 135 1056 in
155 1016 290 1067 bonis,
313 1024 348 1049 91
366 1015 467 1070 quid
486 1015 528 1055 in
548 1015 668 1055 malis
690 1015 903 1065 ultimum,
924 1030 1009 1070 quo
1038 1015 1252 1056 referenda
1273 1017 1355 1057 sint
1373 1016 1524 1067 officia,

94 1088 190 1128 quae
218 1072 423 1128 degendae
453 1072 585 1112 aetatis
613 1071 720 1112 ratio
749 1071 977 1127 diligenda.
1034 1072 1202 1128 Quibus
1226 1081 1267 1112 et
1288 1073 1440 1114 talibus
1460 1088 1525 1114 re-

95 1129 174 1170 bus
195 1128 426 1184 exquisitis,
448 1128 530 1169 hoc
562 1128 622 1169 ve]
651 1128 832 1168 maxime
852 1128 1042 1179 efficitur,
1064 1129 1178 1184 quod
1200 1129 1277 1169 hac
1300 1129 1522 1184 disputati·
1535 1135 1568 1166 b·

94 1200 175 1226 one
195 1187 377 1241 agimus,
397 1194 445 1226 ut
464 1186 591 1225 virtus
613 1185 666 1226 ad
685 1186 808 1225 beate
827 1185 1045 1226 vivendum
1066 1187 1118 1226 sit
1140 1200 1182 1226 se
1203 1185 1293 1240 ipsa
1313 1194 1525 1227 contenta.

95 1242 293 1298 Sequitur
322 1242 458 1292 tertia,
492 1257 585 1296 quae
620 1256 692 1296 per
725 1256 869 1283 omnes
900 1251 1037 1297 partes
1068 1241 1281 1298 sapientiae
1312 1252 1455 1284 manat
1484 1247 1588 1288 et72

96 1298 300 1347 funditur,
323 1313 417 1354 quae
445 1313 531 1339 rem
560 1298 718 1348 definit,
737 1312 891 1353 genera
912 1298 1118 1353 dispertit,
1138 1299 1354 1353 sequentia
1375 1298 1527 1354 adjun-

96 1356 174 1409 git,
192 1356 378 1410 perfecta
398 1354 626 1405 concludit,
644 1369 736 1395 vera
756 1364 798 1395 et
815 1355 917 1395 falsa
934 1355 1153 1411 dijudicat,
1173 1355 1400 1396 disserendi
1420 1357 1527 1397 ratio

98 1422 141 1452 et
174 1412 360 1452 scientia.
432 1412 496 1452 Ex
533 1426 616 1466 qua
653 1425 749 1452 cum
783 1426 950 1452 summa
983 1412 1141 1452 utilitas
1171 1412 1332 1452 exsistit
1371 1412 1426 1452 ad
1463 1427 1528 1453 res

97 1467 403 1522 ponderandas,
426 1476 516 1509 tum
538 1468 718 1508 maxime
740 1468 923 1522 ingenua
944 1468 1183 1518 delectatio,
1205 1477 1247 1508 et
1269 1468 1398 1524 digna
1417 1470 1528 1524 sapi-

94 1524 220 1564 entia.
281 1524 365 1565 Sed
397 1524 487 1565 haec
518 1524 620 1565 otii„
665 1524 866 1565 Transeat
895 1525 1006 1566 idem
1037 1525 1115 1565 iste
1148 1525 1309 1579 sapiens
1336 1525 1390 1566 ad
1416 1540 1529 1567 rem-

96 1580 308 1636 publicam
347 1580 560 1635 tuendam,
603 1580 705 1635 quid
736 1595 788 1621 eo
818 1582 952 1636 possit
990 1595 1079 1621 esse
1113 1582 1391 1635 praestantiUS,
1429 1597 1528 1623 cum

97 1636 301 1678 contineri
322 1636 542 1692 prudentia
561 1637 785 1678 utilitatem
813 1638 962 1678 civium
992 1646 1149 1687 cernat,
1173 1637 1342 1693 justitia
1360 1638 1465 1679 nihil
1486 1639 1528 1680 in

97 1708 217 1734 suam
247 1693 423 1734 domum
450 1693 547 1734 inde
576 1694 747 1744 derivet,
769 1694 938 1750 reliquis
969 1703 1110 1735 utatur
1130 1702 1194 1734 tot
1216 1703 1301 1734 tam
1324 1695 1530 1751 variisque

95 1750 319 1791 virtutibus
337 1751 351 1790 ἒ
396 1750 579 1806 adjunge
611 1751 795 1791 fructum
834 1750 1112 1792 amicitiarum
1136 1767 1145 1791 :
1189 1751 1231 1791 in
1266 1765 1352 1806 quo
1391 1752 1530 1793 doctis

98 1806 285 1862 positum
307 1816 373 1848 est
392 1821 489 1848 cum
510 1807 730 1848 consilium
758 1808 896 1848 omnis
916 1808 1024 1857 vitae,
1046 1808 1326 1858 consentiens,
1349 1818 1391 1850 et
1411 1823 1531 1864 paene

98 1863 356 1918 conspirans,
376 1872 467 1904 tum
499 1878 665 1904 summa
688 1864 933 1919 jucunditas
953 1879 975 1905 e
997 1864 1243 1919 quotidiano
1263 1864 1385 1906 cultu
1405 1874 1532 1921 atque

99 1919 226 1960 victu.
287 1928 325 1953 92
342 1919 457 1975 Quid
492 1919 583 1960 haec
614 1920 780 1961 tandem
808 1921 890 1961 vita
912 1920 1133 1971 desiderat,
1153 1936 1239 1976 quo
1262 1921 1315 1962 sit
1334 1922 1496 1963 beatior
1515 1924 1529 1962 ?

99 1976 169 2017 cui
197 1975 256 2016 rei
280 1977 441 2017 refertae
469 1984 534 2017 tot
560 1976 770 2032 tantisque
794 1977 974 2032 gaudiis,
995 1978 1164 2018 fortuna
1192 1978 1283 2033 ipsa
1311 1978 1434 2020 cedat
1460 1993 1531 2019 ne-

98 2045 215 2073 cesse
235 2042 311 2073 est.
359 2032 489 2089 Quod
510 2033 544 2074 si
563 2033 748 2088 gaudere
773 2033 927 2074 talibus
947 2035 1070 2075 bonis
1090 2035 1232 2085 animi,
1249 2033 1291 2075 id
1312 2044 1389 2086 est,
1406 2036 1533 2076 virtu-

100 2088 227 2139 tibus,
249 2090 419 2130 beatum
441 2098 517 2139 est,
540 2098 769 2145 omnesque
801 2091 1006 2145 sapientes
1040 2091 1089 2131 iis
1119 2091 1285 2146 gaudiis
1306 2093 1531 2147 perfruun-

100 2154 193 2187 tur:
225 2160 372 2187 omnes
394 2160 466 2187 eos
488 2146 677 2186 confiteri
699 2148 843 2187 beatos
865 2161 972 2196 esse,
991 2162 1160 2188 necesse
1182 2157 1260 2188 est.

158 2203 214 2243 A.
242 2203 435 2244 Etiamne
458 2202 499 2243 in
522 2202 709 2244 cruciatu
730 2212 855 2258 atque
876 2204 1095 2245 tormentis
1116 2206 1128 2244 ?
1162 2205 1229 2245 M.
1251 2212 1289 2239 93
1306 2205 1377 2245 An
1395 2213 1443 2245 tu
1465 2218 1533 2245 me
1546 2196 1616 2251 26

100 2258 141 2299 in
163 2259 272 2300 viola
292 2260 486 2315 putabas,
507 2268 580 2300 aut
600 2259 641 2300 in
663 2274 757 2301 rosa
777 2260 915 2300 dicere
935 2277 943 2300 :
966 2275 1016 2300 an
1040 2260 1238 2315 Epicuro,
1256 2261 1328 2316 qui
1345 2270 1531 2302 tantum-
1545 2277 1593 2317 73

143 2386 184 2411 90
206 2379 291 2408 insat.
313 2378 419 2418 gaudio
442 2377 610 2417 completur]
629 2377 794 2406 insatiabile
837 2377 1009 2416 legendum
1034 2377 1200 2407 desideret?
1223 2388 1299 2409 mox
1321 2378 1353 2408 in
1372 2378 1418 2407 cui
1433 2379 1475 2407 rei
1491 2391 1536 2408 re-

98 2421 237 2460 gaudium
266 2428 323 2457 est,
350 2422 444 2458 cujus
474 2431 643 2460 nunquam
670 2422 793 2451 satietas
825 2421 935 2461 fertae,
959 2421 1131 2451 delendum
1158 2421 1209 2450 rei.
1236 2423 1388 2460 abestque
1411 2431 1429 2450 a
1454 2422 1534 2452 Mss.

101 2465 197 2493 venit.
210 2473 241 2494 v.
259 2464 347 2494 Clav.
373 2465 450 2494 Mss.
467 2471 497 2493 et
512 2465 581 2494 edd.
598 2465 660 2493 fere
676 2465 795 2494 habent
838 2464 1042 2503 quibusdam.
1067 2465 1112 2493 cui
1128 2465 1261 2504 pertinet
1277 2465 1315 2494 ad
1330 2464 1418 2494 vitae.

102 2504 296 2545 compleatur.-
318 2508 403 2546 quod
427 2507 452 2537 si
478 2517 588 2537 verum
613 2514 671 2542 est,
690 2508 794 2537 referri
883 2513 920 2539 93
945 2507 994 2535 An
1018 2514 1048 2535 tu
1072 2519 1115 2536 me
1138 2508 1168 2536 in
1191 2507 1272 2536 viola
1291 2506 1428 2546 putabas]
1449 2507 1480 2537 Si
1497 2508 1548 2538 ad-

101 2550 193 2578 debet
210 2556 312 2579 totum
334 2551 395 2580 hoc
410 2551 449 2580 ad
464 2550 598 2580 verbum
614 2551 796 2589 praecipien-
839 2550 1069 2589 praecedentem
1113 2551 1361 2590 disputationem
1407 2551 1538 2581 refertur

102 2593 133 2622 di
148 2604 155 2621 ε
178 2593 232 2622 sed
248 2593 362 2623 melius
377 2600 423 2623 est
442 2593 559 2622 Davisii
577 2592 743 2632 completur,
762 2601 797 2622 ut
839 2595 913 2629 hoc,
931 2593 1012 2622 bene
1028 2593 1124 2622 habet
1133 2593 1260 2632 putabas
1278 2593 1382 2630 dicere,
1397 2603 1442 2624 sc.
1458 2603 1535 2623 curn

101 2635 188 2665 solus
204 2636 333 2665 effeetus
354 2637 547 2675 exprimatur
563 2636 648 2666 illius
664 2637 797 2675 cogniti·
839 2636 998 2672 dicebam,
1014 2643 1114 2675 tuque
1131 2646 1183 2666 me
1200 2637 1258 2667 ista
1271 2637 1432 2666 dicentem
1449 2637 1537 2666 audi-

102 2678 182 2708 onis.
840 2679 912 2708 ebas
931 2690 937 2707 :
975 2680 1024 2709 sin
1055 2680 1176 2716 minus,
1211 2686 1299 2718 putas
1329 2679 1536 2718 praetulerim,

148 2728 183 2753 91
210 2721 286 2762 quod
308 2721 338 2749 in
364 2720 448 2749 malis
472 2720 623 2761 ultimum]
648 2722 796 2751 Davisius
839 2722 926 2760 quod
947 2722 1103 2752 Lambino
1123 2722 1279 2762 placebat,
1296 2723 1350 2762 qui
1367 2723 1456 2752 etsie
1472 2722 1537 2751 edi-

124 2763 175 2791 uid
188 2764 321 2794 correxit
336 2770 444 2793 contra
458 2763 564 2801 libros,
577 2765 630 2794 sed
647 2766 677 2794 id
689 2771 797 2804 postu·
839 2766 884 2794 dit
899 2774 917 2794 e
933 2765 1012 2795 Mss.
1030 2772 1065 2795 ut
1081 2772 1112 2795 et
1132 2765 1291 2795 Davisius.
1315 2766 1360 2795 sic
1382 2771 1428 2794 est
1450 2771 1480 2793 et
1503 2765 1536 2793 in

119 2812 148 2835 at
163 2806 236 2846 quid
248 2807 296 2842 sit,
314 2807 346 2836 in
363 2806 508 2836 membro
522 2808 682 2846 superiori.
840 2808 905 2838 Ms.
923 2808 1030 2838 Guelf.
1046 2815 1077 2838 et
1092 2809 1124 2837 in
1137 2808 1207 2838 edd.
1219 2808 1412 2848 quibusdam
1427 2807 1537 2837 veteri·

149 2854 186 2879 9‘2
214 2848 293 2878 Quid
315 2849 375 2878 baer
399 2849 467 2878 vita
491 2848 646 2889 desiderat]
666 2850 797 2881 Videtur
840 2851 901 2880 bu!
917 2858 953 2881 ut
966 2852 1088 2887 Juntae,
1104 2850 1189 2881 Aldi-
