1768 3095
246 111 272 146 6
588 107 856 146 ACADEM.
887 106 1330 146 QUAESTIONUM

245 216 408 258 Latinis
440 216 588 258 litteris
619 215 853 264 illustrare;
884 228 1044 270 quaero,
1075 213 1176 269 quid
1204 214 1271 265 sit,
1297 228 1386 265 cur,
1413 227 1512 255 cum
1542 213 1677 257 multa

244 273 415 323 scribas,
434 287 569 328 genus
589 272 670 313 hoc
692 270 1002 328 praetermittam,
1022 271 1253 325 praesertim
1273 285 1371 312 cum
1391 279 1434 311 et
1452 271 1542 326 ipse
1559 271 1602 312 in
1622 286 1675 313 eo

243 330 439 380 excellas,
461 338 504 370 et
520 329 564 370 id
582 329 768 370 studium
789 336 964 384 totaque
985 341 1034 367 ea
1055 341 1117 368 res
1137 327 1265 384 longe
1282 327 1430 368 ceteris
1449 337 1493 368 et
1510 327 1675 380 studiis,

243 395 289 428 et
307 386 466 428 artibus
486 385 718 427 antecedat.

197 447 228 487 2
298 444 409 484 Tum
431 442 516 493 ille,
540 443 642 483 Rem
665 457 689 482 a
710 455 777 481 me
798 454 909 495 saepe
934 439 1221 490 deliberatam,
1253 449 1296 481 et
1326 439 1509 482 multum
1537 441 1675 496 agita-

204 508 331 547 4tam
370 499 557 555 requiris.
619 499 766 554 Itaque
806 511 888 537 non
928 497 1139 547 haesitans,
1178 496 1468 551 respondebo:
1514 498 1587 539 sed
1624 512 1675 540 ea

239 555 394 607 dicam,
415 571 510 612 quae
533 554 638 596 mihi
668 563 765 595 sunt
789 553 831 594 in
857 564 1029 608 promtu
1047 570 1056 593 ε
1087 552 1201 609 quod
1221 553 1300 593 ista
1316 553 1405 608 ipsa
1423 553 1476 594 de
1496 569 1540 595 re
1561 555 1675 596 mul-

240 623 348 664 tum,
370 621 418 654 ut
435 612 534 663 dixi,
554 622 598 653 et
617 610 690 652 diu
709 609 907 666 cogitavi.
966 611 1079 650 Nam
1100 624 1199 650 cum
1219 609 1530 666 philosophiam
1557 611 1673 653 vide-

239 683 327 711 rem
376 667 696 724 diligentissime
733 665 1076 708 Graecisditteris
1121 666 1387 722 explicatam,
1425 667 1672 720 existimavi,

241 735 280 760 10
294 727 328 768 si
356 726 429 782 qui
461 725 512 766 de
543 725 694 766 nostris
725 724 815 779 ejus
845 723 986 765 studio
1015 732 1269 774 tenerentur,
1289 722 1322 763 si
1352 733 1492 766 essent
1505 724 1673 766 'Graecis

237 782 439 825 doctrinis
459 781 626 833 eruditi,
647 781 799 822 Graeca
818 780 973 836 potiuS,
995 793 1122 835 quam
1153 790 1295 821 nostra
1324 779 1509 821 lecturos
1526 797 1535 821 ε
1564 780 1627 822 sin
1647 795 1674 822 a

238 840 488 881 Graecorum
507 838 681 889 artibus,
700 847 743 879 et
761 836 990 893 disciplinis
1014 845 1048 868 11
1067 837 1355 887 abhorrerent,
1379 851 1430 877 ne
1455 836 1547 879 baec
1577 837 1673 894 qui-

237 895 336 937 dem
355 905 588 946 curaturos,
609 909 703 951 quae
724 894 810 935 sine
834 893 1069 935 eruditione
1090 893 1242 934 Graeca
1269 892 1448 948 intelligi
1468 908 1553 935 non
1571 908 1672 950 pos-

237 961 363 994 sunt:
395 953 535 1008 itaque
568 966 617 992 ea
647 950 763 992 nolui
797 950 992 1001 scribere,
1021 965 1114 1006 quae
1141 964 1216 991 nec
1248 949 1408 991 indocti
1436 950 1673 1007 intelligere

200 1018 424 1065 5possent,
454 1023 531 1050 nec
561 1008 678 1049 docti
705 1008 845 1063 legere
875 1016 1082 1048 curarent.
1143 1016 1179 1039 12
1195 1007 1326 1048 Vides
1355 1015 1497 1048 autem
1522 1008 1672 1049 eadem

236 1067 339 1121 ipse.
371 1065 554 1108 didicisti
583 1065 695 1106 enim
725 1079 808 1105 non
835 1078 958 1119 posse
986 1078 1062 1105 nos
1091 1064 1322 1115 Amafanii,
1342 1074 1416 1105 aut
1438 1064 1596 1106 Rabirii
1614 1064 1672 1106 si-

236 1124 357 1164 miles
377 1137 481 1173 esse,
502 1122 589 1178 qui,
611 1121 727 1162 nulla
745 1130 834 1162 arte
852 1120 1056 1171 adhibita,
1076 1120 1129 1161 de
1149 1121 1272 1162 rebus
1303 1128 1399 1162 ante
1428 1121 1575 1162 oculos
1594 1135 1672 1177 po-

236 1180 324 1221 sitis
354 1179 516 1235 vulgari
539 1192 731 1220 sermone
761 1177 1004 1233 disputant:
1037 1177 1139 1219 nihil
1170 1177 1388 1228 definiunt,
1413 1176 1517 1218 nihil
1541 1178 1671 1233 parti-

236 1246 379 1287 untur,
417 1244 452 1268 1³
473 1236 576 1277 nihil
610 1244 708 1291 apta
738 1234 1066 1289 interrogatione
1101 1233 1375 1284 concludunt,
1409 1233 1567 1275 nullam
1595 1235 1671 1276 de-

237 1293 363 1349 nique
384 1302 516 1334 artem
538 1306 626 1333 esse
647 1306 722 1332 nec
753 1290 931 1340 dicendi,
954 1304 1029 1331 nec
1051 1290 1279 1331 disserendi
1304 1298 1469 1344 putant.
1499 1305 1575 1331 nos
1594 1305 1671 1332 au-

126 1373 156 1402 p.
174 1358 322 1393 ⁴sotem
355 1349 578 1405 praeceptis
607 1347 943 1396 dialecticorum,
974 1355 1016 1386 et
1043 1356 1258 1387 oratorum
1290 1345 1415 1386 etiam
1453 1348 1670 1402 (quoniam

195 1415 223 1435 a.
236 1415 459 1461 utramque
485 1405 583 1455 vim,
616 1404 810 1444 virtutem
843 1417 932 1443 esse
965 1403 1095 1443 nostri
1128 1404 1294 1457 putant)
1317 1403 1376 1443 sic
1395 1411 1602 1457 parentes,
1622 1414 1672 1446 ut

233 1462 415 1518 legibus,
450 1470 488 1494 14
512 1461 662 1510 verbis,
697 1474 952 1515 quamquam
987 1458 1117 1508 novis,
1149 1458 1344 1513 cogimur
1377 1459 1470 1500 uti:
1515 1468 1551 1492 1⁵
1573 1475 1669 1516 quae

231 1518 347 1560 docti
369 1521 433 1571 (ut
466 1517 567 1569 dixi)
592 1532 617 1557 a
647 1516 808 1557 Graecis
839 1525 979 1570 petere
1010 1515 1182 1566 malent,
1213 1514 1373 1556 indocti
1407 1529 1458 1556 ne
1491 1530 1516 1557 a
1547 1517 1669 1558 nobis

193 1575 403 1632 5quidem
424 1574 658 1630 accipient:
690 1581 738 1614 ut
758 1573 911 1613 frustra
939 1571 1075 1613 omnis
1105 1571 1357 1626 suscipiatur
1376 1571 1510 1613 labor.
1570 1574 1668 1615 Jam

229 1645 327 1673 vero
347 1631 537 1688 physica,
558 1630 591 1670 si
611 1630 839 1685 Epicurum
846 1659 858 1678 ‚
880 1628 921 1670 id
941 1638 1019 1678 est,
1041 1628 1074 1668 si
1100 1628 1396 1669 Democritum
1427 1629 1667 1684 probarem,

231 1702 401 1744 possem
418 1687 599 1729 scribere
620 1686 678 1727 ita
695 1686 833 1741 plane,
853 1694 902 1726 ut
920 1685 1182 1726 Amafanius.
1205 1684 1307 1740 quid
1327 1694 1390 1726 est
1409 1685 1519 1727 enim
1542 1701 1669 1744 mag-

230 1759 349 1796 num,
383 1759 483 1786 cum
517 1750 554 1776 16
571 1757 717 1784 causas
747 1757 885 1783 rerum
917 1741 1188 1782 efficientium
1223 1742 1454 1793 sustuleris,
1485 1742 1538 1784 de
1569 1758 1666 1785 cor-

230 1801 503 1856 pusculorum
533 1801 607 1854 (ita
636 1800 745 1840 enim
778 1797 962 1855 appellat
989 1799 1170 1851 atomos)
1195 1798 1470 1839 concursione
1490 1799 1668 1843 fortuita

228 1858 375 1914 loqui?
409 1867 552 1899 nostra
579 1867 626 1898 tu
655 1856 831 1912 physica
862 1855 987 1904 nosti,
1010 1863 1045 1891 ¹7
1062 1870 1156 1910 quae
1181 1855 1477 1897 contineantur
1495 1870 1545 1897 ex
1563 1857 1666 1898 effe·

228 1914 384 1966 ctione,
424 1923 469 1956 et
504 1929 554 1955 ex
589 1913 763 1954 materia
797 1927 859 1963 ea,
893 1927 1019 1968 quam
1050 1911 1185 1967 fingit,
1219 1921 1262 1953 et
1295 1911 1450 1953 format
1483 1913 1666 1958 effectio,

274 2034 313 2058 10
329 2028 354 2056 si
369 2027 467 2069 quide
482 2025 601 2068 nostris]
622 2027 711 2056 Forte
732 2027 757 2055 si
781 2028 855 2062 hoc,
872 2032 927 2056 aut
1016 2032 1052 2056 14
1077 2025 1188 2061 verbis,
1216 2036 1391 2067 quamquam
1415 2025 1511 2062 novis,
1537 2026 1667 2067 cogimur

227 2070 365 2101 alterum
379 2071 409 2100 in
426 2070 450 2099 si
464 2076 553 2100 essent
569 2071 736 2100 insititium
752 2076 808 2099 est.
969 2068 1026 2106 uti}
1061 2068 1099 2098 In
1130 2069 1178 2098 his
1207 2077 1331 2107 semper
1360 2069 1456 2098 haesi:
1486 2078 1546 2099 nec
1574 2071 1664 2102 enim

274 2121 309 2144 11
328 2112 528 2154 abhorrerent]
547 2113 621 2143 Non
646 2113 786 2142 dubitavi
808 2113 854 2143 sic
881 2121 926 2142 re·
969 2112 1180 2141 commodum
1196 2120 1327 2142 sensum
1344 2111 1473 2142 habent.
1495 2112 1666 2145 difficultas

228 2165 343 2196 ponere
367 2166 444 2186 cum
470 2156 599 2187 Davisio
626 2166 680 2195 pro
706 2155 866 2184 abhorrent.
894 2161 925 2185 et
966 2161 1012 2184 est
1042 2155 1074 2184 in
1105 2164 1291 2196 quamquam.
1336 2153 1431 2184 Venit
1457 2155 1489 2184 in
1520 2163 1665 2189 mentem

227 2199 272 2229 sic
287 2206 333 2229 est
352 2200 384 2230 in
408 2199 476 2229 edd.
493 2206 568 2229 vett.
592 2208 668 2229 nam
691 2198 735 2228 sic
760 2198 924 2238 respondet
965 2207 1098 2238 quoque:
1122 2196 1270 2227 Davisius
1289 2196 1426 2235 conjecit
1448 2207 1664 2242 nonnunquam,

226 2243 377 2281 superiori
390 2242 415 2271 si
431 2248 519 2271 essent
537 2242 578 2272 G.
595 2242 623 2272 d.
642 2241 760 2271 eruditi.
964 2241 1051 2279 quod
1067 2240 1181 2279 recepit
1194 2239 1406 2270 Alemannus.

274 2292 310 2316 12
338 2284 423 2316 Vm'es
450 2290 643 2314 autem—non
658 2291 740 2323 posse
764 2295 811 2313 nos
841 2282 919 2324 &c.]

228 2328 308 2358 Haee
325 2338 390 2359 non
405 2328 477 2358 satis
492 2337 568 2357 sana
583 2334 669 2358 sunt.
694 2327 841 2357 Davisius
857 2336 923 2357 non

228 2371 312 2400 male
328 2371 470 2410 corrigit:
499 2370 583 2400 Vates
604 2377 700 2399 autem
717 2369 826 2411 (cadem
847 2369 922 2398 enim

227 2413 286 2453 ipse
300 2413 440 2451 didicisti)
455 2424 508 2442 non
518 2419 598 2452 posse
613 2424 671 2442 nos.

274 2462 309 2486 13
328 2456 403 2485 nihil
416 2462 485 2495 apta
503 2455 721 2495 interrogatione
735 2451 920 2494 concludunt]

227 2499 282 2529 Ed.
308 2499 388 2528 Ven.
411 2505 524 2537 ‹noe-rto,
551 2499 644 2528 male.
668 2504 739 2537 apta
762 2497 923 2536 interroga-

226 2541 278 2576 tio,
294 2542 318 2571 si
336 2541 428 2571 lectio
443 2542 573 2578 quidem
589 2551 665 2571 sana
687 2548 744 2577 est,
761 2546 807 2570 est
822 2540 853 2569 in
870 2549 923 2579 ge-

226 2585 353 2614 neribus
383 2585 624 2623 argumentandi
662 2593 716 2622 per
753 2584 922 2622 interroga-

225 2627 360 2664 tionem,
378 2634 412 2657 ut
429 2627 464 2656 fit
481 2627 512 2656 in
534 2627 793 2666 enthymematis.
838 2626 922 2655 Con-

220 2669 282 2707 jeci
299 2670 376 2700 olim
393 2676 464 2708 apta
480 2669 589 2698 ratione
611 2668 697 2699 roncl.
723 2677 758 2699 ut
781 2668 854 2699 alibi
876 2669 922 2698 di—

223 2713 265 2742 cit
289 2713 408 2743 Cicem.
426 2722 501 2743 nam
527 2712 690 2742 conclusio
714 2722 767 2751 per
790 2713 918 2742 interro-

221 2755 381 2791 gationcm
399 2755 559 2795 angustior
574 2762 631 2791 est,
648 2765 745 2793 quam
770 2764 824 2794 pro
847 2754 918 2784 loco

223 2800 295 2835 hoc,
313 2799 366 2830 ubi
383 2799 581 2829 dc-universo
598 2808 709 2837 genere
731 2798 816 2838 loqui
835 2798 918 2828 vide—

224 2849 283 2871 rur.

1011 2290 1047 2313 15
1064 2293 1130 2323 quae
1145 2282 1220 2311 docti
1242 2281 1367 2323 malent]
1386 2281 1494 2313 malent
1514 2284 1586 2315 dedi
1609 2295 1665 2326 pm

966 2325 1094 2364 vulgato
1121 2323 1252 2361 mallent,
1279 2332 1316 2355 ut
1337 2332 1383 2355 est
1406 2335 1435 2357 c.
1459 2332 1489 2357 3.
1513 2327 1568 2358 ubi
1593 2329 1664 2360 haec

964 2368 1121 2398 sententia
1142 2369 1307 2407 repetitur:
1333 2375 1385 2397 aut
1406 2369 1480 2398 enim
1499 2370 1608 2401 Graeca
1623 2372 1665 2401 le-

962 2421 1031 2449 gere
1054 2409 1161 2440 malent
1174 2422 1183 2440 :
1216 2418 1286 2441 tum
1314 2421 1391 2441 mox
1421 2422 1477 2451 pro
1502 2413 1662 2454 accipiunt,

966 2453 1137 2493 legendum
1160 2454 1312 2494 accipient.
1336 2455 1392 2485 Ed.
1408 2455 1489 2486 Ven.
1505 2457 1594 2488 hunc
1613 2467 1663 2488 or-

965 2497 1074 2526 dinem
1099 2497 1172 2527 facit
1194 2496 1301 2526 indocti
1323 2509 1341 2526 a
1363 2497 1439 2528 nobis
1462 2510 1496 2529 ne
1516 2500 1664 2540 accipiunt

965 2539 1092 2581 quidem.

1011 2587 1049 2613 16
1073 2592 1172 2611 causat
1196 2592 1291 2611 rerum
1313 2581 1508 2624 effi‘cientium]
1533 2585 1662 2616 Lambi-

966 2634 1026 2655 nus
1057 2624 1182 2664 corrigit
1215 2624 1374 2666 efficiemcs.
1420 2626 1597 2667 Vulgarum
1634 2630 1660 2659 si

965 2678 1075 2698 verum
1093 2675 1150 2703 est,
1166 2677 1276 2698 sensus
1288 2676 1345 2706 est,
1361 2678 1483 2708 causas,
1496 2680 1570 2710 quae
1583 2678 1661 2702 sunt

963 2711 994 2740 in
1007 2711 1100 2741 rebus
1116 2711 1337 2742 efficientibus.

1006 2760 1041 2788 17
1060 2764 1125 2794 quae
1140 2753 1349 2793 contineantur]
1369 2756 1514 2786 Davisius
1530 2765 1546 2786 e
1557 2756 1658 2787 MSS.

960 2797 1083 2826 duobus
1111 2796 1226 2827 addidit
1252 2808 1315 2826 cum
1329 2809 1339 2825 .-
1361 2800 1414 2829 sed
1439 2800 1480 2829 ita
1502 2800 1600 2830 oratio
1622 2799 1660 2831 fit

960 2839 1166 2871 ἀιακόλου-Ἷες.
