1768 3095
235 99 311 132 150
523 94 596 132 DE
624 93 780 132 FINIB.
800 93 1001 132 BONOR.
1023 94 1090 131 ET
1118 92 1327 131 MALOR.

231 200 275 242 in
294 207 518 258 utramque
537 210 698 257 partem
720 202 779 243 ita
795 202 908 257 paria
923 201 1156 253 redderent,
1176 210 1217 235 20
1231 200 1425 253 utinulla
1441 199 1665 242 selectione

173 263 219 295 13
234 266 452 299 uterentur
481 260 587 314 ejus,
608 259 804 300 virtutem
840 259 977 314 ipsam
1006 258 1279 300 sustulerunt.
1341 256 1461 299 Istud
1480 256 1665 320 quidem,

231 313 419 369 inquam,
457 315 617 371 optime
655 315 787 357 dicis:
831 315 903 357 sed
938 330 1098 371 quaero,
1135 329 1274 356 nonne
1314 314 1389 364 tibi
1426 312 1661 354 famendum

233 371 397 412 21idem
431 371 498 422 sit,
533 371 635 412 nihil
670 371 825 414 dicenti
856 372 1032 422 bonum,
1065 371 1179 427 quod
1214 386 1300 423 non
1323 379 1507 418 rectum,
1533 369 1667 410 hone-

232 436 430 483 stumque
450 428 518 479 sit,
539 427 791 484 reliquarum
816 443 962 469 *rerum
994 428 1218 479 discrimen
1246 441 1370 479 omne
1390 425 1587 467 tollenti?
1621 425 1666 467 Si

171 490 220 523 14
232 484 417 542 quidem,
439 484 590 540 inquit,
608 484 801 526 tollerem
821 501 829 524 ε
861 484 933 524 sed
954 484 1159 539 relinquo.
1218 485 1417 540 Quonam
1439 481 1584 532 modo,
1603 482 1668 523 in-

232 555 374 597 quam,
395 541 430 582 si
451 555 534 581 una
552 541 694 591 virtus,
708 555 839 581 unum
857 540 985 589 istud,
1003 540 1118 595 quod
1134 540 1358 581 honestum
1380 538 1579 594 appellas,
1601 552 1665 579 re-

231 607 366 648 ctum,
386 597 611 647 laudabile,
630 596 833 637 decorum
867 596 960 649 (erit
991 596 1104 637 enim
1137 597 1276 637 notius
1307 596 1429 652 quale
1448 596 1515 645 sit,
1536 594 1667 650 pluri-

230 655 310 696 bus
331 663 524 695 notatum
544 653 758 694 vocabulis
788 651 899 693 idem
930 651 1323 705 declarantibus)rid
1342 667 1459 707 ergo,
1479 652 1667 707 inquam,

231 712 266 752 si
296 711 433 753 solum
467 719 531 752 est
561 710 738 759 bonum,
759 708 859 765 quid
880 709 1055 750 habebis
1083 717 1299 764 praeterea,
1319 708 1436 763 quod
1458 721 1631 763 sequare
1650 708 1663 746 ?

229 776 318 817 aut,
339 768 373 808 si
395 766 499 808 nihil
518 766 693 816 malum,
714 766 792 807 nisi
810 765 925 821 quod
942 775 1078 820 turpe,
1099 764 1385 815 inhonestum,
1404 764 1667 814 indecorum,

229 838 418 880 pravum,
439 822 714 878 flagitiosum,
736 821 913 871 foedum,
934 831 983 864 ut
1001 821 1084 863 hoc
1114 836 1285 878 quoque
1315 820 1504 876 pluribus
1531 819 1668 861 nomi-

231 880 354 921 nibus
389 879 553 935 insigne
587 879 820 921 f'aciamus:
851 877 953 934 quid
988 887 1190 934 praeterea
1224 877 1338 919 dices
1374 891 1464 918 esse
1499 877 1666 931 fugien-

233 936 335 978 dum
353 938 367 977 ?
399 938 502 978 Non
523 935 748 991 ignoranti,
769 935 920 992 inquit,
939 935 1032 987 tibi,
1051 934 1152 991 quid
1172 934 1251 975 sim
1276 934 1479 984 dicturus,
1498 933 1571 980 sed
1591 933 1666 973 ali-

124 994 156 1025 P·
170 989 350 1057 ⁹}quid,
373 1003 419 1034 ut
437 1007 520 1049 ego
542 993 746 1048 suspicor,
766 1006 817 1033 ex
846 1006 941 1033 mea
968 992 1083 1033 brevi
1104 991 1372 1046 responsione
1393 990 1573 1044 arripere
1591 1004 1666 1030 eu-

213 1050 220 1056 '
230 1050 378 1106 pienti,
414 1064 499 1091 non
530 1048 795 1104 respondebo
828 1048 881 1090 ad
912 1048 1103 1104 singula:
1136 1047 1355 1102 explicabo
1385 1046 1542 1102 potius,
1563 1060 1670 1101 quo-

229 1107 343 1148 niam
360 1107 487 1148 otiosi
508 1120 669 1156 sumus,
690 1106 767 1146 nisi
797 1105 980 1146 alienum
1011 1113 1149 1159 putas,
1173 1112 1306 1145 totam
1333 1103 1532 1153 Zenonis,
1553 1102 1666 1142 Stoi-

227 1177 462 1219 corumque
495 1163 760 1203 sententiam.
820 1161 1002 1202 Minime
1036 1161 1078 1203 id
1113 1159 1298 1216 quidem,
1339 1161 1525 1214 inquam,
1565 1158 1666 1198 alie-

227 1235 358 1261 num:
389 1219 662 1274 multumque
691 1218 746 1258 ad
776 1233 839 1268 ea,
861 1233 955 1273 quae
985 1217 1230 1272 quaerimUS,
1257 1215 1480 1271 explicatio
1501 1222 1574 1256 tua
1589 1214 1669 1256 ista

225 1276 466 1334 profecerit.
525 1275 802 1329 Experiamur
831 1274 977 1329 igitur,
1002 1274 1154 1329 inquit,
1174 1273 1254 1314 etsi
1284 1272 1412 1313 habet
1441 1271 1531 1312 haec
1553 1271 1667 1312 Stoi-

226 1348 374 1374 corum
407 1331 512 1373 ratio
544 1330 753 1372 difficilius
783 1330 1004 1386 quiddam,
1025 1339 1069 1371 et
1100 1329 1334 1371 obscurius.
1367 1343 1463 1369 nam
1496 1342 1594 1368 cum
1624 1328 1667 1369 in

228 1390 384 1431 Graeco
419 1402 614 1429 sermone
646 1387 737 1428 haec
768 1387 858 1442 ipsa
891 1386 1106 1442 quondam
1139 1395 1178 1418 22
1197 1399 1338 1427 rerum
1365 1383 1536 1426 nomina
1561 1399 1668 1426 nova

227 1454 319 1488 tum
339 1445 602 1495 videbantur,
623 1459 716 1499 quae
749 1458 859 1484 nunc
890 1442 1153 1484 consuetudo
1175 1442 1372 1489 diuturna
1391 1441 1503 1482 trivit
1521 1457 1530 1481 z
1562 1440 1666 1496 quid

169 1504 213 1534 15
227 1516 373 1544 censes
392 1502 434 1544 in
455 1501 610 1543 Latino
632 1501 722 1542 fore
741 1501 753 1540 ?
789 1508 826 1532 2³
846 1499 1101 1542 Faciendum
1120 1499 1162 1540 id
1181 1498 1350 1554 quidem
1379 1507 1457 1547 est,
1477 1496 1664 1553 inquam.

226 1559 260 1600 si
290 1559 401 1600 enim
429 1558 593 1599 Zenoni
624 1557 758 1606 licuit,
792 1571 890 1597 cum
922 1570 1012 1598 rem
1042 1556 1226 1611 aliquam
1249 1554 1471 1596 invenisset
1491 1552 1665 1594 inusita-

225 1624 329 1666 tam,
350 1615 584 1657 inauditum
616 1627 786 1670 quoque
814 1613 853 1657 ei
883 1613 941 1653 rei
972 1627 1128 1653 nomen
1161 1612 1395 1667 imponere,
1416 1625 1491 1651 cur
1511 1624 1596 1651 non
1616 1610 1667 1652 li-

224 1681 319 1713 ceat
353 1671 539 1713 Catoni?
573 1685 649 1712 nec
682 1679 824 1710 tamen
857 1669 1035 1725 exprimi
1065 1669 1237 1710 verbum
1273 1681 1295 1707 e
1331 1666 1459 1707 verbo
1497 1681 1667 1709 neeesse

225 1729 319 1779 erit,
351 1737 400 1769 ut
434 1727 682 1782 interpretes
721 1725 910 1767 indiserti
947 1725 1098 1775 solent,
1135 1740 1233 1765 cum
1273 1723 1325 1764 sit
1355 1723 1544 1773 verbum,
1579 1737 1664 1779 quo

226 1784 339 1825 idem
370 1783 569 1834 declaret,
597 1782 732 1838 magis
763 1782 980 1823 usitatum.
1011 1797 1034 1822 e
1067 1781 1208 1822 uidem
1240 1780 1357 1820 soleo
1387 1779 1530 1829 etiam,
1550 1779 1666 1834 quod

225 1856 312 1889 uno
334 1840 489 1890 Graeci,
511 1841 544 1881 si
565 1839 684 1880 aliter
705 1853 786 1879 non
808 1853 997 1894 possum,
1017 1797 1131 1879 idem
1162 1836 1351 1892 pluribus
1381 1836 1513 1876 verbis
1535 1850 1666 1891 expo-

224 1912 345 1939 nere:
377 1907 420 1939 et
441 1907 581 1938 tamen
601 1905 707 1952 puto
727 1895 904 1936 concedi
926 1895 1046 1935 nobis
1067 1902 1276 1949 oportere,
1295 1901 1343 1934 ut
1362 1893 1516 1933 Graeco
1537 1892 1664 1934 verbo

226 1962 410 2005 utamur,
432 1954 466 2001 si
495 1952 663 2009 quando
691 1952 829 1992 minus
861 1960 1053 1993 occurret
1086 1951 1302 2000 Latinum,
1321 1963 1373 1990 ne
1402 1949 1485 1990 hoc
1513 1948 1664 2005 ephip-

226 2011 321 2066 piis,
342 2020 385 2052 et
405 2009 695 2064 acratophoris
725 2009 880 2063 potius,
899 2023 1027 2064 quam
1058 2007 1342 2063 proegmenis,
1362 2015 1405 2046 et
1424 2019 1665 2061 apoproeg-

228 2068 377 2118 menis,
397 2066 669 2108 concedatur.
699 2079 954 2121 quamquam
977 2065 1068 2105 haec
1099 2063 1267 2119 quidem
1299 2061 1525 2118 praeposita
1553 2070 1666 2104 recte

171 2122 220 2160 16
231 2132 274 2165 et
293 2124 448 2180 rejecta
478 2123 616 2163 dicere
646 2121 803 2162 licebit.
863 2122 979 2162 Bene
1008 2121 1124 2170 facis,
1144 2119 1293 2176 inquit,
1314 2117 1428 2174 quod
1447 2132 1516 2158 me
1541 2117 1665 2174 adju-

229 2195 298 2222 vas
319 2198 327 2222 :
359 2189 400 2221 et
421 2180 508 2221 istis
531 2178 716 2235 quidem,
739 2193 833 2234 quae
865 2178 994 2219 modo
1028 2176 1182 2227 dixisti,
1205 2184 1298 2216 utar
1327 2175 1467 2230 potius
1489 2175 1663 2216 Latinis.

228 2237 272 2278 in
307 2237 455 2279 ceteris
487 2235 721 2285 subvenies,
747 2235 781 2275 si
813 2249 882 2275 me
913 2235 1140 2275 haerentem
1171 2232 1343 2273 videbis.
1403 2231 1576 2282 Sedulo,
1598 2232 1663 2272 in·-

229 2308 372 2349 quam,
410 2293 576 2335 faciam.
636 2291 720 2333 Sed
753 2289 923 2332 fortuna
956 2292 1100 2332 fortes.
1136 2303 1264 2344 quare
1299 2301 1465 2339 conare,
1503 2302 1663 2344 quaeso.

231 2359 269 2382 24
285 2350 387 2407 quid
406 2350 519 2391 enim
542 2349 624 2390 hoc
644 2362 870 2404 possumus
889 2361 1014 2403 agere
1032 2345 1208 2388 divinius
1224 2346 1244 2385 ?v

273 2494 314 2517 90
340 2484 384 2514 uti
408 2484 488 2514 nulla
513 2483 657 2514 selectione
680 2490 827 2512 uterentur
851 2479 924 2522 gius]
971 2482 1007 2511 In
1031 2482 1098 2512 edd.
1117 2491 1163 2520 pr.
1179 2490 1244 2510 non
1270 2485 1316 2510 est
1338 2489 1492 2516 novarum,
1517 2479 1571 2509 sed
1597 2485 1666 2509 tan-

228 2530 287 2570 ojus
308 2528 451 2558 alienum
468 2533 523 2557 est.
568 2528 715 2557 Davisius
737 2525 868 2563 conjicit
882 2525 926 2554 fa·
970 2530 1040 2554 tum
1051 2534 1128 2552 nova
1144 2530 1204 2553 tum
1219 2522 1284 2552 vid.
1301 2523 1406 2560 itaque
1420 2522 1534 2559 delevi,
1551 2528 1581 2552 et
1596 2523 1666 2552 dedi

228 2579 320 2602 ctum
337 2569 513 2611 efuudhus,
530 2571 615 2608 quod
630 2570 668 2599 ad
683 2568 847 2608 sequentia
860 2577 927 2607 per-
970 2577 1046 2596 nova
1062 2573 1133 2596 tum.
1149 2572 1217 2606 post
1233 2575 1288 2606 pro
1302 2576 1377 2595 nunc
1392 2566 1512 2596 eaedem
1527 2566 1597 2596 edd.
1609 2565 1665 2595 ha-

229 2616 336 2645 tineat.
366 2613 465 2643 Possis
480 2619 510 2642 et
526 2612 555 2640 hi
567 2623 646 2641 vero.
970 2609 1045 2639 bent
1061 2620 1119 2639 nec.

274 2665 310 2688 21
331 2657 404 2685 idem
420 2655 469 2691 sit,
487 2654 562 2683 nihil
578 2650 854 2691 dicenti—tollenti]
871 2653 925 2682 Est
1012 2657 1051 2682 23
1070 2650 1244 2681 Faciendum
1258 2650 1291 2679 id
1304 2650 1418 2691 quidem
1434 2648 1491 2690 est]
1511 2650 1563 2680 Sic
1579 2660 1666 2690 repo-

230 2702 331 2732 forma
348 2701 457 2730 Graeca
473 2708 528 2735 pro
544 2697 618 2726 idem
634 2708 668 2725 ac
682 2696 798 2725 dicenti.
823 2695 925 2726 Graeci
968 2695 1019 2725 sui
1034 2704 1072 2725 ex
1090 2695 1158 2725 edd.
1174 2703 1220 2733 pr.
1237 2703 1292 2733 pro
1307 2693 1435 2733 vulgato
1458 2700 1528 2733 post
1543 2692 1666 2723 Facilli-

228 2744 340 2778 dicunt
360 2743 407 2772 sie
430 2740 514 2772 αὐτὲς
538 2749 616 2771 eum
633 2741 750 2776 dativo,
765 2739 852 2778 quod
869 2739 926 2769 La-
970 2749 1058 2767 mum.

229 2787 287 2819 tini
303 2796 385 2825 saepe
401 2784 513 2814 imitati
528 2790 614 2813 sunt.
1013 2788 1053 2812 24
1070 2779 1143 2822 quid
1159 2778 1234 2808 enim
1250 2779 1298 2808 hoc
1321 2790 1406 2819 agere
1423 2785 1569 2818 possumus
1584 2778 1668 2807 divi·

231 2822 234 2831 ⁴
273 2837 312 2861 22
330 2839 423 2858 rerum
449 2826 562 2857 nomina
577 2836 719 2856 novarum
742 2835 818 2854 nova
840 2821 924 2864 vid]
969 2821 1049 2865 nius]
1080 2823 1230 2854 Nimium
1261 2822 1343 2852 mihi
1372 2822 1495 2853 videtur
1524 2821 1666 2863 divinius.
