<?xml version="1.0" encoding="UTF-8"?>
<!DOCTYPE html PUBLIC "-//W3C//DTD XHTML 1.0 Transitional//EN"
    "http://www.w3.org/TR/xhtml1/DTD/xhtml1-transitional.dtd">
<html xmlns="http://www.w3.org/1999/xhtml" xml:lang="en" lang="en">
 <head>
  <title>
</title>
<meta http-equiv="Content-Type" content="text/html;charset=utf-8" />
  <meta name='ocr-system' content='tesseract 3.04.00' />
  <meta name='ocr-capabilities' content='ocr_page ocr_carea ocr_par ocr_line ocrx_word'/>
</head>
<body>
  <div class='ocr_page' id='page_1' title='image "./p1operaomnia04ciceuoft_0056.png"; bbox 0 0 1768 3095; ppageno 0'>
   <div class='ocr_carea' id='block_1_1' title="bbox 236 56 1343 107">
    <p class='ocr_par' dir='ltr' id='par_1_1' title="bbox 236 56 1343 107">
     <span class='ocr_line' id='line_1_1' title="bbox 236 56 1343 107; baseline -0.002 0"><span class='ocrx_word' id='word_1_1' title='bbox 236 73 288 107; x_wconf 81' lang='lat'>48</span> <span class='ocrx_word' id='word_1_2' title='bbox 584 68 860 106; x_wconf 79' lang='lat' dir='ltr'>AcADEM.</span> <span class='ocrx_word' id='word_1_3' title='bbox 891 56 1343 106; x_wconf 70' lang='lat' dir='ltr'><strong>QUAESTIONUM</strong></span> 
     </span>
    </p>
   </div>
   <div class='ocr_carea' id='block_1_2' title="bbox 105 169 1679 1761">
    <p class='ocr_par' dir='ltr' id='par_1_2' title="bbox 157 169 1679 741">
     <span class='ocr_line' id='line_1_2' title="bbox 157 169 1679 231; baseline -0.002 -15"><span class='ocrx_word' id='word_1_4' title='bbox 157 177 222 225; x_wconf 79' lang='lat'>21</span> <span class='ocrx_word' id='word_1_5' title='bbox 240 174 423 231; x_wconf 80' lang='lat' dir='ltr'>primnm</span> <span class='ocrx_word' id='word_1_6' title='bbox 443 173 674 224; x_wconf 85' lang='lat' dir='ltr'>conclusio,</span> <span class='ocrx_word' id='word_1_7' title='bbox 694 187 820 229; x_wconf 89' lang='lat' dir='ltr'>quam</span> <span class='ocrx_word' id='word_1_8' title='bbox 850 172 1004 214; x_wconf 85' lang='lat' dir='ltr'>habeat</span> <span class='ocrx_word' id='word_1_9' title='bbox 1031 174 1128 224; x_wconf 86' lang='lat' dir='ltr'>vim,</span> <span class='ocrx_word' id='word_1_10' title='bbox 1148 172 1380 214; x_wconf 81' lang='lat' dir='ltr'>considera.</span> <span class='ocrx_word' id='word_1_11' title='bbox 1441 170 1485 212; x_wconf 89' lang='lat' dir='ltr'>Si</span> <span class='ocrx_word' id='word_1_12' title='bbox 1515 169 1591 213; x_wconf 91' lang='lat' dir='ltr'>ulli</span> <span class='ocrx_word' id='word_1_13' title='bbox 1619 171 1679 213; x_wconf 89' lang='lat' dir='ltr'>rei</span> 
     </span>
     <span class='ocr_line' id='line_1_3' title="bbox 239 227 1678 288; baseline -0.003 -15"><span class='ocrx_word' id='word_1_14' title='bbox 239 232 406 288; x_wconf 88' lang='lat' dir='ltr'>sapiens</span> <span class='ocrx_word' id='word_1_15' title='bbox 443 231 694 272; x_wconf 83' lang='lat' dir='ltr'>assentietur</span> <span class='ocrx_word' id='word_1_16' title='bbox 731 244 948 285; x_wconf 86' lang='lat' dir='ltr'>umquam,</span> <span class='ocrx_word' id='word_1_17' title='bbox 985 229 1210 284; x_wconf 90' lang='lat' dir='ltr'>aliquando</span> <span class='ocrx_word' id='word_1_18' title='bbox 1247 230 1375 271; x_wconf 87' lang='lat' dir='ltr'>etiam</span> <span class='ocrx_word' id='word_1_19' title='bbox 1424 227 1678 284; x_wconf 83' lang='lat' dir='ltr'>opinabitur.</span> 
     </span>
     <span class='ocr_line' id='line_1_4' title="bbox 239 284 1677 344; baseline -0.003 -14"><span class='ocrx_word' id='word_1_20' title='bbox 239 303 469 344; x_wconf 85' lang='lat' dir='ltr'>numquam</span> <span class='ocrx_word' id='word_1_21' title='bbox 508 297 650 329; x_wconf 87' lang='lat' dir='ltr'>autem</span> <span class='ocrx_word' id='word_1_22' title='bbox 689 287 931 341; x_wconf 81' lang='lat' dir='ltr'>opinabitur</span> <span class='ocrx_word' id='word_1_23' title='bbox 949 303 957 327; x_wconf 76' lang='lat' dir='ltr'><strong><em>z</em></strong></span> <span class='ocrx_word' id='word_1_24' title='bbox 1010 286 1114 327; x_wconf 86' lang='lat' dir='ltr'>nulli</span> <span class='ocrx_word' id='word_1_25' title='bbox 1148 286 1280 342; x_wconf 88' lang='lat' dir='ltr'>igitur</span> <span class='ocrx_word' id='word_1_26' title='bbox 1315 286 1375 328; x_wconf 89' lang='lat' dir='ltr'>rei</span> <span class='ocrx_word' id='word_1_27' title='bbox 1414 284 1677 327; x_wconf 82' lang='lat' dir='ltr'>assentietur.</span> 
     </span>
     <span class='ocr_line' id='line_1_5' title="bbox 236 341 1678 398; baseline -0.003 -12"><span class='ocrx_word' id='word_1_28' title='bbox 236 344 346 387; x_wconf 89' lang='lat' dir='ltr'>hanc</span> <span class='ocrx_word' id='word_1_29' title='bbox 362 344 676 387; x_wconf 87' lang='lat' dir='ltr'>conclusionem</span> <span class='ocrx_word' id='word_1_30' title='bbox 698 349 737 374; x_wconf 79' lang='lat'>26</span> <span class='ocrx_word' id='word_1_31' title='bbox 755 344 966 385; x_wconf 85' lang='lat' dir='ltr'>Arcesilas</span> <span class='ocrx_word' id='word_1_32' title='bbox 996 343 1232 398; x_wconf 83' lang='lat' dir='ltr'>probabat:</span> <span class='ocrx_word' id='word_1_33' title='bbox 1261 342 1538 384; x_wconf 88' lang='lat' dir='ltr'>confirmabat</span> <span class='ocrx_word' id='word_1_34' title='bbox 1563 341 1678 382; x_wconf 86' lang='lat' dir='ltr'>enirn</span> 
     </span>
     <span class='ocr_line' id='line_1_6' title="bbox 236 399 1677 458; baseline -0.003 -15"><span class='ocrx_word' id='word_1_35' title='bbox 236 411 281 443; x_wconf 90' lang='lat' dir='ltr'>et</span> <span class='ocrx_word' id='word_1_36' title='bbox 306 403 506 458; x_wconf 89' lang='lat' dir='ltr'>primum,</span> <span class='ocrx_word' id='word_1_37' title='bbox 527 409 571 442; x_wconf 90' lang='lat' dir='ltr'>et</span> <span class='ocrx_word' id='word_1_38' title='bbox 600 399 848 442; x_wconf 86' lang='lat' dir='ltr'>secundum.</span> <span class='ocrx_word' id='word_1_39' title='bbox 908 399 1148 440; x_wconf 90' lang='lat' dir='ltr'>Carneades</span> <span class='ocrx_word' id='word_1_40' title='bbox 1178 402 1677 455; x_wconf 89' lang='lat' dir='ltr'>nonnumquam&#39;secun-</span> 
     </span>
     <span class='ocr_line' id='line_1_7' title="bbox 235 453 1676 512; baseline -0.003 -12"><span class='ocrx_word' id='word_1_41' title='bbox 235 453 339 500; x_wconf 71' lang='lat' dir='ltr'>duni</span> <span class='ocrx_word' id='word_1_42' title='bbox 372 458 478 500; x_wconf 92' lang='lat' dir='ltr'>illud</span> <span class='ocrx_word' id='word_1_43' title='bbox 512 457 642 499; x_wconf 88' lang='lat' dir='ltr'>dabat</span> <span class='ocrx_word' id='word_1_44' title='bbox 672 456 864 498; x_wconf 88' lang='lat' dir='ltr'>assentiri</span> <span class='ocrx_word' id='word_1_45' title='bbox 897 455 1138 512; x_wconf 88' lang='lat' dir='ltr'>aliquando.</span> <span class='ocrx_word' id='word_1_46' title='bbox 1169 456 1229 497; x_wconf 91' lang='lat' dir='ltr'>ita</span> <span class='ocrx_word' id='word_1_47' title='bbox 1259 457 1513 512; x_wconf 86' lang='lat' dir='ltr'>sequebatur</span> <span class='ocrx_word' id='word_1_48' title='bbox 1547 455 1676 496; x_wconf 88' lang='lat' dir='ltr'>etiam</span> 
     </span>
     <span class='ocr_line' id='line_1_8' title="bbox 236 510 1672 571; baseline -0.004 -13"><span class='ocrx_word' id='word_1_49' title='bbox 236 516 396 571; x_wconf 92' lang='lat' dir='ltr'>opinari</span> <span class='ocrx_word' id='word_1_50' title='bbox 418 532 427 557; x_wconf 92' lang='lat'><strong>:</strong></span> <span class='ocrx_word' id='word_1_51' title='bbox 459 514 574 571; x_wconf 91' lang='lat' dir='ltr'>quod</span> <span class='ocrx_word' id='word_1_52' title='bbox 601 523 648 556; x_wconf 91' lang='lat' dir='ltr'>tu</span> <span class='ocrx_word' id='word_1_53' title='bbox 679 528 762 554; x_wconf 87' lang='lat' dir='ltr'>non</span> <span class='ocrx_word' id='word_1_54' title='bbox 790 515 863 563; x_wconf 89' lang='lat' dir='ltr'>vis,</span> <span class='ocrx_word' id='word_1_55' title='bbox 884 522 928 554; x_wconf 91' lang='lat' dir='ltr'>et</span> <span class='ocrx_word' id='word_1_56' title='bbox 956 521 1082 563; x_wconf 89' lang='lat' dir='ltr'>recte,</span> <span class='ocrx_word' id='word_1_57' title='bbox 1103 521 1150 553; x_wconf 90' lang='lat' dir='ltr'>ut</span> <span class='ocrx_word' id='word_1_58' title='bbox 1169 512 1274 554; x_wconf 90' lang='lat' dir='ltr'>mihi</span> <span class='ocrx_word' id='word_1_59' title='bbox 1296 512 1456 554; x_wconf 90' lang='lat' dir='ltr'>videris.</span> <span class='ocrx_word' id='word_1_60' title='bbox 1518 510 1600 552; x_wconf 89' lang='lat' dir='ltr'>Sed</span> <span class='ocrx_word' id='word_1_61' title='bbox 1621 511 1672 552; x_wconf 87' lang='lat' dir='ltr'>il-</span> 
     </span>
     <span class='ocr_line' id='line_1_9' title="bbox 233 568 1674 629; baseline -0.003 -15"><span class='ocrx_word' id='word_1_62' title='bbox 233 572 310 614; x_wconf 87' lang='lat' dir='ltr'>lud</span> <span class='ocrx_word' id='word_1_63' title='bbox 338 572 538 629; x_wconf 89' lang='lat' dir='ltr'>primum,</span> <span class='ocrx_word' id='word_1_64' title='bbox 559 571 805 627; x_wconf 86' lang='lat' dir='ltr'>sapientem,</span> <span class='ocrx_word' id='word_1_65' title='bbox 835 569 870 610; x_wconf 93' lang='lat' dir='ltr'>si</span> <span class='ocrx_word' id='word_1_66' title='bbox 901 583 1143 610; x_wconf 90' lang='lat' dir='ltr'>assensurus</span> <span class='ocrx_word' id='word_1_67' title='bbox 1173 578 1297 619; x_wconf 90' lang='lat' dir='ltr'>esset,</span> <span class='ocrx_word' id='word_1_68' title='bbox 1315 569 1443 610; x_wconf 92' lang='lat' dir='ltr'>etiam</span> <span class='ocrx_word' id='word_1_69' title='bbox 1476 568 1674 624; x_wconf 89' lang='lat' dir='ltr'>opinatu-</span> 
     </span>
     <span class='ocr_line' id='line_1_10' title="bbox 233 624 1672 681; baseline -0.004 -10"><span class='ocrx_word' id='word_1_70' title='bbox 233 644 343 681; x_wconf 88' lang='lat' dir='ltr'>rum,</span> <span class='ocrx_word' id='word_1_71' title='bbox 363 629 515 670; x_wconf 89' lang='lat' dir='ltr'>falsum</span> <span class='ocrx_word' id='word_1_72' title='bbox 541 642 631 668; x_wconf 88' lang='lat' dir='ltr'>esse</span> <span class='ocrx_word' id='word_1_73' title='bbox 649 637 692 668; x_wconf 91' lang='lat' dir='ltr'>et</span> <span class='ocrx_word' id='word_1_74' title='bbox 711 626 843 667; x_wconf 87' lang='lat' dir='ltr'>Stoici</span> <span class='ocrx_word' id='word_1_75' title='bbox 871 625 1031 677; x_wconf 89' lang='lat' dir='ltr'>dicunt,</span> <span class='ocrx_word' id='word_1_76' title='bbox 1052 635 1095 666; x_wconf 94' lang='lat' dir='ltr'>et</span> <span class='ocrx_word' id='word_1_77' title='bbox 1114 639 1262 666; x_wconf 91' lang='lat' dir='ltr'>eorum</span> <span class='ocrx_word' id='word_1_78' title='bbox 1281 624 1560 680; x_wconf 88' lang='lat' dir='ltr'>adstipulator</span> <span class='ocrx_word' id='word_1_79' title='bbox 1579 625 1672 666; x_wconf 90' lang='lat' dir='ltr'>An-</span> 
     </span>
     <span class='ocr_line' id='line_1_11' title="bbox 234 681 1674 741; baseline -0.004 -13"><span class='ocrx_word' id='word_1_80' title='bbox 234 686 415 728; x_wconf 89' lang='lat' dir='ltr'>tiochus.</span> <span class='ocrx_word' id='word_1_81' title='bbox 446 699 568 741; x_wconf 91' lang='lat' dir='ltr'>posse</span> <span class='ocrx_word' id='word_1_82' title='bbox 597 684 709 725; x_wconf 91' lang='lat' dir='ltr'>enim</span> <span class='ocrx_word' id='word_1_83' title='bbox 739 697 836 724; x_wconf 91' lang='lat' dir='ltr'>eum</span> <span class='ocrx_word' id='word_1_84' title='bbox 868 683 972 724; x_wconf 90' lang='lat' dir='ltr'>falsa</span> <span class='ocrx_word' id='word_1_85' title='bbox 991 698 1016 723; x_wconf 90' lang='lat' dir='ltr'>a</span> <span class='ocrx_word' id='word_1_86' title='bbox 1035 682 1154 733; x_wconf 83' lang='lat' dir='ltr'>veris,</span> <span class='ocrx_word' id='word_1_87' title='bbox 1173 690 1216 723; x_wconf 89' lang='lat' dir='ltr'>et</span> <span class='ocrx_word' id='word_1_88' title='bbox 1236 690 1274 718; x_wconf 85' lang='lat'>27</span> <span class='ocrx_word' id='word_1_89' title='bbox 1294 696 1389 738; x_wconf 91' lang='lat' dir='ltr'>quae</span> <span class='ocrx_word' id='word_1_90' title='bbox 1410 683 1493 722; x_wconf 85' lang='lat' dir='ltr'>non</span> <span class='ocrx_word' id='word_1_91' title='bbox 1513 681 1674 736; x_wconf 89' lang='lat' dir='ltr'>possint</span> 
     </span>
    </p>

    <p class='ocr_par' dir='ltr' id='par_1_3' title="bbox 170 738 1672 1593">
     <span class='ocr_line' id='line_1_12' title="bbox 170 738 1672 799; baseline -0.005 -14"><span class='ocrx_word' id='word_1_92' title='bbox 170 752 220 790; x_wconf 82' lang='grc'>68</span> <span class='ocrx_word' id='word_1_93' title='bbox 233 743 406 799; x_wconf 87' lang='lat' dir='ltr'>percipi,</span> <span class='ocrx_word' id='word_1_94' title='bbox 427 743 481 783; x_wconf 91' lang='lat' dir='ltr'>ab</span> <span class='ocrx_word' id='word_1_95' title='bbox 506 742 570 794; x_wconf 86' lang='lat' dir='ltr'>iis,</span> <span class='ocrx_word' id='word_1_96' title='bbox 591 756 685 797; x_wconf 85' lang='lat' dir='ltr'>quae</span> <span class='ocrx_word' id='word_1_97' title='bbox 715 739 889 796; x_wconf 91' lang='lat' dir='ltr'>possint,</span> <span class='ocrx_word' id='word_1_98' title='bbox 909 739 1183 795; x_wconf 84' lang='lat' dir='ltr'>distinguere.</span> <span class='ocrx_word' id='word_1_99' title='bbox 1241 738 1380 780; x_wconf 89' lang='lat' dir='ltr'>Nobis</span> <span class='ocrx_word' id='word_1_100' title='bbox 1410 746 1552 779; x_wconf 90' lang='lat' dir='ltr'>autem</span> <span class='ocrx_word' id='word_1_101' title='bbox 1584 738 1672 793; x_wconf 89' lang='lat' dir='ltr'>pri-</span> 
     </span>
     <span class='ocr_line' id='line_1_13' title="bbox 230 793 1671 854; baseline -0.004 -13"><span class='ocrx_word' id='word_1_102' title='bbox 230 814 366 850; x_wconf 87' lang='lat' dir='ltr'>mum,</span> <span class='ocrx_word' id='word_1_103' title='bbox 385 798 549 840; x_wconf 88' lang='lat' dir='ltr'>etiamsi</span> <span class='ocrx_word' id='word_1_104' title='bbox 568 798 669 854; x_wconf 91' lang='lat' dir='ltr'>quid</span> <span class='ocrx_word' id='word_1_105' title='bbox 688 797 845 853; x_wconf 91' lang='lat' dir='ltr'>percipi</span> <span class='ocrx_word' id='word_1_106' title='bbox 865 797 1010 851; x_wconf 90' lang='lat' dir='ltr'>possit,</span> <span class='ocrx_word' id='word_1_107' title='bbox 1031 806 1172 838; x_wconf 91' lang='lat' dir='ltr'>tamen</span> <span class='ocrx_word' id='word_1_108' title='bbox 1202 795 1293 851; x_wconf 89' lang='lat' dir='ltr'>ipsa</span> <span class='ocrx_word' id='word_1_109' title='bbox 1321 793 1584 836; x_wconf 89' lang='lat' dir='ltr'>consuetudo</span> <span class='ocrx_word' id='word_1_110' title='bbox 1603 808 1671 835; x_wconf 90' lang='lat' dir='ltr'>as-</span> 
     </span>
     <span class='ocr_line' id='line_1_14' title="bbox 229 851 1670 912; baseline -0.005 -14"><span class='ocrx_word' id='word_1_111' title='bbox 229 855 448 906; x_wconf 90' lang='lat' dir='ltr'>sentiendi,</span> <span class='ocrx_word' id='word_1_112' title='bbox 469 855 703 912; x_wconf 87' lang='lat' dir='ltr'>periculosa</span> <span class='ocrx_word' id='word_1_113' title='bbox 721 868 811 895; x_wconf 89' lang='lat' dir='ltr'>esse</span> <span class='ocrx_word' id='word_1_114' title='bbox 829 853 992 894; x_wconf 90' lang='lat' dir='ltr'>videtur</span> <span class='ocrx_word' id='word_1_115' title='bbox 1009 862 1053 894; x_wconf 92' lang='lat' dir='ltr'>et</span> <span class='ocrx_word' id='word_1_116' title='bbox 1071 852 1246 894; x_wconf 89' lang='lat' dir='ltr'>lubrica.</span> <span class='ocrx_word' id='word_1_117' title='bbox 1273 851 1548 908; x_wconf 90' lang='lat' dir='ltr'>quamobrem</span> <span class='ocrx_word' id='word_1_118' title='bbox 1571 865 1670 892; x_wconf 92' lang='lat' dir='ltr'>cum</span> 
     </span>
     <span class='ocr_line' id='line_1_15' title="bbox 227 907 1669 965; baseline -0.005 -10"><span class='ocrx_word' id='word_1_119' title='bbox 227 922 316 955; x_wconf 87' lang='lat' dir='ltr'>tam</span> <span class='ocrx_word' id='word_1_120' title='bbox 351 912 548 954; x_wconf 89' lang='lat' dir='ltr'>vitiosum</span> <span class='ocrx_word' id='word_1_121' title='bbox 580 926 670 953; x_wconf 90' lang='lat' dir='ltr'>esse</span> <span class='ocrx_word' id='word_1_122' title='bbox 700 919 879 960; x_wconf 90' lang='lat' dir='ltr'>constet,</span> <span class='ocrx_word' id='word_1_123' title='bbox 910 909 1100 951; x_wconf 87' lang='lat' dir='ltr'>assentiri</span> <span class='ocrx_word' id='word_1_124' title='bbox 1133 908 1364 965; x_wconf 88' lang='lat' dir='ltr'>quidquam</span> <span class='ocrx_word' id='word_1_125' title='bbox 1394 917 1468 949; x_wconf 91' lang='lat' dir='ltr'>aut</span> <span class='ocrx_word' id='word_1_126' title='bbox 1499 907 1669 960; x_wconf 89' lang='lat' dir='ltr'>falsum,</span> 
     </span>
     <span class='ocr_line' id='line_1_16' title="bbox 227 963 1670 1024; baseline -0.003 -13"><span class='ocrx_word' id='word_1_127' title='bbox 227 979 302 1011; x_wconf 86' lang='lat' dir='ltr'>aut</span> <span class='ocrx_word' id='word_1_128' title='bbox 335 968 630 1024; x_wconf 85' lang='lat' dir='ltr'>incognitum:</span> <span class='ocrx_word' id='word_1_129' title='bbox 669 967 912 1009; x_wconf 84' lang='lat' dir='ltr'>sustinenda</span> <span class='ocrx_word' id='word_1_130' title='bbox 942 974 1006 1008; x_wconf 91' lang='lat' dir='ltr'>est</span> <span class='ocrx_word' id='word_1_131' title='bbox 1040 966 1182 1022; x_wconf 87' lang='lat' dir='ltr'>potius</span> <span class='ocrx_word' id='word_1_132' title='bbox 1211 966 1349 1007; x_wconf 89' lang='lat' dir='ltr'>omnis</span> <span class='ocrx_word' id='word_1_133' title='bbox 1384 963 1583 1016; x_wconf 89' lang='lat' dir='ltr'>assensio,</span> <span class='ocrx_word' id='word_1_134' title='bbox 1618 979 1670 1006; x_wconf 89' lang='lat' dir='ltr'>ne</span> 
     </span>
     <span class='ocr_line' id='line_1_17' title="bbox 226 1021 1670 1082; baseline -0.004 -14"><span class='ocrx_word' id='word_1_135' title='bbox 226 1026 478 1082; x_wconf 67' lang='lat' dir='ltr'>praecipitet,</span> <span class='ocrx_word' id='word_1_136' title='bbox 499 1026 532 1066; x_wconf 90' lang='lat' dir='ltr'>si</span> <span class='ocrx_word' id='word_1_137' title='bbox 553 1035 710 1066; x_wconf 85' lang='lat' dir='ltr'>temere</span> <span class='ocrx_word' id='word_1_138' title='bbox 738 1024 999 1080; x_wconf 86' lang='lat' dir='ltr'>processerit.</span> <span class='ocrx_word' id='word_1_139' title='bbox 1031 1023 1088 1064; x_wconf 86' lang='lat' dir='ltr'>ita</span> <span class='ocrx_word' id='word_1_140' title='bbox 1107 1023 1219 1064; x_wconf 90' lang='lat' dir='ltr'>enim</span> <span class='ocrx_word' id='word_1_141' title='bbox 1241 1022 1418 1063; x_wconf 89' lang='lat' dir='ltr'>finitima</span> <span class='ocrx_word' id='word_1_142' title='bbox 1447 1030 1544 1063; x_wconf 90' lang='lat' dir='ltr'>sunt</span> <span class='ocrx_word' id='word_1_143' title='bbox 1563 1021 1670 1062; x_wconf 83' lang='lat' dir='ltr'>falsa</span> 
     </span>
     <span class='ocr_line' id='line_1_18' title="bbox 227 1079 1669 1138; baseline -0.002 -15"><span class='ocrx_word' id='word_1_144' title='bbox 227 1083 346 1134; x_wconf 87' lang='lat' dir='ltr'>veris,</span> <span class='ocrx_word' id='word_1_145' title='bbox 367 1090 406 1115; x_wconf 76' lang='lat'>‘28</span> <span class='ocrx_word' id='word_1_146' title='bbox 421 1096 553 1138; x_wconf 81' lang='lat' dir='ltr'>eaque.</span> <span class='ocrx_word' id='word_1_147' title='bbox 583 1097 676 1138; x_wconf 89' lang='lat' dir='ltr'>quae</span> <span class='ocrx_word' id='word_1_148' title='bbox 709 1082 866 1137; x_wconf 86' lang='lat' dir='ltr'>percipi</span> <span class='ocrx_word' id='word_1_149' title='bbox 887 1095 971 1121; x_wconf 87' lang='lat' dir='ltr'>non</span> <span class='ocrx_word' id='word_1_150' title='bbox 1001 1088 1177 1135; x_wconf 87' lang='lat' dir='ltr'>possunt</span> <span class='ocrx_word' id='word_1_151' title='bbox 1197 1079 1250 1120; x_wconf 91' lang='lat' dir='ltr'>ab</span> <span class='ocrx_word' id='word_1_152' title='bbox 1271 1079 1334 1131; x_wconf 86' lang='lat' dir='ltr'>iis,</span> <span class='ocrx_word' id='word_1_153' title='bbox 1354 1093 1448 1134; x_wconf 89' lang='lat' dir='ltr'>quae</span> <span class='ocrx_word' id='word_1_154' title='bbox 1475 1088 1669 1134; x_wconf 89' lang='lat' dir='ltr'>possunt,</span> 
     </span>
     <span class='ocr_line' id='line_1_19' title="bbox 229 1135 1666 1194; baseline -0.003 -13"><span class='ocrx_word' id='word_1_155' title='bbox 229 1140 281 1193; x_wconf 86' lang='lat' dir='ltr'>(si</span> <span class='ocrx_word' id='word_1_156' title='bbox 310 1139 442 1181; x_wconf 90' lang='lat' dir='ltr'>modo</span> <span class='ocrx_word' id='word_1_157' title='bbox 473 1154 522 1180; x_wconf 87' lang='lat' dir='ltr'>ea</span> <span class='ocrx_word' id='word_1_158' title='bbox 553 1148 652 1180; x_wconf 86' lang='lat' dir='ltr'>sunt</span> <span class='ocrx_word' id='word_1_159' title='bbox 670 1137 891 1194; x_wconf 86' lang='lat' dir='ltr'>quaedam:</span> <span class='ocrx_word' id='word_1_160' title='bbox 915 1139 1006 1193; x_wconf 90' lang='lat' dir='ltr'>jam</span> <span class='ocrx_word' id='word_1_161' title='bbox 1037 1137 1149 1177; x_wconf 90' lang='lat' dir='ltr'>enim</span> <span class='ocrx_word' id='word_1_162' title='bbox 1179 1135 1428 1189; x_wconf 89' lang='lat' dir='ltr'>videbimus)</span> <span class='ocrx_word' id='word_1_163' title='bbox 1455 1145 1501 1177; x_wconf 90' lang='lat' dir='ltr'>ut</span> <span class='ocrx_word' id='word_1_164' title='bbox 1521 1143 1562 1170; x_wconf 85' lang='lat'>29</span> <span class='ocrx_word' id='word_1_165' title='bbox 1578 1144 1666 1176; x_wconf 90' lang='lat' dir='ltr'>tam</span> 
     </span>
     <span class='ocr_line' id='line_1_20' title="bbox 223 1191 1667 1253; baseline -0.004 -15"><span class='ocrx_word' id='word_1_166' title='bbox 223 1197 481 1253; x_wconf 85' lang='lat' dir='ltr'>praecipitem</span> <span class='ocrx_word' id='word_1_167' title='bbox 502 1196 708 1236; x_wconf 87' lang='lat' dir='ltr'>inlocum</span> <span class='ocrx_word' id='word_1_168' title='bbox 736 1209 818 1235; x_wconf 89' lang='lat' dir='ltr'>non</span> <span class='ocrx_word' id='word_1_169' title='bbox 840 1194 993 1235; x_wconf 89' lang='lat' dir='ltr'>debeat</span> <span class='ocrx_word' id='word_1_170' title='bbox 1022 1208 1066 1234; x_wconf 89' lang='lat' dir='ltr'>se</span> <span class='ocrx_word' id='word_1_171' title='bbox 1096 1193 1258 1248; x_wconf 86' lang='lat' dir='ltr'>sapiens</span> <span class='ocrx_word' id='word_1_172' title='bbox 1290 1192 1571 1233; x_wconf 87' lang='lat' dir='ltr'>committere.</span> <span class='ocrx_word' id='word_1_173' title='bbox 1603 1191 1667 1233; x_wconf 91' lang='lat' dir='ltr'>sin</span> 
     </span>
     <span class='ocr_line' id='line_1_21' title="bbox 222 1248 1665 1306; baseline -0.003 -13"><span class='ocrx_word' id='word_1_174' title='bbox 222 1263 382 1303; x_wconf 89' lang='lat' dir='ltr'>autem,</span> <span class='ocrx_word' id='word_1_175' title='bbox 402 1254 575 1294; x_wconf 89' lang='lat' dir='ltr'>omnino</span> <span class='ocrx_word' id='word_1_176' title='bbox 596 1251 698 1292; x_wconf 89' lang='lat' dir='ltr'>nihil</span> <span class='ocrx_word' id='word_1_177' title='bbox 718 1265 822 1300; x_wconf 85' lang='lat' dir='ltr'>esse,</span> <span class='ocrx_word' id='word_1_178' title='bbox 842 1250 958 1306; x_wconf 89' lang='lat' dir='ltr'>quod</span> <span class='ocrx_word' id='word_1_179' title='bbox 978 1249 1135 1304; x_wconf 90' lang='lat' dir='ltr'>percipi</span> <span class='ocrx_word' id='word_1_180' title='bbox 1154 1248 1303 1304; x_wconf 87' lang='lat' dir='ltr'>possit,</span> <span class='ocrx_word' id='word_1_181' title='bbox 1323 1263 1348 1289; x_wconf 85' lang='lat' dir='ltr'>a</span> <span class='ocrx_word' id='word_1_182' title='bbox 1371 1263 1440 1289; x_wconf 90' lang='lat' dir='ltr'>me</span> <span class='ocrx_word' id='word_1_183' title='bbox 1460 1262 1665 1300; x_wconf 89' lang='lat' dir='ltr'>sumsero,</span> 
     </span>
     <span class='ocr_line' id='line_1_22' title="bbox 222 1304 1666 1365; baseline -0.003 -14"><span class='ocrx_word' id='word_1_184' title='bbox 222 1319 280 1360; x_wconf 88' lang='lat' dir='ltr'>et,</span> <span class='ocrx_word' id='word_1_185' title='bbox 300 1309 417 1365; x_wconf 92' lang='lat' dir='ltr'>quod</span> <span class='ocrx_word' id='word_1_186' title='bbox 436 1317 482 1349; x_wconf 89' lang='lat' dir='ltr'>tu</span> <span class='ocrx_word' id='word_1_187' title='bbox 502 1307 608 1349; x_wconf 91' lang='lat' dir='ltr'>mihi</span> <span class='ocrx_word' id='word_1_188' title='bbox 628 1307 716 1357; x_wconf 90' lang='lat' dir='ltr'>das,</span> <span class='ocrx_word' id='word_1_189' title='bbox 737 1321 954 1363; x_wconf 87' lang='lat' dir='ltr'>accepero,</span> <span class='ocrx_word' id='word_1_190' title='bbox 975 1306 1207 1361; x_wconf 88' lang='lat' dir='ltr'>sapientem</span> <span class='ocrx_word' id='word_1_191' title='bbox 1228 1304 1332 1347; x_wconf 89' lang='lat' dir='ltr'>nihil</span> <span class='ocrx_word' id='word_1_192' title='bbox 1351 1305 1537 1360; x_wconf 80' lang='lat' dir='ltr'>opinari:</span> <span class='ocrx_word' id='word_1_193' title='bbox 1563 1305 1666 1346; x_wconf 85' lang='lat' dir='ltr'>effe-</span> 
     </span>
     <span class='ocr_line' id='line_1_23' title="bbox 221 1361 1665 1419; baseline -0.003 -11"><span class='ocrx_word' id='word_1_194' title='bbox 221 1375 339 1408; x_wconf 89' lang='lat' dir='ltr'>ctum</span> <span class='ocrx_word' id='word_1_195' title='bbox 367 1365 473 1407; x_wconf 88' lang='lat' dir='ltr'>illud</span> <span class='ocrx_word' id='word_1_196' title='bbox 500 1365 594 1414; x_wconf 88' lang='lat' dir='ltr'>erit,</span> <span class='ocrx_word' id='word_1_197' title='bbox 615 1363 845 1419; x_wconf 88' lang='lat' dir='ltr'>sapientem</span> <span class='ocrx_word' id='word_1_198' title='bbox 875 1377 1065 1405; x_wconf 86' lang='lat' dir='ltr'>assensus</span> <span class='ocrx_word' id='word_1_199' title='bbox 1096 1377 1242 1403; x_wconf 92' lang='lat' dir='ltr'>omnes</span> <span class='ocrx_word' id='word_1_200' title='bbox 1270 1361 1585 1403; x_wconf 90' lang='lat' dir='ltr'>cohibiturum:</span> <span class='ocrx_word' id='word_1_201' title='bbox 1617 1371 1665 1404; x_wconf 88' lang='lat' dir='ltr'>ut</span> 
     </span>
     <span class='ocr_line' id='line_1_24' title="bbox 218 1418 1663 1475; baseline -0.003 -11"><span class='ocrx_word' id='word_1_202' title='bbox 218 1423 298 1465; x_wconf 93' lang='lat' dir='ltr'>tibi</span> <span class='ocrx_word' id='word_1_203' title='bbox 317 1421 542 1464; x_wconf 82' lang='lat' dir='ltr'>videndum</span> <span class='ocrx_word' id='word_1_204' title='bbox 562 1421 631 1472; x_wconf 91' lang='lat' dir='ltr'>sit,</span> <span class='ocrx_word' id='word_1_205' title='bbox 651 1420 747 1461; x_wconf 89' lang='lat' dir='ltr'>idne</span> <span class='ocrx_word' id='word_1_206' title='bbox 767 1421 903 1471; x_wconf 90' lang='lat' dir='ltr'>malis,</span> <span class='ocrx_word' id='word_1_207' title='bbox 923 1434 975 1461; x_wconf 90' lang='lat' dir='ltr'>an</span> <span class='ocrx_word' id='word_1_208' title='bbox 1004 1419 1164 1475; x_wconf 90' lang='lat' dir='ltr'>aliquid</span> <span class='ocrx_word' id='word_1_209' title='bbox 1184 1418 1455 1474; x_wconf 91' lang='lat' dir='ltr'>opinaturum</span> <span class='ocrx_word' id='word_1_210' title='bbox 1485 1432 1574 1460; x_wconf 89' lang='lat' dir='ltr'>esse</span> <span class='ocrx_word' id='word_1_211' title='bbox 1596 1433 1663 1460; x_wconf 94' lang='lat' dir='ltr'>sa-</span> 
     </span>
     <span class='ocr_line' id='line_1_25' title="bbox 219 1474 1665 1535; baseline -0.003 -14"><span class='ocrx_word' id='word_1_212' title='bbox 219 1479 420 1535; x_wconf 88' lang='lat' dir='ltr'>pientem.</span> <span class='ocrx_word' id='word_1_213' title='bbox 454 1486 495 1511; x_wconf 78' lang='lat'>30</span> <span class='ocrx_word' id='word_1_214' title='bbox 509 1487 721 1528; x_wconf 91' lang='lat' dir='ltr'>neutrum,</span> <span class='ocrx_word' id='word_1_215' title='bbox 752 1477 929 1533; x_wconf 85' lang='lat' dir='ltr'>inquieS,</span> <span class='ocrx_word' id='word_1_216' title='bbox 959 1476 1142 1517; x_wconf 89' lang='lat' dir='ltr'>illorum.</span> <span class='ocrx_word' id='word_1_217' title='bbox 1173 1476 1357 1517; x_wconf 83' lang='lat' dir='ltr'>nitamur</span> <span class='ocrx_word' id='word_1_218' title='bbox 1387 1474 1531 1530; x_wconf 88' lang='lat' dir='ltr'>igitur,</span> <span class='ocrx_word' id='word_1_219' title='bbox 1559 1474 1665 1517; x_wconf 88' lang='lat' dir='ltr'>nihil</span> 
     </span>
     <span class='ocr_line' id='line_1_26' title="bbox 220 1530 1425 1593; baseline -0.005 -15"><span class='ocrx_word' id='word_1_220' title='bbox 220 1550 345 1593; x_wconf 92' lang='lat' dir='ltr'>posse</span> <span class='ocrx_word' id='word_1_221' title='bbox 366 1535 538 1592; x_wconf 88' lang='lat' dir='ltr'>percipi.</span> <span class='ocrx_word' id='word_1_222' title='bbox 568 1534 725 1576; x_wconf 88' lang='lat' dir='ltr'>etenim</span> <span class='ocrx_word' id='word_1_223' title='bbox 746 1533 798 1576; x_wconf 90' lang='lat' dir='ltr'>de</span> <span class='ocrx_word' id='word_1_224' title='bbox 819 1548 870 1575; x_wconf 91' lang='lat' dir='ltr'>eo</span> <span class='ocrx_word' id='word_1_225' title='bbox 889 1533 1027 1574; x_wconf 86' lang='lat' dir='ltr'>omnis</span> <span class='ocrx_word' id='word_1_226' title='bbox 1046 1542 1111 1575; x_wconf 91' lang='lat' dir='ltr'>est</span> <span class='ocrx_word' id='word_1_227' title='bbox 1129 1530 1425 1574; x_wconf 88' lang='lat' dir='ltr'>controversia.</span> 
     </span>
    </p>

    <p class='ocr_par' dir='ltr' id='par_1_4' title="bbox 133 1589 1661 1648">
     <span class='ocr_line' id='line_1_27' title="bbox 133 1589 1661 1648; baseline -0.003 -14"><span class='ocrx_word' id='word_1_228' title='bbox 133 1597 203 1646; x_wconf 77' lang='lat'>22</span> <span class='ocrx_word' id='word_1_229' title='bbox 278 1592 361 1633; x_wconf 88' lang='lat' dir='ltr'>Sed</span> <span class='ocrx_word' id='word_1_230' title='bbox 381 1593 494 1648; x_wconf 90' lang='lat' dir='ltr'>prius</span> <span class='ocrx_word' id='word_1_231' title='bbox 514 1605 650 1647; x_wconf 91' lang='lat' dir='ltr'>pauca</span> <span class='ocrx_word' id='word_1_232' title='bbox 669 1605 767 1632; x_wconf 91' lang='lat' dir='ltr'>cum</span> <span class='ocrx_word' id='word_1_233' title='bbox 787 1589 1034 1631; x_wconf 86' lang='lat' dir='ltr'>Antiocho:</span> <span class='ocrx_word' id='word_1_234' title='bbox 1066 1589 1139 1645; x_wconf 93' lang='lat' dir='ltr'>qui</span> <span class='ocrx_word' id='word_1_235' title='bbox 1164 1589 1256 1630; x_wconf 86' lang='lat' dir='ltr'>haec</span> <span class='ocrx_word' id='word_1_236' title='bbox 1288 1589 1392 1644; x_wconf 89' lang='lat' dir='ltr'>ipsa,</span> <span class='ocrx_word' id='word_1_237' title='bbox 1410 1603 1506 1645; x_wconf 83' lang='lat' dir='ltr'>quae</span> <span class='ocrx_word' id='word_1_238' title='bbox 1535 1602 1561 1629; x_wconf 89' lang='lat' dir='ltr'>a</span> <span class='ocrx_word' id='word_1_239' title='bbox 1591 1603 1661 1630; x_wconf 90' lang='lat' dir='ltr'>me</span> 
     </span>
    </p>

    <p class='ocr_par' dir='ltr' id='par_1_5' title="bbox 153 1644 1660 1713">
     <span class='ocr_line' id='line_1_28' title="bbox 153 1644 1660 1713; baseline -0.003 -22"><span class='ocrx_word' id='word_1_240' title='bbox 153 1666 206 1713; x_wconf 75' lang='lat'>59</span> <span class='ocrx_word' id='word_1_241' title='bbox 219 1649 517 1698; x_wconf 87' lang='lat' dir='ltr'>defenduntur,</span> <span class='ocrx_word' id='word_1_242' title='bbox 536 1657 580 1689; x_wconf 88' lang='lat' dir='ltr'>et</span> <span class='ocrx_word' id='word_1_243' title='bbox 598 1647 745 1689; x_wconf 92' lang='lat' dir='ltr'>didicit</span> <span class='ocrx_word' id='word_1_244' title='bbox 764 1647 877 1703; x_wconf 91' lang='lat' dir='ltr'>apud</span> <span class='ocrx_word' id='word_1_245' title='bbox 908 1645 1123 1687; x_wconf 89' lang='lat' dir='ltr'>Philonem</span> <span class='ocrx_word' id='word_1_246' title='bbox 1145 1656 1232 1687; x_wconf 89' lang='lat' dir='ltr'>tam</span> <span class='ocrx_word' id='word_1_247' title='bbox 1255 1644 1342 1696; x_wconf 92' lang='lat' dir='ltr'>diu,</span> <span class='ocrx_word' id='word_1_248' title='bbox 1363 1654 1413 1686; x_wconf 89' lang='lat' dir='ltr'>ut</span> <span class='ocrx_word' id='word_1_249' title='bbox 1432 1654 1660 1697; x_wconf 86' lang='lat' dir='ltr'>constaret,</span> 
     </span>
    </p>

    <p class='ocr_par' dir='ltr' id='par_1_6' title="bbox 105 1701 1659 1761">
     <span class='ocr_line' id='line_1_29' title="bbox 105 1701 1659 1761; baseline -0.004 -11"><span class='ocrx_word' id='word_1_250' title='bbox 105 1730 135 1761; x_wconf 82' lang='lat' dir='ltr'>p.</span> <span class='ocrx_word' id='word_1_251' title='bbox 156 1726 207 1750; x_wconf 75' lang='grc' dir='ltr'>ιε.</span> <span class='ocrx_word' id='word_1_252' title='bbox 219 1706 377 1748; x_wconf 90' lang='lat' dir='ltr'>diutius</span> <span class='ocrx_word' id='word_1_253' title='bbox 396 1705 589 1747; x_wconf 87' lang='lat' dir='ltr'>didicisse</span> <span class='ocrx_word' id='word_1_254' title='bbox 609 1705 837 1755; x_wconf 90' lang='lat' dir='ltr'>neminem,</span> <span class='ocrx_word' id='word_1_255' title='bbox 856 1712 898 1745; x_wconf 92' lang='lat' dir='ltr'>et</span> <span class='ocrx_word' id='word_1_256' title='bbox 917 1703 1084 1758; x_wconf 89' lang='lat' dir='ltr'>scripsit</span> <span class='ocrx_word' id='word_1_257' title='bbox 1102 1702 1154 1743; x_wconf 92' lang='lat' dir='ltr'>de</span> <span class='ocrx_word' id='word_1_258' title='bbox 1173 1701 1238 1744; x_wconf 92' lang='lat' dir='ltr'>his</span> <span class='ocrx_word' id='word_1_259' title='bbox 1258 1702 1381 1743; x_wconf 89' lang='lat' dir='ltr'>rebus</span> <span class='ocrx_word' id='word_1_260' title='bbox 1400 1701 1659 1754; x_wconf 87' lang='lat' dir='ltr'>acutissime,</span> 
     </span>
    </p>
   </div>
   <div class='ocr_carea' id='block_1_3' title="bbox 175 1759 1660 1858">
    <p class='ocr_par' dir='ltr' id='par_1_7' title="bbox 175 1759 1660 1858">
     <span class='ocr_line' id='line_1_30' title="bbox 175 1759 1660 1810; baseline -0.003 -6"><span class='ocrx_word' id='word_1_261' title='bbox 175 1771 205 1793; x_wconf 84' lang='lat' dir='ltr'>a.</span> <span class='ocrx_word' id='word_1_262' title='bbox 217 1772 261 1804; x_wconf 91' lang='lat' dir='ltr'>et</span> <span class='ocrx_word' id='word_1_263' title='bbox 280 1770 317 1795; x_wconf 75' lang='lat'>31</span> <span class='ocrx_word' id='word_1_264' title='bbox 334 1762 446 1804; x_wconf 89' lang='lat' dir='ltr'>idem</span> <span class='ocrx_word' id='word_1_265' title='bbox 463 1761 556 1802; x_wconf 87' lang='lat' dir='ltr'>haec</span> <span class='ocrx_word' id='word_1_266' title='bbox 577 1775 662 1802; x_wconf 87' lang='lat' dir='ltr'>non</span> <span class='ocrx_word' id='word_1_267' title='bbox 680 1761 817 1802; x_wconf 89' lang='lat' dir='ltr'>acrius</span> <span class='ocrx_word' id='word_1_268' title='bbox 836 1759 1046 1801; x_wconf 85' lang='lat' dir='ltr'>accusavit</span> <span class='ocrx_word' id='word_1_269' title='bbox 1064 1760 1106 1800; x_wconf 87' lang='lat' dir='ltr'>in</span> <span class='ocrx_word' id='word_1_270' title='bbox 1126 1767 1357 1810; x_wconf 87' lang='lat' dir='ltr'>senectute,</span> <span class='ocrx_word' id='word_1_271' title='bbox 1406 1773 1506 1800; x_wconf 89' lang='lat' dir='ltr'>uam</span> <span class='ocrx_word' id='word_1_272' title='bbox 1535 1766 1660 1800; x_wconf 90' lang='lat' dir='ltr'>antea</span> 
     </span>
     <span class='ocr_line' id='line_1_31' title="bbox 1423 1823 1656 1858; baseline 0.009 -2"><span class='ocrx_word' id='word_1_273' title='bbox 1423 1824 1480 1856; x_wconf 90' lang='lat' dir='ltr'>1t:</span> <span class='ocrx_word' id='word_1_274' title='bbox 1513 1823 1656 1858; x_wconf 88' lang='lat' dir='ltr'>tamen</span> 
     </span>
    </p>
   </div>
   <div class='ocr_carea' id='block_1_4' title="bbox 213 1815 1355 1918">
    <p class='ocr_par' dir='ltr' id='par_1_8' title="bbox 213 1815 1355 1918">
     <span class='ocr_line' id='line_1_32' title="bbox 214 1815 1355 1874; baseline -0.004 -13"><span class='ocrx_word' id='word_1_275' title='bbox 214 1819 548 1861; x_wconf 88' lang='lat' dir='ltr'>defensitaverat.</span> <span class='ocrx_word' id='word_1_276' title='bbox 606 1817 810 1874; x_wconf 70' lang='lat' dir='ltr'>Quamvis</span> <span class='ocrx_word' id='word_1_277' title='bbox 830 1817 960 1873; x_wconf 86' lang='lat' dir='ltr'>igitur</span> <span class='ocrx_word' id='word_1_278' title='bbox 979 1815 1105 1857; x_wconf 90' lang='lat' dir='ltr'>fuerit</span> <span class='ocrx_word' id='word_1_279' title='bbox 1124 1825 1288 1866; x_wconf 89' lang='lat' dir='ltr'>acutus,</span> <span class='ocrx_word' id='word_1_280' title='bbox 1307 1824 1355 1857; x_wconf 90' lang='lat' dir='ltr'>ut</span> 
     </span>
     <span class='ocr_line' id='line_1_33' title="bbox 213 1873 981 1918; baseline -0.005 0"><span class='ocrx_word' id='word_1_281' title='bbox 213 1876 496 1918; x_wconf 89' lang='lat' dir='ltr'>inconstantia</span> <span class='ocrx_word' id='word_1_282' title='bbox 541 1875 703 1916; x_wconf 91' lang='lat' dir='ltr'>levatur</span> <span class='ocrx_word' id='word_1_283' title='bbox 739 1873 981 1915; x_wconf 88' lang='lat' dir='ltr'>auctoritas.</span> 
     </span>
    </p>
   </div>
   <div class='ocr_carea' id='block_1_5' title="bbox 1039 1872 1654 1929">
    <p class='ocr_par' dir='ltr' id='par_1_9' title="bbox 1039 1872 1654 1929">
     <span class='ocr_line' id='line_1_34' title="bbox 1039 1872 1654 1929; baseline 0 -15"><span class='ocrx_word' id='word_1_284' title='bbox 1039 1872 1164 1922; x_wconf 79' lang='lat' dir='ltr'>Quis,</span> <span class='ocrx_word' id='word_1_285' title='bbox 1199 1873 1386 1929; x_wconf 86' lang='lat' dir='ltr'>inquam,</span> <span class='ocrx_word' id='word_1_286' title='bbox 1423 1872 1536 1914; x_wconf 92' lang='lat' dir='ltr'>enim</span> <span class='ocrx_word' id='word_1_287' title='bbox 1573 1872 1654 1914; x_wconf 87' lang='lat' dir='ltr'>iste</span> 
     </span>
    </p>
   </div>
   <div class='ocr_carea' id='block_1_6' title="bbox 211 1928 1655 2046">
    <p class='ocr_par' dir='ltr' id='par_1_10' title="bbox 211 1928 1655 2046">
     <span class='ocr_line' id='line_1_35' title="bbox 211 1928 1655 1988; baseline -0.003 -13"><span class='ocrx_word' id='word_1_288' title='bbox 211 1933 300 1975; x_wconf 91' lang='lat' dir='ltr'>dies</span> <span class='ocrx_word' id='word_1_289' title='bbox 333 1932 529 1983; x_wconf 83' lang='lat' dir='ltr'>illuxerit,</span> <span class='ocrx_word' id='word_1_290' title='bbox 560 1945 720 1988; x_wconf 88' lang='lat' dir='ltr'>quaero,</span> <span class='ocrx_word' id='word_1_291' title='bbox 752 1930 825 1986; x_wconf 90' lang='lat' dir='ltr'>qui</span> <span class='ocrx_word' id='word_1_292' title='bbox 855 1930 915 1971; x_wconf 92' lang='lat' dir='ltr'>illi</span> <span class='ocrx_word' id='word_1_293' title='bbox 946 1928 1176 1970; x_wconf 87' lang='lat' dir='ltr'>ostenderit</span> <span class='ocrx_word' id='word_1_294' title='bbox 1203 1943 1312 1980; x_wconf 91' lang='lat' dir='ltr'>eam,</span> <span class='ocrx_word' id='word_1_295' title='bbox 1340 1943 1467 1985; x_wconf 90' lang='lat' dir='ltr'>quam</span> <span class='ocrx_word' id='word_1_296' title='bbox 1495 1929 1655 1970; x_wconf 89' lang='lat' dir='ltr'>multos</span> 
     </span>
     <span class='ocr_line' id='line_1_36' title="bbox 211 1984 1650 2046; baseline -0.003 -14"><span class='ocrx_word' id='word_1_297' title='bbox 211 2004 342 2033; x_wconf 87' lang='lat' dir='ltr'>annos</span> <span class='ocrx_word' id='word_1_298' title='bbox 362 2003 453 2032; x_wconf 91' lang='lat' dir='ltr'>esse</span> <span class='ocrx_word' id='word_1_299' title='bbox 471 1988 722 2046; x_wconf 84' lang='lat' dir='ltr'>negavisset,</span> <span class='ocrx_word' id='word_1_300' title='bbox 741 1987 825 2029; x_wconf 86' lang='lat' dir='ltr'>veri</span> <span class='ocrx_word' id='word_1_301' title='bbox 839 1996 882 2029; x_wconf 90' lang='lat' dir='ltr'>et</span> <span class='ocrx_word' id='word_1_302' title='bbox 903 1986 997 2028; x_wconf 83' lang='lat' dir='ltr'>falsi</span> <span class='ocrx_word' id='word_1_303' title='bbox 1017 1995 1176 2028; x_wconf 89' lang='lat' dir='ltr'>notam.</span> <span class='ocrx_word' id='word_1_304' title='bbox 1195 1985 1449 2042; x_wconf 85' lang='lat' dir='ltr'>excogitavit</span> <span class='ocrx_word' id='word_1_305' title='bbox 1467 1984 1650 2042; x_wconf 86' lang='lat' dir='ltr'>aliquid:</span> 
     </span>
    </p>
   </div>
   <div class='ocr_carea' id='block_1_7' title="bbox 196 2123 909 2855">
    <p class='ocr_par' dir='ltr' id='par_1_11' title="bbox 201 2123 909 2299">
     <span class='ocr_line' id='line_1_37' title="bbox 252 2123 909 2166; baseline -0.008 -7"><span class='ocrx_word' id='word_1_306' title='bbox 252 2132 294 2159; x_wconf 77' lang='lat'>26</span> <span class='ocrx_word' id='word_1_307' title='bbox 310 2125 457 2158; x_wconf 80' lang='lat' dir='ltr'>Arcesilas</span> <span class='ocrx_word' id='word_1_308' title='bbox 477 2123 637 2166; x_wconf 81' lang='lat' dir='ltr'>probabat]</span> <span class='ocrx_word' id='word_1_309' title='bbox 665 2125 717 2155; x_wconf 89' lang='lat' dir='ltr'>Sic</span> <span class='ocrx_word' id='word_1_310' title='bbox 741 2124 821 2155; x_wconf 86' lang='lat' dir='ltr'>Mss.</span> <span class='ocrx_word' id='word_1_311' title='bbox 837 2124 909 2163; x_wconf 89' lang='lat' dir='ltr'>plu·</span> 
     </span>
     <span class='ocr_line' id='line_1_38' title="bbox 207 2168 909 2208; baseline -0.007 -6"><span class='ocrx_word' id='word_1_312' title='bbox 207 2181 255 2202; x_wconf 86' lang='lat' dir='ltr'>tes</span> <span class='ocrx_word' id='word_1_313' title='bbox 285 2178 319 2201; x_wconf 87' lang='lat' dir='ltr'>et</span> <span class='ocrx_word' id='word_1_314' title='bbox 343 2171 414 2201; x_wconf 89' lang='lat' dir='ltr'>edd.</span> <span class='ocrx_word' id='word_1_315' title='bbox 443 2176 518 2200; x_wconf 87' lang='lat' dir='ltr'>vett.</span> <span class='ocrx_word' id='word_1_316' title='bbox 548 2169 710 2208; x_wconf 85' lang='lat' dir='ltr'>quaedam.</span> <span class='ocrx_word' id='word_1_317' title='bbox 740 2168 909 2207; x_wconf 83' lang='lat' dir='ltr'>vulgatum</span> 
     </span>
     <span class='ocr_line' id='line_1_39' title="bbox 201 2211 908 2254; baseline -0.004 -10"><span class='ocrx_word' id='word_1_318' title='bbox 201 2214 310 2254; x_wconf 65' lang='lat' dir='ltr'>probat</span> <span class='ocrx_word' id='word_1_319' title='bbox 324 2220 404 2244; x_wconf 87' lang='lat' dir='ltr'>stare</span> <span class='ocrx_word' id='word_1_320' title='bbox 427 2223 492 2244; x_wconf 92' lang='lat' dir='ltr'>non</span> <span class='ocrx_word' id='word_1_321' title='bbox 513 2219 631 2253; x_wconf 84' lang='lat' dir='ltr'>potest:</span> <span class='ocrx_word' id='word_1_322' title='bbox 655 2212 798 2252; x_wconf 85' lang='lat' dir='ltr'>sequitur</span> <span class='ocrx_word' id='word_1_323' title='bbox 819 2211 908 2241; x_wconf 90' lang='lat' dir='ltr'>enim</span> 
     </span>
     <span class='ocr_line' id='line_1_40' title="bbox 207 2257 463 2299; baseline -0.004 -12"><span class='ocrx_word' id='word_1_324' title='bbox 207 2257 463 2299; x_wconf 81' lang='lat' dir='ltr'>corfirmabatque.</span> 
     </span>
    </p>

    <p class='ocr_par' dir='ltr' id='par_1_12' title="bbox 205 2294 906 2423">
     <span class='ocr_line' id='line_1_41' title="bbox 250 2294 906 2341; baseline -0.003 -11"><span class='ocrx_word' id='word_1_325' title='bbox 250 2306 288 2336; x_wconf 80' lang='lat'>27</span> <span class='ocrx_word' id='word_1_326' title='bbox 314 2310 381 2341; x_wconf 83' lang='lat' dir='ltr'>quae</span> <span class='ocrx_word' id='word_1_327' title='bbox 403 2311 456 2329; x_wconf 84' lang='lat' dir='ltr'>non</span> <span class='ocrx_word' id='word_1_328' title='bbox 471 2297 584 2338; x_wconf 84' lang='lat' dir='ltr'>possint</span> <span class='ocrx_word' id='word_1_329' title='bbox 604 2294 734 2338; x_wconf 79' lang='lat' dir='ltr'>percipi]</span> <span class='ocrx_word' id='word_1_330' title='bbox 759 2298 906 2328; x_wconf 83' lang='lat' dir='ltr'>Davisius</span> 
     </span>
     <span class='ocr_line' id='line_1_42' title="bbox 206 2341 906 2382; baseline -0.003 -9"><span class='ocrx_word' id='word_1_331' title='bbox 206 2344 301 2374; x_wconf 85' lang='lat' dir='ltr'>edidit</span> <span class='ocrx_word' id='word_1_332' title='bbox 325 2342 435 2382; x_wconf 80' lang='lat' dir='ltr'>possint</span> <span class='ocrx_word' id='word_1_333' title='bbox 461 2351 516 2382; x_wconf 88' lang='lat' dir='ltr'>pro</span> <span class='ocrx_word' id='word_1_334' title='bbox 542 2341 630 2381; x_wconf 86' lang='lat' dir='ltr'>vulg.</span> <span class='ocrx_word' id='word_1_335' title='bbox 654 2347 782 2380; x_wconf 80' lang='lat' dir='ltr'>possunt.</span> <span class='ocrx_word' id='word_1_336' title='bbox 812 2346 906 2371; x_wconf 86' lang='lat' dir='ltr'>recte.</span> 
     </span>
     <span class='ocr_line' id='line_1_43' title="bbox 205 2383 838 2423; baseline -0.003 -7"><span class='ocrx_word' id='word_1_337' title='bbox 205 2396 282 2417; x_wconf 88' lang='lat' dir='ltr'>nam</span> <span class='ocrx_word' id='word_1_338' title='bbox 299 2392 329 2415; x_wconf 89' lang='lat' dir='ltr'>et</span> <span class='ocrx_word' id='word_1_339' title='bbox 345 2387 376 2415; x_wconf 89' lang='lat' dir='ltr'>in</span> <span class='ocrx_word' id='word_1_340' title='bbox 394 2385 541 2416; x_wconf 87' lang='lat' dir='ltr'>membro</span> <span class='ocrx_word' id='word_1_341' title='bbox 555 2390 708 2423; x_wconf 89' lang='lat' dir='ltr'>sequente</span> <span class='ocrx_word' id='word_1_342' title='bbox 721 2383 766 2414; x_wconf 89' lang='lat' dir='ltr'>sic</span> <span class='ocrx_word' id='word_1_343' title='bbox 781 2389 838 2414; x_wconf 89' lang='lat' dir='ltr'>est.</span> 
     </span>
    </p>

    <p class='ocr_par' dir='ltr' id='par_1_13' title="bbox 196 2425 904 2855">
     <span class='ocr_line' id='line_1_44' title="bbox 248 2425 904 2470; baseline -0.006 -10"><span class='ocrx_word' id='word_1_344' title='bbox 248 2436 287 2460; x_wconf 79' lang='lat'>28</span> <span class='ocrx_word' id='word_1_345' title='bbox 305 2440 394 2470; x_wconf 83' lang='lat' dir='ltr'>eaque</span> <span class='ocrx_word' id='word_1_346' title='bbox 409 2439 474 2469; x_wconf 80' lang='lat' dir='ltr'>quae</span> <span class='ocrx_word' id='word_1_347' title='bbox 492 2427 606 2467; x_wconf 83' lang='lat' dir='ltr'>percipi</span> <span class='ocrx_word' id='word_1_348' title='bbox 622 2425 754 2466; x_wconf 70' lang='lat' dir='ltr'>pdssunt]</span> <span class='ocrx_word' id='word_1_349' title='bbox 772 2425 904 2456; x_wconf 84' lang='lat' dir='ltr'>Clarum</span> 
     </span>
     <span class='ocr_line' id='line_1_45' title="bbox 203 2471 900 2510; baseline -0.009 -7"><span class='ocrx_word' id='word_1_350' title='bbox 203 2479 250 2503; x_wconf 88' lang='lat' dir='ltr'>est</span> <span class='ocrx_word' id='word_1_351' title='bbox 264 2473 373 2502; x_wconf 84' lang='lat' dir='ltr'>deesse</span> <span class='ocrx_word' id='word_1_352' title='bbox 386 2471 595 2507; x_wconf 87' lang='lat' dir='ltr'>contrarium,</span> <span class='ocrx_word' id='word_1_353' title='bbox 612 2478 728 2508; x_wconf 86' lang='lat' dir='ltr'>nempe</span> <span class='ocrx_word' id='word_1_354' title='bbox 744 2479 811 2510; x_wconf 80' lang='lat' dir='ltr'>quae</span> <span class='ocrx_word' id='word_1_355' title='bbox 818 2474 900 2508; x_wconf 83' lang='lat' dir='ltr'>perc.</span> 
     </span>
     <span class='ocr_line' id='line_1_46' title="bbox 204 2513 901 2555; baseline -0.004 -11"><span class='ocrx_word' id='word_1_356' title='bbox 204 2526 257 2544; x_wconf 86' lang='lat' dir='ltr'>non</span> <span class='ocrx_word' id='word_1_357' title='bbox 273 2521 403 2555; x_wconf 81' lang='lat' dir='ltr'>possunt.</span> <span class='ocrx_word' id='word_1_358' title='bbox 421 2514 597 2544; x_wconf 85' lang='lat' dir='ltr'>Lambinus</span> <span class='ocrx_word' id='word_1_359' title='bbox 614 2522 667 2552; x_wconf 89' lang='lat' dir='ltr'>per</span> <span class='ocrx_word' id='word_1_360' title='bbox 682 2513 901 2550; x_wconf 77' lang='lat' dir='ltr'>conjecturam</span> 
     </span>
     <span class='ocr_line' id='line_1_47' title="bbox 204 2554 902 2599; baseline -0.007 -10"><span class='ocrx_word' id='word_1_361' title='bbox 204 2559 302 2589; x_wconf 85' lang='lat' dir='ltr'>edidit</span> <span class='ocrx_word' id='word_1_362' title='bbox 323 2568 411 2599; x_wconf 78' lang='lat' dir='ltr'>eaque</span> <span class='ocrx_word' id='word_1_363' title='bbox 433 2566 499 2598; x_wconf 82' lang='lat' dir='ltr'>quae</span> <span class='ocrx_word' id='word_1_364' title='bbox 515 2555 630 2595; x_wconf 86' lang='lat' dir='ltr'>percipi</span> <span class='ocrx_word' id='word_1_365' title='bbox 650 2566 703 2584; x_wconf 82' lang='lat' dir='ltr'>non</span> <span class='ocrx_word' id='word_1_366' title='bbox 719 2561 850 2594; x_wconf 82' lang='lat' dir='ltr'>possunt,</span> <span class='ocrx_word' id='word_1_367' title='bbox 867 2554 902 2584; x_wconf 82' lang='lat' dir='ltr'>iis</span> 
     </span>
     <span class='ocr_line' id='line_1_48' title="bbox 205 2598 903 2643; baseline -0.006 -12"><span class='ocrx_word' id='word_1_368' title='bbox 205 2612 273 2643; x_wconf 71' lang='lat' dir='ltr'>qua·</span> <span class='ocrx_word' id='word_1_369' title='bbox 281 2607 412 2641; x_wconf 78' lang='lat' dir='ltr'>possunt,</span> <span class='ocrx_word' id='word_1_370' title='bbox 425 2601 468 2630; x_wconf 84' lang='lat' dir='ltr'>ita</span> <span class='ocrx_word' id='word_1_371' title='bbox 482 2599 563 2629; x_wconf 88' lang='lat' dir='ltr'>bene</span> <span class='ocrx_word' id='word_1_372' title='bbox 585 2600 647 2629; x_wconf 91' lang='lat' dir='ltr'>hoc</span> <span class='ocrx_word' id='word_1_373' title='bbox 669 2598 834 2637; x_wconf 85' lang='lat' dir='ltr'>respondet</span> <span class='ocrx_word' id='word_1_374' title='bbox 849 2607 903 2628; x_wconf 84' lang='lat' dir='ltr'>su-</span> 
     </span>
     <span class='ocr_line' id='line_1_49' title="bbox 203 2641 901 2684; baseline -0.007 -9"><span class='ocrx_word' id='word_1_375' title='bbox 203 2645 314 2684; x_wconf 81' lang='lat' dir='ltr'>periori</span> <span class='ocrx_word' id='word_1_376' title='bbox 331 2642 419 2683; x_wconf 77' lang='lat' dir='ltr'>falsa</span> <span class='ocrx_word' id='word_1_377' title='bbox 447 2642 535 2671; x_wconf 76' lang='lat' dir='ltr'>veris.</span> <span class='ocrx_word' id='word_1_378' title='bbox 581 2642 716 2672; x_wconf 86' lang='lat' dir='ltr'>Secutus</span> <span class='ocrx_word' id='word_1_379' title='bbox 745 2647 791 2671; x_wconf 83' lang='lat' dir='ltr'>cst</span> <span class='ocrx_word' id='word_1_380' title='bbox 816 2641 901 2671; x_wconf 89' lang='lat' dir='ltr'>hanc</span> 
     </span>
     <span class='ocr_line' id='line_1_50' title="bbox 196 2685 900 2724; baseline -0.007 -6"><span class='ocrx_word' id='word_1_381' title='bbox 196 2688 428 2718; x_wconf 82' lang='lat' dir='ltr'>correctionem</span> <span class='ocrx_word' id='word_1_382' title='bbox 450 2685 610 2721; x_wconf 83' lang='lat' dir='ltr'>Davisius,</span> <span class='ocrx_word' id='word_1_383' title='bbox 627 2685 682 2724; x_wconf 90' lang='lat' dir='ltr'>qui</span> <span class='ocrx_word' id='word_1_384' title='bbox 699 2692 765 2714; x_wconf 90' lang='lat' dir='ltr'>tam</span> <span class='ocrx_word' id='word_1_385' title='bbox 780 2690 900 2718; x_wconf 84' lang='lat' dir='ltr'>certam</span> 
     </span>
     <span class='ocr_line' id='line_1_51' title="bbox 197 2727 900 2769; baseline -0.009 -8"><span class='ocrx_word' id='word_1_386' title='bbox 197 2737 299 2769; x_wconf 90' lang='lat' dir='ltr'>putat,</span> <span class='ocrx_word' id='word_1_387' title='bbox 313 2737 348 2760; x_wconf 90' lang='lat' dir='ltr'>ut</span> <span class='ocrx_word' id='word_1_388' title='bbox 365 2739 404 2760; x_wconf 91' lang='lat' dir='ltr'>ne</span> <span class='ocrx_word' id='word_1_389' title='bbox 421 2728 540 2767; x_wconf 86' lang='lat' dir='ltr'>Pyrrho</span> <span class='ocrx_word' id='word_1_390' title='bbox 555 2729 686 2767; x_wconf 90' lang='lat' dir='ltr'>quidem</span> <span class='ocrx_word' id='word_1_391' title='bbox 703 2728 741 2757; x_wconf 90' lang='lat' dir='ltr'>de</span> <span class='ocrx_word' id='word_1_392' title='bbox 757 2736 794 2757; x_wconf 85' lang='lat' dir='ltr'>ea</span> <span class='ocrx_word' id='word_1_393' title='bbox 807 2727 900 2757; x_wconf 83' lang='lat' dir='ltr'>dubi-</span> 
     </span>
     <span class='ocr_line' id='line_1_52' title="bbox 196 2771 898 2813; baseline -0.006 -9"><span class='ocrx_word' id='word_1_394' title='bbox 196 2782 261 2804; x_wconf 81' lang='lat' dir='ltr'>tare</span> <span class='ocrx_word' id='word_1_395' title='bbox 285 2773 391 2813; x_wconf 86' lang='lat' dir='ltr'>possit.</span> <span class='ocrx_word' id='word_1_396' title='bbox 437 2771 650 2811; x_wconf 86' lang='lat' dir='ltr'>Negationem</span> <span class='ocrx_word' id='word_1_397' title='bbox 680 2771 812 2810; x_wconf 88' lang='lat' dir='ltr'>quidem</span> <span class='ocrx_word' id='word_1_398' title='bbox 843 2771 898 2800; x_wconf 84' lang='lat' dir='ltr'>ha-</span> 
     </span>
     <span class='ocr_line' id='line_1_53' title="bbox 196 2813 897 2855; baseline -0.003 -9"><span class='ocrx_word' id='word_1_399' title='bbox 196 2817 272 2848; x_wconf 85' lang='lat' dir='ltr'>bent</span> <span class='ocrx_word' id='word_1_400' title='bbox 289 2817 366 2847; x_wconf 81' lang='lat' dir='ltr'>Mss.</span> <span class='ocrx_word' id='word_1_401' title='bbox 383 2815 488 2855; x_wconf 84' lang='lat' dir='ltr'>plures</span> <span class='ocrx_word' id='word_1_402' title='bbox 504 2822 535 2846; x_wconf 87' lang='lat' dir='ltr'>et</span> <span class='ocrx_word' id='word_1_403' title='bbox 550 2814 588 2846; x_wconf 92' lang='lat' dir='ltr'>V.</span> <span class='ocrx_word' id='word_1_404' title='bbox 609 2821 701 2850; x_wconf 83' lang='lat'>1471.</span> <span class='ocrx_word' id='word_1_405' title='bbox 747 2813 822 2844; x_wconf 90' lang='lat' dir='ltr'>Non</span> <span class='ocrx_word' id='word_1_406' title='bbox 838 2814 897 2844; x_wconf 84' lang='lat' dir='ltr'>du-</span> 
     </span>
    </p>
   </div>
   <div class='ocr_carea' id='block_1_8' title="bbox 953 2123 1654 2206">
    <p class='ocr_par' dir='ltr' id='par_1_14' title="bbox 953 2123 1654 2206">
     <span class='ocr_line' id='line_1_54' title="bbox 953 2123 1278 2154; baseline -0.006 -1"><span class='ocrx_word' id='word_1_407' title='bbox 953 2123 1049 2154; x_wconf 88' lang='lat' dir='ltr'>bitavi</span> <span class='ocrx_word' id='word_1_408' title='bbox 1066 2124 1151 2154; x_wconf 89' lang='lat' dir='ltr'>idem</span> <span class='ocrx_word' id='word_1_409' title='bbox 1166 2123 1278 2153; x_wconf 83' lang='lat' dir='ltr'>facere.</span> 
     </span>
     <span class='ocr_line' id='line_1_55' title="bbox 997 2162 1654 2206; baseline 0 -10"><span class='ocrx_word' id='word_1_410' title='bbox 997 2174 1037 2200; x_wconf 80' lang='lat'>29</span> <span class='ocrx_word' id='word_1_411' title='bbox 1054 2173 1114 2196; x_wconf 82' lang='lat' dir='ltr'>tarn</span> <span class='ocrx_word' id='word_1_412' title='bbox 1123 2165 1305 2206; x_wconf 81' lang='lat' dir='ltr'>praecipitem</span> <span class='ocrx_word' id='word_1_413' title='bbox 1328 2162 1357 2193; x_wconf 76' lang='lat' dir='ltr'>in</span> <span class='ocrx_word' id='word_1_414' title='bbox 1381 2162 1484 2203; x_wconf 85' lang='lat' dir='ltr'>Iocum]</span> <span class='ocrx_word' id='word_1_415' title='bbox 1503 2163 1555 2194; x_wconf 88' lang='lat' dir='ltr'>Sic</span> <span class='ocrx_word' id='word_1_416' title='bbox 1570 2163 1654 2196; x_wconf 80' lang='lat' dir='ltr'>bene</span> 
     </span>
    </p>
   </div>
   <div class='ocr_carea' id='block_1_9' title="bbox 942 2207 1652 2806">
    <p class='ocr_par' dir='ltr' id='par_1_15' title="bbox 949 2207 1652 2369">
     <span class='ocr_line' id='line_1_56' title="bbox 952 2207 1649 2249; baseline -0.007 -9"><span class='ocrx_word' id='word_1_417' title='bbox 952 2210 1099 2240; x_wconf 88' lang='lat' dir='ltr'>Davisius</span> <span class='ocrx_word' id='word_1_418' title='bbox 1127 2218 1181 2249; x_wconf 90' lang='lat' dir='ltr'>pro</span> <span class='ocrx_word' id='word_1_419' title='bbox 1205 2208 1333 2247; x_wconf 85' lang='lat' dir='ltr'>vulgato</span> <span class='ocrx_word' id='word_1_420' title='bbox 1356 2214 1389 2236; x_wconf 81' lang='lat' dir='ltr'>ut</span> <span class='ocrx_word' id='word_1_421' title='bbox 1412 2213 1508 2237; x_wconf 82' lang='lat' dir='ltr'>tamen</span> <span class='ocrx_word' id='word_1_422' title='bbox 1523 2214 1574 2248; x_wconf 87' lang='lat' dir='ltr'>pr.</span> <span class='ocrx_word' id='word_1_423' title='bbox 1591 2208 1614 2238; x_wconf 85' lang='lat' dir='ltr'>i.</span> <span class='ocrx_word' id='word_1_424' title='bbox 1630 2207 1649 2236; x_wconf 87' lang='lat' dir='ltr'>l.</span> 
     </span>
     <span class='ocr_line' id='line_1_57' title="bbox 952 2250 1652 2291; baseline -0.001 -9"><span class='ocrx_word' id='word_1_425' title='bbox 952 2259 1013 2282; x_wconf 80' lang='lat' dir='ltr'>tam</span> <span class='ocrx_word' id='word_1_426' title='bbox 1028 2253 1124 2282; x_wconf 85' lang='lat' dir='ltr'>etiam</span> <span class='ocrx_word' id='word_1_427' title='bbox 1141 2251 1211 2281; x_wconf 86' lang='lat' dir='ltr'>libri</span> <span class='ocrx_word' id='word_1_428' title='bbox 1226 2251 1359 2291; x_wconf 91' lang='lat' dir='ltr'>quidam</span> <span class='ocrx_word' id='word_1_429' title='bbox 1378 2250 1509 2280; x_wconf 88' lang='lat' dir='ltr'>habent.</span> <span class='ocrx_word' id='word_1_430' title='bbox 1552 2251 1652 2281; x_wconf 88' lang='lat' dir='ltr'>Davi-</span> 
     </span>
     <span class='ocr_line' id='line_1_58' title="bbox 949 2293 1649 2332; baseline -0.003 -6"><span class='ocrx_word' id='word_1_431' title='bbox 949 2297 1014 2326; x_wconf 87' lang='lat' dir='ltr'>sius</span> <span class='ocrx_word' id='word_1_432' title='bbox 1037 2295 1213 2332; x_wconf 86' lang='lat' dir='ltr'>dubitabat,</span> <span class='ocrx_word' id='word_1_433' title='bbox 1238 2304 1280 2324; x_wconf 88' lang='lat' dir='ltr'>an</span> <span class='ocrx_word' id='word_1_434' title='bbox 1305 2293 1480 2323; x_wconf 79' lang='lat' dir='ltr'>committere</span> <span class='ocrx_word' id='word_1_435' title='bbox 1503 2293 1534 2323; x_wconf 84' lang='lat' dir='ltr'>in</span> <span class='ocrx_word' id='word_1_436' title='bbox 1556 2293 1649 2324; x_wconf 83' lang='lat' dir='ltr'>locum</span> 
     </span>
     <span class='ocr_line' id='line_1_59' title="bbox 949 2336 1580 2369; baseline -0.002 -1"><span class='ocrx_word' id='word_1_437' title='bbox 949 2339 1071 2369; x_wconf 85' lang='lat' dir='ltr'>dicatur</span> <span class='ocrx_word' id='word_1_438' title='bbox 1088 2337 1194 2368; x_wconf 81' lang='lat' dir='ltr'>latine.</span> <span class='ocrx_word' id='word_1_439' title='bbox 1211 2343 1244 2368; x_wconf 92' lang='lat' dir='ltr'>at</span> <span class='ocrx_word' id='word_1_440' title='bbox 1257 2347 1287 2367; x_wconf 89' lang='lat' dir='ltr'>v.</span> <span class='ocrx_word' id='word_1_441' title='bbox 1304 2336 1436 2367; x_wconf 89' lang='lat' dir='ltr'>Clavem</span> <span class='ocrx_word' id='word_1_442' title='bbox 1453 2337 1483 2366; x_wconf 90' lang='lat' dir='ltr'>in</span> <span class='ocrx_word' id='word_1_443' title='bbox 1500 2337 1534 2366; x_wconf 89' lang='lat' dir='ltr'>h.</span> <span class='ocrx_word' id='word_1_444' title='bbox 1549 2346 1580 2367; x_wconf 88' lang='lat' dir='ltr'>v.</span> 
     </span>
    </p>

    <p class='ocr_par' dir='ltr' id='par_1_16' title="bbox 944 2378 1649 2584">
     <span class='ocr_line' id='line_1_60' title="bbox 992 2378 1648 2419; baseline -0.003 -9"><span class='ocrx_word' id='word_1_445' title='bbox 992 2388 1033 2413; x_wconf 84' lang='lat'>30</span> <span class='ocrx_word' id='word_1_446' title='bbox 1048 2387 1194 2417; x_wconf 81' lang='lat' dir='ltr'>neutrum,</span> <span class='ocrx_word' id='word_1_447' title='bbox 1216 2381 1236 2410; x_wconf 86' lang='lat' dir='ltr'>i.</span> <span class='ocrx_word' id='word_1_448' title='bbox 1259 2378 1387 2418; x_wconf 81' lang='lat' dir='ltr'>illorum]</span> <span class='ocrx_word' id='word_1_449' title='bbox 1407 2379 1562 2419; x_wconf 80' lang='lat' dir='ltr'>Displicet</span> <span class='ocrx_word' id='word_1_450' title='bbox 1583 2378 1648 2409; x_wconf 78' lang='lat' dir='ltr'>illo-</span> 
     </span>
     <span class='ocr_line' id='line_1_61' title="bbox 949 2423 1647 2464; baseline -0.001 -10"><span class='ocrx_word' id='word_1_451' title='bbox 949 2435 1026 2461; x_wconf 85' lang='lat' dir='ltr'>rum,</span> <span class='ocrx_word' id='word_1_452' title='bbox 1041 2424 1126 2464; x_wconf 88' lang='lat' dir='ltr'>quod</span> <span class='ocrx_word' id='word_1_453' title='bbox 1142 2423 1258 2454; x_wconf 87' lang='lat' dir='ltr'>melius</span> <span class='ocrx_word' id='word_1_454' title='bbox 1270 2423 1419 2453; x_wconf 87' lang='lat' dir='ltr'>abfuerit:</span> <span class='ocrx_word' id='word_1_455' title='bbox 1438 2432 1543 2462; x_wconf 90' lang='lat' dir='ltr'>neque</span> <span class='ocrx_word' id='word_1_456' title='bbox 1557 2423 1647 2453; x_wconf 87' lang='lat' dir='ltr'>enim</span> 
     </span>
     <span class='ocr_line' id='line_1_62' title="bbox 944 2465 1649 2498; baseline -0.004 -1"><span class='ocrx_word' id='word_1_457' title='bbox 944 2468 1047 2498; x_wconf 90' lang='lat' dir='ltr'>solent</span> <span class='ocrx_word' id='word_1_458' title='bbox 1063 2467 1152 2497; x_wconf 83' lang='lat' dir='ltr'>latini</span> <span class='ocrx_word' id='word_1_459' title='bbox 1173 2467 1285 2497; x_wconf 87' lang='lat' dir='ltr'>addere</span> <span class='ocrx_word' id='word_1_460' title='bbox 1306 2465 1367 2496; x_wconf 88' lang='lat' dir='ltr'>tale</span> <span class='ocrx_word' id='word_1_461' title='bbox 1382 2471 1481 2495; x_wconf 83' lang='lat' dir='ltr'>neutro</span> <span class='ocrx_word' id='word_1_462' title='bbox 1496 2465 1545 2496; x_wconf 89' lang='lat' dir='ltr'>vel</span> <span class='ocrx_word' id='word_1_463' title='bbox 1567 2472 1649 2495; x_wconf 81' lang='lat' dir='ltr'>utro-</span> 
     </span>
     <span class='ocr_line' id='line_1_63' title="bbox 946 2508 1646 2552; baseline -0.003 -11"><span class='ocrx_word' id='word_1_464' title='bbox 946 2522 1011 2552; x_wconf 84' lang='lat' dir='ltr'>que.</span> <span class='ocrx_word' id='word_1_465' title='bbox 1041 2510 1170 2539; x_wconf 80' lang='lat' dir='ltr'>nitamur</span> <span class='ocrx_word' id='word_1_466' title='bbox 1199 2517 1246 2540; x_wconf 87' lang='lat' dir='ltr'>est</span> <span class='ocrx_word' id='word_1_467' title='bbox 1273 2509 1506 2540; x_wconf 85' lang='lat' dir='ltr'>contendamus</span> <span class='ocrx_word' id='word_1_468' title='bbox 1537 2508 1646 2539; x_wconf 81' lang='lat' dir='ltr'>defen·</span> 
     </span>
     <span class='ocr_line' id='line_1_64' title="bbox 945 2552 1314 2584; baseline -0.005 0"><span class='ocrx_word' id='word_1_469' title='bbox 945 2555 1017 2584; x_wconf 86' lang='lat' dir='ltr'>dere</span> <span class='ocrx_word' id='word_1_470' title='bbox 1032 2563 1062 2584; x_wconf 83' lang='lat' dir='ltr'>v.</span> <span class='ocrx_word' id='word_1_471' title='bbox 1079 2552 1167 2582; x_wconf 87' lang='lat' dir='ltr'>clav.</span> <span class='ocrx_word' id='word_1_472' title='bbox 1184 2553 1216 2583; x_wconf 88' lang='lat' dir='ltr'>in</span> <span class='ocrx_word' id='word_1_473' title='bbox 1233 2553 1266 2582; x_wconf 85' lang='lat' dir='ltr'>h.</span> <span class='ocrx_word' id='word_1_474' title='bbox 1283 2562 1314 2582; x_wconf 94' lang='lat' dir='ltr'>v.</span> 
     </span>
    </p>

    <p class='ocr_par' dir='ltr' id='par_1_17' title="bbox 942 2591 1646 2806">
     <span class='ocr_line' id='line_1_65' title="bbox 989 2591 1646 2634; baseline -0.005 -7"><span class='ocrx_word' id='word_1_475' title='bbox 989 2603 1027 2628; x_wconf 84' lang='lat'>31</span> <span class='ocrx_word' id='word_1_476' title='bbox 1046 2595 1119 2624; x_wconf 83' lang='lat' dir='ltr'>idem</span> <span class='ocrx_word' id='word_1_477' title='bbox 1135 2596 1196 2625; x_wconf 80' lang='lat' dir='ltr'>haec</span> <span class='ocrx_word' id='word_1_478' title='bbox 1207 2606 1260 2626; x_wconf 80' lang='lat' dir='ltr'>non</span> <span class='ocrx_word' id='word_1_479' title='bbox 1273 2594 1369 2624; x_wconf 81' lang='lat' dir='ltr'>acrius</span> <span class='ocrx_word' id='word_1_480' title='bbox 1380 2591 1548 2634; x_wconf 80' lang='lat' dir='ltr'>accusavit]</span> <span class='ocrx_word' id='word_1_481' title='bbox 1567 2594 1646 2624; x_wconf 87' lang='lat' dir='ltr'>Sen-</span> 
     </span>
     <span class='ocr_line' id='line_1_66' title="bbox 945 2637 1643 2674; baseline -0.006 -4"><span class='ocrx_word' id='word_1_482' title='bbox 945 2640 1043 2670; x_wconf 88' lang='lat' dir='ltr'>tentia</span> <span class='ocrx_word' id='word_1_483' title='bbox 1058 2639 1118 2669; x_wconf 91' lang='lat' dir='ltr'>loci</span> <span class='ocrx_word' id='word_1_484' title='bbox 1134 2648 1200 2669; x_wconf 82' lang='lat' dir='ltr'>esse</span> <span class='ocrx_word' id='word_1_485' title='bbox 1222 2638 1327 2674; x_wconf 90' lang='lat' dir='ltr'>debet,</span> <span class='ocrx_word' id='word_1_486' title='bbox 1344 2647 1409 2668; x_wconf 90' lang='lat' dir='ltr'>non</span> <span class='ocrx_word' id='word_1_487' title='bbox 1433 2637 1542 2667; x_wconf 86' lang='lat' dir='ltr'>minus</span> <span class='ocrx_word' id='word_1_488' title='bbox 1565 2638 1643 2667; x_wconf 89' lang='lat' dir='ltr'>acri-</span> 
     </span>
     <span class='ocr_line' id='line_1_67' title="bbox 944 2680 1641 2722; baseline -0.006 -9"><span class='ocrx_word' id='word_1_489' title='bbox 944 2690 990 2713; x_wconf 86' lang='lat' dir='ltr'>ter</span> <span class='ocrx_word' id='word_1_490' title='bbox 1005 2683 1217 2722; x_wconf 72' lang='lat' dir='ltr'>impugnavit,</span> <span class='ocrx_word' id='word_1_491' title='bbox 1232 2691 1332 2721; x_wconf 85' lang='lat' dir='ltr'>quam</span> <span class='ocrx_word' id='word_1_492' title='bbox 1347 2680 1425 2711; x_wconf 85' lang='lat' dir='ltr'>oiim</span> <span class='ocrx_word' id='word_1_493' title='bbox 1438 2680 1619 2710; x_wconf 88' lang='lat' dir='ltr'>defenderat</span> <span class='ocrx_word' id='word_1_494' title='bbox 1632 2691 1641 2710; x_wconf 76' lang='grc' dir='ltr'><strong><em>ε</em></strong></span> 
     </span>
     <span class='ocr_line' id='line_1_68' title="bbox 942 2723 1644 2764; baseline -0.003 -8"><span class='ocrx_word' id='word_1_495' title='bbox 942 2727 996 2756; x_wconf 87' lang='lat' dir='ltr'>scd</span> <span class='ocrx_word' id='word_1_496' title='bbox 1013 2725 1106 2756; x_wconf 87' lang='lat' dir='ltr'>lectio</span> <span class='ocrx_word' id='word_1_497' title='bbox 1121 2725 1249 2764; x_wconf 84' lang='lat' dir='ltr'>vulgata</span> <span class='ocrx_word' id='word_1_498' title='bbox 1263 2724 1458 2754; x_wconf 86' lang='lat' dir='ltr'>contrarium</span> <span class='ocrx_word' id='word_1_499' title='bbox 1473 2723 1560 2753; x_wconf 90' lang='lat' dir='ltr'>dicit.</span> <span class='ocrx_word' id='word_1_500' title='bbox 1586 2723 1644 2754; x_wconf 89' lang='lat' dir='ltr'>Ed.</span> 
     </span>
     <span class='ocr_line' id='line_1_69' title="bbox 942 2766 1644 2806; baseline -0.004 -7"><span class='ocrx_word' id='word_1_501' title='bbox 942 2769 1024 2799; x_wconf 86' lang='lat' dir='ltr'>Ven.</span> <span class='ocrx_word' id='word_1_502' title='bbox 1044 2775 1137 2804; x_wconf 81' lang='lat'>1474.</span> <span class='ocrx_word' id='word_1_503' title='bbox 1161 2768 1256 2798; x_wconf 88' lang='lat' dir='ltr'>habet</span> <span class='ocrx_word' id='word_1_504' title='bbox 1278 2774 1311 2796; x_wconf 86' lang='lat' dir='ltr'>ut</span> <span class='ocrx_word' id='word_1_505' title='bbox 1332 2766 1438 2797; x_wconf 79' lang='lat' dir='ltr'>acrius.</span> <span class='ocrx_word' id='word_1_506' title='bbox 1462 2766 1540 2796; x_wconf 84' lang='lat' dir='ltr'>forte</span> <span class='ocrx_word' id='word_1_507' title='bbox 1562 2767 1644 2806; x_wconf 87' lang='lat' dir='ltr'>opti-</span> 
     </span>
    </p>
   </div>
   <div class='ocr_carea' id='block_1_10' title="bbox 944 2810 1614 2850">
    <p class='ocr_par' dir='ltr' id='par_1_18' title="bbox 944 2810 1614 2850">
     <span class='ocr_line' id='line_1_70' title="bbox 944 2810 1614 2850; baseline -0.009 -6"><span class='ocrx_word' id='word_1_508' title='bbox 944 2822 1038 2844; x_wconf 87' lang='lat' dir='ltr'>mum</span> <span class='ocrx_word' id='word_1_509' title='bbox 1055 2818 1102 2843; x_wconf 85' lang='lat' dir='ltr'>est</span> <span class='ocrx_word' id='word_1_510' title='bbox 1116 2810 1218 2844; x_wconf 85' lang='lat' dir='ltr'>delere</span> <span class='ocrx_word' id='word_1_511' title='bbox 1233 2822 1297 2842; x_wconf 83' lang='lat' dir='ltr'>non.</span> <span class='ocrx_word' id='word_1_512' title='bbox 1341 2810 1502 2849; x_wconf 76' lang='lat' dir='ltr'>conjicias</span> <span class='ocrx_word' id='word_1_513' title='bbox 1512 2815 1614 2850; x_wconf 83' lang='lat' dir='ltr'>prope.</span> 
     </span>
    </p>
   </div>
  </div>
 </body>
</html>
