1768 3095
234 89 288 126 46
577 85 850 126 ACADEM.
880 87 1326 127 QUAESTIONUM

233 193 549 238 dissentientem
579 195 872 246 commoveris,
901 208 994 236 eam
1022 195 1337 252 philosophiam
1368 208 1556 260 sequere,
1579 209 1676 253 quae

233 250 458 294 confundit
475 265 572 293 vera
600 265 699 294 cum
730 252 860 303 falsis,
881 252 1035 316 spoliat
1060 267 1137 293 nos
1159 252 1341 317 judicio,
1369 260 1503 308 privat
1521 266 1677 309 appro-

233 308 418 360 batione,
438 308 636 350 omnibus
657 307 781 350 orbat
801 309 1017 351 sensibus?
1040 310 1097 351 Et
1118 308 1358 351 Cimmeriis
1379 307 1568 366 quidem,
1584 309 1679 366 qui·

232 365 314 407 bus
335 364 584 421 adspectum
613 365 713 407 solis
743 365 826 406 sive
857 364 961 406 deus
988 365 1154 422 aliquis,
1174 366 1259 407 sive
1284 375 1433 408 natura
1450 365 1680 417 ademerat,

233 421 320 464 sive
350 421 442 478 ejus
472 421 570 473 loci,
591 436 717 479 quem
747 420 1003 473 incolebant,
1021 423 1140 474 situs,
1172 423 1291 479 ignes
1320 430 1463 464 tamen
1493 421 1682 474 aderant,

234 493 419 536 quorum
439 478 520 520 illis
540 480 604 520 uti
619 478 782 529 lumine
810 478 979 520 licebat.
1010 479 1080 521 isti
1114 489 1274 531 autem,
1325 494 1401 521 uos
1431 487 1480 521 tu
1511 478 1682 534 probas,

233 535 364 577 tantis
383 535 528 577 offusis
546 535 743 587 tenebris,
765 549 816 576 ne
835 535 1061 577 scintillam
1083 536 1254 592 quidem
1274 551 1303 577 u
1322 536 1406 578 lam
1428 536 1549 579 nobis
1570 544 1612 568 20
1627 535 1683 577 ad

235 591 545 649 dispiciendum
574 592 844 649 reliquerunt.
875 607 984 649 quos
1013 593 1048 634 si
1082 607 1322 650 sequamur,
1345 592 1396 634 iis
1423 592 1598 634 vinculis
1625 591 1682 634 si-

173 655 226 693 62
237 663 333 691 mus
353 648 557 701 adstricti,
577 657 625 691 ut
645 664 723 691 nos
743 663 1012 691 commovere
1032 663 1303 706 nequeamus.
1362 649 1540 691 Sublata
1567 649 1681 690 enim

236 706 490 758 assensione,
509 720 681 748 omnem
705 715 750 748 et
777 715 943 748 motum
974 707 1229 758 animorum,
1245 714 1288 747 et
1309 706 1521 748 actionem
1541 719 1683 747 rerum

235 762 511 805 sustulerunt.
570 763 656 805 uod
677 778 761 805 non
780 762 912 804 modo
931 772 1044 805 recte
1064 763 1166 814 fieri,
1186 762 1259 805 sed
1279 763 1454 805 omnino
1483 762 1571 804 fieri
1599 776 1686 804 non

268 827 392 861 otest.
424 821 543 876 provi
574 834 596 861 e
616 820 759 871 etiam,
780 835 832 861 ne
864 820 939 861 uni
970 820 1049 862 tibi
1079 821 1203 862 istam
1229 819 1483 861 sententiam
1509 818 1685 861 minime

236 834 365 918 liceat
392 875 628 919 defendere.
657 892 711 919 an
739 886 801 929 tu,
821 891 921 918 cum
952 891 1016 919 res
1046 877 1355 920 occultissimas
1384 875 1611 932 aperueriS,
1641 875 1686 918 in

237 933 465 989 lucemque
495 933 735 989 protuleris,
761 935 1015 990 juratusque
1046 933 1215 986 dixeris,
1243 949 1293 975 ea
1324 944 1368 975 te
1398 932 1655 989 comperisse
1673 948 1686 974 ς

238 989 356 1046 quod
375 990 480 1032 mihi
499 1005 671 1047 quoque
700 990 870 1042 licebat,
889 992 962 1048 qui
980 1005 1032 1032 ex
1050 1002 1092 1032 te
1112 991 1185 1033 illa
1209 1004 1492 1046 cognoveram
1512 1006 1522 1031 z
1554 1002 1687 1046 nega-

236 1047 304 1088 bis
342 1061 433 1088 esse
467 1062 555 1088 rem
595 1047 741 1097 ullam,
778 1062 874 1103 quae
909 1049 1129 1104 cognosci,
1168 1047 1489 1104 comprehendi,
1527 1045 1689 1102 percipi

239 1103 405 1159 possit?
437 1103 544 1153 vide,
563 1118 724 1160 quaeso,
744 1106 872 1146 etiam
907 1114 1034 1161 atque
1063 1106 1207 1156 etiam,
1236 1119 1289 1146 ne
1318 1104 1488 1146 illarum
1518 1116 1689 1160 quoque

178 1168 227 1205 63
241 1174 381 1202 rerum
401 1160 781 1216 pulcherrimarum
802 1175 828 1202 a
845 1171 887 1203 te
908 1163 1001 1218 ipso
1029 1163 1246 1204 minuatur
1275 1161 1518 1203 auctoritas.
1577 1161 1689 1217 Quae

199 1220 342 1259 b·cum
361 1216 533 1259 dixisset
550 1217 636 1268 ille,
658 1218 781 1258 finem
804 1217 918 1259 fecit.
978 1219 1234 1260 Hortensius
1260 1227 1403 1259 autem
1420 1217 1691 1258 vehementer

240 1273 467 1325 admirans,
492 1273 625 1330 (quod
654 1273 826 1329 quidem
857 1282 1063 1331 perpetuo
1095 1275 1278 1316 Lucullo
1297 1274 1499 1330 loquente
1519 1273 1691 1324 fecerat,

240 1338 290 1372 ut
308 1330 437 1371 etiam
456 1345 607 1372 manus
628 1344 740 1386 saepe
759 1329 942 1372 tolleret.
963 1345 1039 1373 nec
1060 1331 1229 1374 mirum.
1248 1345 1346 1372 nam
1367 1344 1602 1387 numquam
1621 1343 1691 1372 ar-

238 1386 375 1428 bitror
395 1395 545 1429 contra
570 1386 850 1429 Academiam
878 1387 1041 1430 dictum
1061 1401 1151 1430 esse
1173 1388 1386 1441 subtilius)
1414 1401 1484 1429 me
1503 1399 1690 1444 quoque,

234 1444 456 1500 jocansne,
475 1458 530 1485 an
549 1444 608 1486 ita
626 1444 823 1496 sentiens,
848 1447 951 1498 (non
970 1445 1084 1486 enim
1105 1446 1206 1487 satis
1225 1444 1534 1499 intelligebam)
1559 1443 1691 1499 coepit

242 1500 420 1552 hortari,
439 1509 487 1542 ut
521 1500 729 1542 sententia
759 1501 1016 1543 desisterem.
1074 1502 1187 1543 Tum
1215 1501 1322 1543 mihi
1348 1499 1545 1551 Catulus,
1566 1500 1612 1542 Si
1632 1507 1691 1551 te,

242 1557 395 1613 inquit,
415 1557 585 1598 Luculli
605 1558 741 1599 oratio
761 1558 891 1609 flexit,
912 1572 1008 1614 quae
1027 1566 1090 1600 est
1110 1558 1254 1600 habita
1284 1556 1543 1610 memoriter,
1564 1571 1691 1599 accu-

242 1623 346 1665 rate,
367 1614 570 1670 copiose:
598 1623 735 1665 taceo,
756 1629 893 1671 neque
920 1624 977 1666 te,
997 1630 1084 1671 quo
1114 1615 1271 1666 minus,
1293 1615 1327 1656 si
1355 1614 1433 1656 tibi
1463 1614 1522 1657 ita
1549 1613 1691 1656 videa-

241 1679 328 1721 tur,
363 1671 614 1712 sententiam
652 1680 806 1722 mutes,
842 1671 1138 1714 deterrendum
1178 1681 1299 1730 puto.
1337 1670 1442 1713 illud
1475 1684 1573 1713 vero
1605 1685 1692 1712 non

243 1727 496 1779 censuerim,
515 1736 565 1769 ut
583 1727 676 1784 ejus
695 1728 948 1770 auctoritate
975 1742 1181 1771 moveare.
1213 1738 1250 1762 21
1269 1737 1437 1770 tantum
1466 1728 1581 1770 enim
1606 1741 1694 1770 non

244 1793 288 1824 te
307 1783 440 1826 modo
459 1785 643 1836 monuit,
661 1784 814 1841 inquit,
834 1785 1033 1836 arridens,
1054 1795 1103 1828 ut
1124 1800 1303 1837 caveres,
1325 1799 1377 1826 ne
1407 1786 1500 1842 quis
1530 1784 1693 1841 impro-

244 1840 326 1882 bus
356 1840 552 1883 tribunus
581 1841 731 1896 plebis,
752 1856 933 1898 quorum
964 1842 1078 1884 vides
1109 1852 1267 1899 quanta
1293 1843 1417 1898 copia
1441 1855 1608 1898 semper
1624 1841 1693 1884 fu-

245 1905 342 1939 tura
370 1897 439 1950 sit,
459 1898 660 1954 arriperet
688 1906 744 1950 te,
766 1908 810 1940 et
839 1899 880 1940 in
913 1900 1118 1941 concione
1150 1908 1372 1956 quaereret,
1393 1898 1466 1956 qui
1491 1898 1570 1940 tibi
1589 1912 1694 1940 con-

246 1962 393 2006 stares,
435 1969 535 1996 eum
573 1953 687 1996 idem
723 1969 898 2011 negares
938 1956 1171 2013 quidquam
1207 1955 1311 1998 certi
1347 1969 1472 2012 posse
1508 1954 1694 2011 reperiri,

245 2009 362 2052 idem
382 2020 425 2052 te
449 2011 706 2067 comperisse
735 2011 923 2054 dixisses.
985 2022 1025 2046 22
1039 2015 1156 2066 Hoc,
1177 2027 1339 2070 quaeSO,
1370 2027 1423 2054 ne
1452 2021 1495 2053 te
1526 2019 1694 2067 terreat.

246 2066 300 2109 de
321 2081 448 2110 causa
467 2077 611 2110 autem
639 2068 731 2124 ipsa
756 2069 901 2111 malim
934 2070 1107 2126 quidem
1127 2080 1170 2112 te
1189 2071 1243 2112 ab
1263 2070 1347 2112 hoc
1366 2068 1599 2110 dissentire.
1630 2067 1695 2110 sin

247 2125 435 2176 cesseris,
457 2140 541 2168 non
569 2139 828 2182 magnopere
860 2127 1060 2170 mirabor.
1090 2126 1265 2169 memini
1294 2125 1406 2167 enim
1428 2125 1694 2168 Antiochum
1725 2142 1728 2143 ⁷

247 2180 404 2237 ipsum,
424 2196 523 2224 cum
544 2196 676 2223 annos
696 2183 856 2225 multos
887 2183 989 2226 talia
1017 2184 1228 2235 sensisset,
1249 2183 1377 2225 simul
1395 2197 1445 2225 ac
1464 2182 1602 2225 visum
1625 2181 1696 2233 sit,

249 2238 460 2280 sententia
477 2238 702 2281 destitisse.
762 2241 872 2282 Haec
893 2255 992 2283 cum
1013 2241 1186 2284 dixisset
1207 2240 1388 2283 Catulus
1406 2257 1415 2281 ε
1447 2254 1518 2282 me
1547 2253 1696 2282 omnes

249 2294 418 2336 intueri.

187 2359 240 2397 64
307 2351 419 2393 Tum
440 2366 523 2408 ego
543 2366 629 2394 non
648 2352 788 2395 minus
807 2362 1065 2406 commotus,
1086 2368 1214 2410 quam
1244 2353 1363 2395 soleo
1383 2353 1424 2395 in
1446 2352 1583 2395 causis
1601 2366 1696 2394 ma·

169 2406 429 2467 20joribus,
465 2408 712 2465 hujusmodi
746 2417 785 2442 23
803 2410 986 2467 quadam
1022 2411 1214 2453 oratione
1249 2426 1342 2452 sum
1374 2424 1572 2453 exorsus:
1603 2409 1697 2461 Me,

295 2537 336 2562 520
363 2529 405 2559 ad
423 2530 632 2570 aspiciendum]
661 2531 741 2563 Mss.
764 2532 897 2572 quidam
923 2540 953 2562 et
1042 2541 1081 2564 22
1101 2533 1172 2570 Hoc,
1190 2532 1298 2575 quaeso]
1313 2535 1394 2565 Mss.
1410 2544 1473 2574 reg.
1489 2534 1586 2565 Paris.
1601 2540 1633 2565 et
1646 2534 1700 2564 alii

250 2574 290 2604 ed
306 2574 386 2604 Ven.
406 2581 498 2609 1471.
514 2574 734 2615 dispiciendum,
756 2578 842 2614 quod
864 2576 954 2605 valde
999 2586 1048 2616 ap.
1065 2577 1234 2608 Dav-isium
1257 2579 1379 2608 addunt
1394 2588 1478 2608 cave.
1502 2586 1568 2608 non
1591 2586 1700 2608 neces-

251 2616 376 2656 placet:
402 2625 447 2647 est
472 2618 561 2647 enim
586 2619 749 2657 proprium
781 2619 814 2649 in
836 2620 896 2650 hac
924 2629 954 2649 re
999 2620 1090 2650 sario.
1582 2644 1586 2649 ,

251 2660 386 2690 verbum
418 2661 502 2700 apud
532 2660 720 2692 Ciceronem
749 2668 779 2692 et
807 2662 895 2693 alios.
927 2673 956 2693 v.
1045 2669 1084 2694 23
1117 2663 1242 2704 quadam
1270 2661 1407 2701 oratione]
1441 2662 1494 2693 Sic
1522 2663 1594 2694 edd.
1623 2668 1700 2695 vett.

257 2702 390 2732 Clavem
407 2703 439 2733 in
456 2704 490 2734 h.
506 2712 537 2734 v.
1000 2706 1143 2743 Venetae,
1171 2707 1258 2743 Aldi,
1285 2707 1368 2736 Vict.
1395 2706 1491 2736 etiam
1519 2706 1599 2737 Mss.
1629 2707 1701 2746 qui-

298 2753 335 2776 21
363 2752 477 2776 tantum
503 2746 578 2776 enim
601 2757 656 2777 non
679 2754 706 2776 te
732 2748 809 2778 modo
832 2748 955 2788 monuit]
999 2751 1086 2780 dam.
1102 2750 1194 2782 bene.
1217 2749 1346 2790 Vulgati
1367 2750 1508 2790 posthaec
1530 2748 1615 2792 quasi
1635 2761 1700 2780 ora-

255 2789 307 2819 Sic
335 2789 398 2819 Ms.
430 2799 494 2829 reg.
517 2790 611 2821 Paris.
635 2797 666 2820 et
691 2790 742 2820 alii
770 2801 821 2831 ap.
848 2792 958 2824 Davis.
1001 2793 1085 2823 tione.

256 2833 347 2862 bene.
365 2831 453 2873 vulg.
471 2839 585 2863 tantum
598 2833 672 2863 em'm
685 2840 713 2864 te
728 2845 781 2864 non
796 2846 836 2865 m.
