1778 3095
235 152 315 190 520
665 151 746 189 DE
783 150 1216 192 DIVINATIONE

233 267 330 352 31ssae
360 255 442 298 sint
468 257 754 301 animadversa
782 275 807 301 a
834 259 1008 303 medicis
1037 260 1263 303 herbarum
1291 273 1462 316 genera,
1482 273 1577 318 quae
1596 275 1665 309 ra·-

266 311 378 354 'cum
408 313 461 355 ad
489 330 655 357 morsus
684 316 928 370 bestiarum,
949 318 1000 359 ad
1031 319 1253 359 oculorum
1282 317 1469 369 morbos,
1490 316 1542 358 ad
1572 316 1663 358 vul-

234 381 359 410 nera:
383 385 565 426 quorum
584 373 668 413 vim
688 383 814 430 atque
834 385 1025 416 naturam
1047 375 1153 416 ratio
1174 388 1406 430 numquam
1427 373 1662 430 explicavit,

231 425 413 468 utilitate
447 436 489 468 et
524 442 588 468 ars
624 437 701 481 est,
738 440 780 471 et
815 431 1002 473 inventor
1033 432 1249 486 probatus.
1308 430 1420 485 Age,
1453 445 1517 481 ea,
1552 443 1663 493 quss,

231 495 488 538 quamquam
509 498 559 525 ex
578 485 660 527 alio
682 501 838 543 genere
858 498 970 539 sunt,
1002 496 1143 529 tamen
1164 487 1406 529 divinatiom
1427 494 1525 528 sunt
1545 486 1662 527 siml-

230 536 348 589 iiora,
369 539 596 582 videamus.

335 631 449 680 Atque
464 633 566 668 etiam
585 642 699 669 ventos
711 642 954 683 praemonstrat
970 644 1058 683 saepe
1062 635 1209 681 futuros

336 684 500 731 Inflatum
519 699 621 729 mare,
639 699 712 721 cum
731 686 840 722 subito
852 687 1049 736 penitusque
1066 687 1231 731 tumescit,

339 736 502 787 Saxaque
517 752 619 782 cana,
637 739 720 775 salis
741 740 836 776 niveo
854 747 1012 789 spumata
1032 740 1169 789 liquore,

342 790 529 836 Tristificas
549 801 677 828 certant
697 793 852 842 Neptuno
869 792 1003 829 reddere
1020 805 1116 829 voces
1131 808 1144 829 .-

337 845 424 888 Aut‚
444 844 564 881 densus
579 844 702 881 stridor
720 858 793 881 cum
813 845 894 882 celso
913 859 930 882 e
947 846 1072 883 vertice
1090 845 1206 883 montis

341 897 460 940 Ortus,
493 904 529 927 1⁵
544 897 743 949 adaugescit
759 899 963 949 scopulorum
982 910 1070 950 saepe
1087 899 1249 949 repulsus.

123 849 156 880 p.
169 846 220 871 sa.

191 892 220 913 a.

185 967 374 1024 8Atque
404 968 469 1010 his
499 985 638 1013 rerum
668 972 1020 1028 praesensionibus
1056 978 1092 1004 16
1114 971 1386 1028 prognostica
1413 978 1487 1012 tua
1515 971 1666 1020 referta

230 1035 343 1066 sunt.
401 1027 509 1082 Quis
537 1028 668 1083 igitur
696 1029 846 1070 elicere
867 1043 1012 1070 causas
1033 1030 1362 1084 praesensionum
1384 1029 1553 1085 potest?
1586 1027 1666 1069 etsi

228 1081 351 1123 video
378 1082 593 1125 Bo'e'thum
624 1085 815 1127 Stoicum
847 1099 937 1126 esse
956 1096 1172 1127 conatum.
1193 1086 1265 1142 qui
1285 1086 1486 1127 hactenus
1506 1083 1666 1140 aliquid

229 1137 332 1193 egit,
369 1148 417 1180 ut
452 1154 594 1183 earum
633 1143 840 1183 rationem
877 1157 1017 1183 rerum
1058 1142 1299 1197 explicaret,
1341 1158 1434 1199 quae
1474 1141 1514 1182 in
1558 1139 1664 1181 mari

170 1194 581 1292 14gi³⁸¹⁰Ye,fiesent·
650 1199 730 1240 Illa
767 1213 865 1241 vero
904 1213 980 1240 cur
1017 1198 1222 1251 eveniant,
1261 1215 1354 1255 quis
1391 1197 1666 1256 probabiliter

257 1261 402 1293 lxerrt.

335 1344 434 1382 Cana
440 1344 546 1391 fulix
565 1345 678 1382 itidem
685 1346 831 1396 fugiens
850 1361 867 1383 e
879 1346 1020 1397 gurgite
1035 1348 1141 1396 ponti,

335 1404 370 1433 17
389 1399 540 1435 IVuntiat
557 1398 726 1435 horribiles
745 1400 894 1437 clamans
912 1401 1039 1436 instare
1053 1400 1228 1449 proeellas,

330 1451 442 1488 Haud
460 1451 596 1488 modicos
616 1454 753 1489 tremulo
759 1453 911 1502 fundens
927 1467 944 1490 e
951 1462 1094 1503 gutture
1108 1464 1242 1492 cantus.

332 1504 432 1555 Saepe
448 1506 549 1542 etiam
562 1507 719 1556 pertriste
737 1507 828 1543 canit
847 1507 888 1544 de
900 1516 1029 1557 pretore
1044 1519 1190 1551 carmen,

334 1559 382 1596 Et
398 1559 573 1595 matutinis
591 1559 751 1597 acredula
770 1561 907 1597 vocibus
922 1561 1040 1605 instat,

336 1611 474 1649 Vocibus
494 1613 611 1657 instat,
632 1621 663 1649 et
681 1613 834 1650 assiduas
844 1614 937 1661 jacit
957 1628 1009 1650 ore
1027 1614 1192 1665 querelas,

335 1664 421 1701 Cum
437 1666 582 1715 primum
596 1666 726 1715 gelidos
744 1680 830 1703 rores
849 1681 972 1704 aurora
990 1668 1144 1704 remittit.

333 1718 507 1768 Fuscaque
525 1733 771 1768 nonnumquam
791 1733 930 1756 cursans
943 1730 1006 1769 per
1022 1722 1137 1757 littora
1156 1720 1271 1756 cornix

335 1771 503 1807 Demersit
519 1781 631 1822 caput,
653 1782 683 1808 et
690 1772 842 1818 fluctum
860 1774 986 1809 cer-vice
1005 1774 1135 1824 recepit.

182 1810 436 1886 9Videmus
466 1845 558 1886 haec
589 1846 708 1901 signa
738 1861 968 1902 numquam
999 1848 1085 1888 fere
1114 1845 1411 1897 ementientia:
1454 1854 1580 1890 18nec
1599 1854 1675 1889 ta*

171 1884 215 1925 ¹¹⁵
229 1916 341 1953 men,
362 1917 437 1943 cur
453 1902 512 1943 ita
531 1902 617 1952 fiat,
638 1902 840 1944 videmus.

338 1993 399 2029 Vos
418 2006 543 2043 quoque
561 1993 660 2042 signa
678 1993 817 2036 videtis,
835 1993 940 2043 aquai
959 1992 1066 2030 dulcis
1085 1993 1249 2037 alumnae,

337 2047 422 2084 Cum
438 2047 578 2083 clamore
592 2047 729 2096 paratis
748 2047 862 2083 inanes
869 2046 1018 2092 fundere
1036 2060 1145 2090 voces,

333 2099 555 2151 Absurdoque
572 2114 647 2136 sono
658 2101 776 2148 fontes
794 2110 825 2136 et
839 2110 965 2150 stagna
984 2101 1088 2138 cietz's.

227 2172 335 2230 Quis
354 2179 432 2224 est,
453 2172 524 2229 qui
546 2172 800 2214 ranunculos
828 2172 911 2214 hoc
941 2172 1078 2214 videre
1108 2171 1307 2228 suspicari
1335 2171 1502 2228 possit?
1537 2180 1576 2206 ¹9
1589 2170 1664 2213 sed

228 2330 294 2357 non,
312 2319 491 2350 auctoribus
508 2320 587 2350 Mss.
601 2320 685 2358 quod
700 2320 797 2359 vulgo
813 2326 859 2350 est
874 2330 928 2350 su-

228 2372 284 2402 pra
313 2370 383 2402 post
410 2363 506 2404 quod:
530 2370 576 2394 est
605 2364 693 2393 enim
723 2364 866 2393 usitatius
897 2369 928 2393 et

229 2406 416 2444 elegantius.

276 2452 312 2478 15
337 2447 504 2488 adaugescit
529 2447 703 2487 scopulorum
730 2454 804 2487 saepe
833 2446 928 2486 repul-

231 2489 290 2529 sus]
310 2491 361 2520 Sic
378 2491 455 2521 Mss.
471 2497 502 2520 et
517 2492 587 2521 edd.
602 2498 676 2521 vett.
697 2491 844 2521 Davisius
861 2500 928 2520 cor-

232 2534 312 2562 rexit
335 2533 447 2572 repulsu
469 2533 535 2564 sola
553 2534 756 2571 conjectura:
780 2534 866 2572 quod
882 2542 928 2562 re—

231 2576 398 2615 prehendit
434 2577 676 2615 Oudendorpius
713 2577 753 2606 ad
797 2576 928 2605 Sueton.

231 2619 316 2658 Aug.
333 2628 360 2648 c.
379 2625 428 2651 91.
445 2619 602 2658 accipiens
625 2626 700 2657 saepe
718 2618 925 2654 substantive,

234 2668 271 2691 ut
284 2663 324 2692 sit
347 2667 432 2700 saepes
448 2661 632 2700 scopulorum,
650 2670 685 2691 ut
701 2667 788 2699 saepes
803 2660 927 2700 superci-

234 2703 336 2734 liorum
365 2700 481 2734 dicitur
518 2704 642 2734 munire
679 2704 800 2734 oculos.
845 2704 927 2733 Sane

234 2753 308 2786 saepe
332 2747 363 2776 in
387 2747 441 2777 illa
463 2748 653 2777 correctione
676 2748 795 2777 durum
817 2755 853 2776 ac
876 2746 928 2776 fri-

234 2790 345 2829 gidum
361 2796 418 2820 est.
467 2790 471 2792 ’

281 2838 318 2862 16
336 2831 516 2872 prognostica
533 2830 599 2874 tua]
616 2833 655 2864 In
669 2832 788 2864 Arateis
803 2841 822 2864 a
837 2832 926 2862 Cice-

235 2885 310 2906 rone
326 2877 419 2906 versis
435 2875 542 2907 latine.
701 2879 703 2881 “
751 2879 754 2881 ’

1016 2323 1050 2353 17
1078 2318 1206 2349 Nuntiat
1221 2318 1326 2349 horrib.
1350 2317 1490 2357 clamans]
1516 2319 1666 2350 Davisius

969 2371 988 2392 e
1011 2362 1090 2392 Mss.
1117 2363 1234 2402 quibus
1257 2369 1287 2392 et
1311 2362 1417 2392 Guelf.
1439 2362 1608 2398 consentit,
1635 2368 1667 2392 et

970 2405 1040 2435 edd.
1056 2411 1131 2435 vett.
1153 2404 1291 2434 Clamans
1306 2404 1422 2434 nuntiat
1437 2404 1512 2433 horr.
1529 2405 1582 2434 sed
1597 2414 1666 2435 ver-

970 2457 1024 2478 sus
1040 2447 1134 2477 nimis
1149 2448 1247 2477 durus
1264 2448 1309 2477 fit.

1017 2497 1054 2522 18
1077 2501 1128 2519 nec
1143 2496 1165 2520 t.
1179 2501 1228 2519 cur
1246 2490 1289 2518 ita
1293 2487 1373 2529 fiat]
1392 2490 1456 2520 Ms.
1473 2489 1581 2520 Guelf.
1597 2501 1663 2520 cur-

970 2543 1014 2562 va
1037 2532 1188 2562 videmus:
1212 2533 1297 2563 unde
1324 2533 1458 2571 conjicio
1482 2533 1591 2570 fuisse,
1614 2543 1666 2563 eur

960 2575 1025 2615 fiat
1041 2574 1182 2605 videmus.

1016 2625 1053 2650 19
1076 2617 1126 2646 sed
1144 2617 1217 2647 inest
1239 2617 1269 2646 in
1292 2617 1368 2647 rivis
1389 2624 1417 2647 et
1432 2616 1615 2658 ranunculis]
1634 2617 1665 2647 in

971 2659 1046 2690 rivis
1061 2666 1107 2690 est
1123 2670 1140 2689 a
1156 2661 1291 2691 Grutero
1306 2671 1323 2691 e
1342 2662 1406 2692 Ms.
1452 2661 1489 2691 In
1505 2662 1574 2691 edd.
1590 2667 1666 2691 vett.

970 2710 1064 2742 atque
1092 2703 1187 2734 etiarn
1212 2704 1291 2734 Mss.
1320 2711 1355 2734 ut
1383 2703 1490 2734 Guelf.
1520 2711 1566 2733 est
1592 2703 1666 2732 inest

971 2745 1042 2775 mire
1058 2752 1084 2775 et
1101 2745 1264 2775 ranunculis
1277 2757 1287 2774 .·
1304 2748 1388 2786 quod
1405 2747 1486 2776 varie
1502 2752 1665 2776 tentarunt

970 2789 1121 2828 corrigere
1144 2789 1199 2819 viri
1222 2790 1317 2819 docti.
1362 2790 1429 2828 Ego
1444 2795 1553 2829 putem
1571 2789 1666 2818 fuisse

970 2842 989 2862 a
1005 2831 1156 2862 Cicerone
1170 2844 1176 2861 z
1201 2831 1251 2861 sed
1270 2832 1342 2862 inest
1363 2832 1499 2861 nimirum
1515 2837 1542 2860 e!
1558 2842 1666 2860 ranun-

971 2873 1056 2913 culis,
1071 2874 1122 2905 vel
1137 2875 1239 2906 deleto
1255 2881 1294 2914 et,
1311 2875 1383 2906 inest
1397 2873 1534 2904 nimirum
1557 2884 1666 2903 ranun-
