1778 3095
504 143 682 182 MBER
719 143 1051 182 SECUNDUS.
1432 146 1511 194 569

88 251 159 309 qui
180 265 277 294 cum
296 264 447 308 aquam
467 249 634 292 vidisset
654 264 705 291 ex
723 258 853 305 puteo
881 250 1090 301 haustam,
1111 258 1230 292 terrae
1251 256 1414 294 motum
1445 252 1511 295 di-

87 310 148 350 xit
193 309 395 350 futurum.
472 315 510 340 2⁵
534 308 700 357 Parum,
740 305 882 356 cred0,
922 307 1203 361 impudenter,
1269 308 1371 358 uod,
1411 324 1509 351 cum

87 365 223 406 factus
263 374 372 406 esset
410 372 564 412 motUS,
603 362 740 403 dicere
778 362 948 412 audent,
987 377 1082 417 quae
1120 363 1179 404 vis
1223 362 1237 403 i
1313 364 1509 407 effecerit.

86 421 266 462 etiamne
286 422 473 462 futurum
494 432 599 468 esse,
619 433 738 474 aquae
752 417 870 474 jugis
891 417 1034 459 colore
1061 419 1334 473 praesentiunt
1352 422 1364 460 ?
1398 421 1509 461 mul-

88 486 132 517 ta
159 476 393 518 istiusmodi
422 474 618 516 dicuntur
646 476 688 515 in
718 474 902 515 scholis:
933 473 1007 514 sed
1035 474 1201 515 credere
1228 476 1383 526 omnia,
1403 476 1511 527 vide,

90 547 142 573 ne
174 548 255 574 non
284 533 336 573 sit
362 545 543 572 necesse.
599 532 760 573 Verum
788 530 870 572 sint
889 544 986 571 sane
1006 530 1086 571 ista
1111 532 1384 572 Democritea
1402 538 1574 574 vera.32

87 589 255 644 quando
285 603 334 629 ea
362 602 437 628 nos
463 588 569 628 extis
596 587 880 644 exquirimus?
914 596 988 628 aut
1015 587 1184 643 quando
1211 587 1369 643 aliquid
1398 589 1511 645 ejus-

86 645 203 686 modi
240 646 292 685 ab
330 644 564 699 haruspice,
595 644 790 700 inspectis
824 643 942 694 extis,
978 643 1240 685 audivimus?
1293 645 1346 685 ab
1385 659 1508 700 aqua,
1521 656 1637 689 p.11⁵.

86 710 160 742 aut
188 701 240 742 ab
266 700 355 755 igni
384 701 568 755 pericula
597 709 795 742 monent:
826 708 918 741 tum
948 699 1216 752 hereditates,
1236 708 1328 741 tum
1359 700 1551 743 damnast-

85 757 357 798 denuntiant:
390 757 532 798 fissum
561 757 764 798 familiare
793 764 836 797 et
854 756 978 798 vitale
1007 764 1209 798 tractant:
1241 766 1369 813 caput
1390 757 1513 813 jeco-

85 813 140 854 ris
160 828 211 853 ex
230 813 346 854 omni
366 822 483 868 parte
512 812 1144 869 diligentissime·considerant:
1176 813 1210 854 si
1229 828 1325 855 vero
1354 813 1398 855 id
1428 829 1512 856 non

84 878 150 910 est
176 870 406 921 inventum,
436 870 540 911 nihil
567 878 717 925 putant
742 869 932 911 accidere
959 869 1147 925 potuisse
1172 869 1344 912 tristius.
1405 871 1513 913 Haec
1531 864 1597 913 14

84 925 296 967 observari
325 935 437 967 certe
473 941 558 967 non
585 934 831 981 potuerunt,
859 935 909 968 ut
932 941 1058 981 supra
1089 926 1230 968 docui.
1259 935 1356 969 sunt
1382 927 1515 984 igitur

84 983 183 1023 artis
213 983 392 1032 inventa,
417 997 501 1023 non
520 982 750 1033 vetustatis,
781 982 816 1023 si
845 991 910 1023 est
938 997 1004 1024 ars
1033 983 1120 1024 ulla
1149 997 1289 1024 rerum
1320 984 1514 1040 incogni-

87 1046 239 1080 tarum.
302 1039 415 1079 Cum
443 1053 583 1080 rerum
614 1048 756 1080 autem
785 1047 932 1081 natura
958 1053 1086 1095 quam
1113 1040 1409 1095 cognationem
1441 1041 1515 1082 ha·
1526 1050 1576 1085 33

85 1094 215 1136 bent?
249 1110 342 1150 quae
371 1103 420 1136 ut
447 1110 533 1136 uno
563 1110 770 1137 consensu
792 1095 943 1152 juncta
972 1096 1040 1147 sit,
1067 1103 1111 1137 et
1138 1097 1372 1149 continens,
1400 1097 1517 1153 quod

85 1151 204 1193 video
239 1151 446 1207 placuisse
477 1151 676 1207 physicis,
711 1152 854 1207 eisque
888 1152 1084 1203 maxime,
1120 1152 1193 1208 qui
1225 1168 1365 1204 omne,
1398 1153 1517 1210 quod

83 1216 208 1258 esset,
229 1223 359 1248 unum
380 1222 469 1248 esse
490 1207 685 1250 dixerunt
702 1226 711 1248 ε
743 1208 845 1264 quid
874 1209 1028 1250 habere
1052 1209 1238 1251 mundus
1256 1218 1397 1266 potest
1417 1224 1516 1252 cum

84 1264 268 1304 thesauri
296 1264 534 1305 inventione
562 1265 868 1321 conjunctum?
901 1265 936 1306 si
962 1265 1073 1306 enim
1094 1265 1199 1307 extis
1226 1267 1416 1323 pecuniae
1436 1267 1518 1308 mi-

88 1320 134 1360 hi
171 1320 440 1376 amplificatio
475 1321 721 1373 ostenditur,
754 1321 882 1379 idque
916 1322 962 1363 fit
992 1331 1169 1364 natura:
1208 1323 1391 1378 primum
1422 1332 1518 1364 exta

87 1386 183 1417 sunt
204 1377 431 1432 conjuncta
451 1378 610 1419 mundo
631 1394 640 1420 τ
671 1378 821 1419 deinde
843 1393 985 1419 meum
1013 1379 1178 1420 lucrum
1207 1388 1355 1421 natura
1376 1394 1517 1421 rerum

88 1433 341 1474 continetur.
399 1435 554 1475 Nonne
583 1434 716 1490 pudet
744 1434 942 1491 physicos
973 1434 1064 1477 haec
1093 1435 1264 1477 dicere?
1313 1437 1375 1478 Ut
1405 1436 1518 1489 enim

80 1489 169 1545 jam
195 1490 247 1531 sit
265 1489 404 1545 aliqua
424 1490 465 1530 in
487 1501 633 1532 natura
651 1505 788 1532 rerum
807 1490 1021 1546 cognatio,
1040 1507 1166 1548 quam
1188 1507 1278 1534 esse
1299 1492 1487 1534 concedo
1504 1510 1516 1534 ε

86 1546 221 1586 multa
240 1546 349 1586 enim
373 1546 505 1587 Stoici
525 1547 760 1602 colligunt:
792 1562 889 1589 nam
916 1557 960 1588 et
988 1549 1277 1590 musculorum
1299 1549 1519 1604 jecuscula

85 1602 239 1643 bruma
269 1602 466 1644 dicuntur
496 1604 656 1658 augeri,
687 1612 730 1644 et
759 1604 945 1659 puleium
982 1604 1146 1646 aridum
1177 1606 1395 1646 florescere
1423 1606 1517 1661 ipso

84 1657 263 1699 brumali
287 1658 368 1709 die,
389 1667 432 1699 et
459 1659 619 1701 inflatas
647 1660 787 1714 rumpi
805 1660 1018 1712 vesiculas,
1040 1670 1082 1702 et
1107 1663 1266 1703 semina
1292 1662 1516 1712 malorum,

86 1729 180 1770 quae
208 1715 250 1755 in
281 1715 330 1755 iis
361 1715 509 1756 mediis
538 1715 699 1757 inclusa
727 1717 825 1767 sint,
855 1717 897 1757 in
928 1715 1157 1758 contrarias
1189 1726 1327 1773 partes
1354 1732 1397 1759 se
1426 1733 1525 1760 ver->

87 1778 201 1811 tere:
242 1771 329 1826 jam
371 1786 514 1813 nervos
553 1772 596 1812 in
634 1772 800 1823 fidibus,
839 1772 930 1814 aliis
966 1773 1111 1829 pulsis,
1152 1789 1345 1815 resonare
1377 1775 1515 1816 alios:

88 1827 319 1881 ostreisque
349 1837 392 1868 et
420 1827 653 1884 conchyliis
684 1829 880 1870 omnibus
910 1830 1173 1885 contingere,
1205 1839 1251 1872 ut
1280 1846 1375 1872 cum
1417 1831 1520 1872 luna

87 1883 241 1938 pariter
265 1894 465 1935 crescant,
487 1886 723 1940 pariterque
753 1885 1023 1927 decrescant:
1055 1887 1308 1943 arboresque
1336 1897 1386 1928 ut
1414 1887 1520 1943 hye-

86 1939 186 1979 mali
217 1948 420 1994 tempore,
441 1955 538 1981 cum
569 1941 668 1982 luna
699 1941 823 1982 simul
854 1951 1128 1994 senescenteS,
1149 1944 1247 1999 quia
1266 1952 1357 1985 tum
1385 1945 1518 1985 exsic-

87 2004 193 2036 catae
214 1998 310 2045 sint,
333 1997 577 2051 tempestive
597 1997 702 2038 caedi
721 2006 935 2053 putentur.

145 2052 264 2093 Quid
303 2052 355 2092 de
392 2052 525 2103 fretis,
564 2061 637 2093 aut
675 2053 727 2094 de
763 2054 934 2095 marinis
973 2055 1144 2096 aestibus
1182 2055 1304 2110 plura
1344 2055 1478 2097 dicam
1501 2058 1580 2106 ?34

87 2122 268 2163 quorum
289 2123 496 2159 accessus,
517 2119 560 2150 et
579 2124 767 2151 recessus
787 2110 898 2151 lunae
920 2121 1042 2152 motu
1061 2112 1364 2166 gubernantur.
1415 2114 1517 2154 Sex-

87 2173 211 2205 centa
230 2165 329 2205 licet
347 2165 558 2220 ejusmodi
586 2166 775 2221 proferri,
796 2175 845 2208 ut
875 2167 1117 2208 distantium
1149 2182 1286 2208 rerum
1318 2170 1518 2224 cognatio

87 2221 288 2261 naturalis
316 2232 526 2275 appareat.
584 2223 747 2263 Demus
778 2222 874 2264 hoc.
909 2224 1030 2277 (nihil
1058 2225 1167 2264 enim
1201 2224 1298 2265 huic
1327 2225 1601 2288 disputa-15

87 2276 194 2317 tioni
213 2277 485 2331 adversatur.)
509 2293 608 2319 num
628 2279 769 2329 etiam,
791 2279 824 2320 si
853 2280 997 2321 fissum
1025 2281 1364 2336 cujusdammodi
1392 2282 1518 2324 fuerit
1528 2308 1563 2339 b.

87 2332 129 2374 in
153 2335 313 2389 jecore,
340 2333 503 2374 lucrum
537 2335 800 2376 ostenditur?
833 2351 916 2392 qua
941 2351 992 2377 ex
1018 2337 1315 2393 conjunctione
1343 2347 1519 2390 naturae,

90 2398 134 2429 et
166 2390 285 2445 quasi
319 2398 541 2442 concentu,
574 2400 700 2446 atque
735 2406 957 2442 consensu,
990 2407 1117 2449 quam
1146 2393 1368 2446 συμπάθειαν
1397 2396 1521 2437 Grae-

90 2444 129 2486 ci
161 2446 387 2501 appellant,
418 2448 639 2488 convenire
672 2457 826 2503 potest,
857 2458 931 2490 aut
965 2449 1108 2491 fissum
1134 2450 1291 2505 jecoris
1323 2466 1422 2492 cum
1453 2452 1521 2493 lu-

90 2501 200 2542 cello
231 2516 342 2552 me0,
372 2511 447 2544 aut
475 2518 594 2545 meus
625 2504 896 2560 quaesticulus
925 2520 1024 2546 cum
1054 2506 1179 2558 coelo,
1207 2515 1330 2557 terra,
1358 2522 1521 2549 rerum-

91 2572 175 2613 que
201 2560 378 2598 natura?
410 2560 641 2601 concedam
674 2560 756 2602 hoc
786 2561 939 2616 ipsum,
959 2562 993 2602 si
1013 2563 1097 2612 vis;
1128 2563 1207 2604 etsi
1231 2577 1430 2618 magnam
1454 2565 1519 2620 ja·-

88 2622 254 2655 cturam
289 2628 427 2656 causae
457 2617 611 2668 fecero,
645 2616 678 2658 si
713 2617 844 2659 ullam
876 2632 967 2660 esse
996 2620 1329 2661 convenientiam
1362 2630 1520 2662 naturae

135 2780 173 2804 ⁴25
196 2773 305 2802 Parum
321 2773 400 2802 credo
417 2772 604 2812 impudenter]
625 2775 696 2805 Hoc
711 2775 784 2806 nul·
826 2777 906 2807 dum
921 2777 972 2813 sit,
989 2787 1054 2807 non
1070 2777 1160 2808 facile
1176 2777 1326 2807 dixerim:
1345 2778 1407 2807 Non
1415 2783 1522 2817 parum

91 2814 124 2844 lo
155 2817 250 2846 modo
279 2825 390 2845 verum
420 2823 477 2846 est.
507 2826 565 2847 nec
595 2820 784 2848 commodus
828 2831 852 2850 e.
868 2820 889 2851 ι’.
905 2829 947 2851 an
966 2821 1074 2850 Parum
1090 2821 1169 2849 credo
1181 2820 1320 2859 pudenter

91 2867 202 2888 sensus
221 2859 291 2889 inde
311 2859 423 2890 existit.
443 2861 605 2898 quomodo
629 2861 784 2899 corrigen-
