1778 3095
239 173 318 207 442
624 168 701 206 DE
728 168 994 208 NATURA
1021 169 1284 209 DEORUM

240 292 500 327 nascerentur
516 302 528 326 .·
573 300 670 326 num
703 286 922 338 dubitares,
956 287 1054 343 quin
1091 288 1232 330 inesset
1269 287 1311 328 in
1343 287 1450 329 oliva
1487 287 1662 332 tibicinis

241 343 431 399 quoedam
452 342 619 384 scientia
634 344 657 382 ,P
692 343 815 397 Quid,
835 344 869 385 si
886 343 1052 398 platani
1065 344 1262 400 fidiculas
1270 344 1438 399 ferrent
1458 359 1662 388 numerose

238 401 462 440 sonantes?
494 399 598 439 idem
627 399 778 440 scilicet
810 414 998 452 censeres,
1021 400 1062 440 in
1090 401 1273 455 platanis
1304 401 1428 441 inesse
1453 401 1661 443 musicam.

237 457 325 509 ⁸Cur
345 456 475 512 igitur
494 455 668 496 mundus
689 471 765 496 non
786 456 985 506 animam,
1007 458 1477 513 sapiensquejudicetur,
1499 472 1588 498 cum
1612 473 1664 500 ex

239 528 280 553 se
294 519 476 567 procreet
497 512 724 553 animantes
746 520 868 568 atque
889 513 1086 567 sapientes
1106 517 1129 554 ,9
1670 560 1674 569 Ι

190 576 225 628 9
296 569 379 609 Sed
398 569 594 624 quoniam
623 569 733 623 coepi
762 583 880 609 secus
901 583 1039 623 agere,
1060 580 1185 625 atque
1206 570 1325 611 initio
1346 570 1529 610 dixeram
1549 586 1559 611 ς
1590 585 1666 611 ne-

174 649 222 680 23
239 640 383 680 garam
405 626 514 665 enim
539 626 645 665 hanc
667 625 844 678 primam
872 635 1030 679 partem
1051 639 1176 680 egere
1197 627 1399 676 oratione,
1421 625 1535 681 quod
1555 634 1666 667 esset

239 683 434 723 omnibus
455 682 736 736 perspicuum,
761 680 861 721 deos
882 695 998 721 esse:
1031 691 1170 722 tamen
1202 683 1244 722 id
1276 683 1410 738 ipsum
1435 683 1666 724 rationibus

239 738 425 794 physicis
445 746 484 769 84
503 737 750 777 confirmare
771 736 880 777 volo.
912 737 970 776 sic
999 738 1111 777 enim
1133 752 1197 778 res
1216 753 1259 778 se
1281 739 1420 788 habet,
1441 749 1488 780 ut
1508 739 1663 788 omnia,

238 810 332 850 quae
353 796 529 843 alantur,
550 802 592 833 et
619 802 822 842 crescant,
845 793 1085 833 contineant
1115 794 1155 834 in
1185 809 1228 834 se
1256 795 1336 834 vim
1368 795 1546 836 caloris:
1577 795 1665 835 sine

239 866 322 907 qua
343 865 478 906 neque
498 850 552 889 ali
574 857 759 903 possent,
778 864 911 903 neque
931 863 1129 889 crescere.
1172 851 1286 890 Nam
1307 865 1445 901 omne,
1466 851 1580 906 quod
1600 860 1664 892 est

238 907 418 948 calidum
452 915 493 946 et
522 906 709 960 igneum,
729 905 862 946 cietur
889 915 931 946 et
958 906 1099 960 agitur
1125 916 1247 947 motu
1267 921 1358 947 SUO.
1388 908 1502 962 quod
1521 917 1663 948 autem

239 964 363 1004 alitur
384 971 425 1002 et
447 961 609 1012 crescit,
629 972 748 1002 motu
771 962 954 1016 quodam
976 963 1106 1002 utitur
1126 972 1242 1003 certo
1271 974 1311 1003 et
1341 963 1561 1018 aequabili:
1592 964 1665 1020 qui

239 1019 441 1075 quamdiu
471 1027 657 1059 remanet
687 1019 727 1058 in
760 1018 893 1069 nobis,
914 1018 1076 1059 tamdiu
1101 1034 1244 1060 sensus
1275 1029 1316 1060 et
1343 1020 1425 1060 vita
1451 1029 1665 1070 remanet;

239 1076 486 1131 refrigerato
513 1084 654 1115 autem
685 1086 727 1115 et
760 1075 967 1115 exstincto
1001 1075 1153 1125 calore,
1175 1075 1408 1117 occidimus
1436 1075 1515 1131 ipsi
1534 1086 1578 1117 et
1595 1091 1667 1116 ex-

174 1145 226 1178 24
239 1133 507 1187 stinguimur.
557 1139 595 1163 3⁵
612 1131 741 1174 Quod
764 1131 934 1186 quidem
962 1131 1189 1172 Cleanthes
1209 1132 1273 1172 his
1293 1132 1416 1172 etiam
1440 1147 1666 1187 argumen-

238 1193 291 1231 tis
312 1191 452 1239 docet,
473 1196 629 1244 quanta
646 1188 704 1228 vis
724 1188 821 1228 insit
839 1188 989 1228 caloris
1008 1188 1048 1228 in
1069 1189 1184 1229 omni
1201 1203 1391 1243 corpore.
1411 1199 1538 1244 negat
1553 1189 1665 1230 enim

237 1247 371 1287 ullum
402 1260 493 1286 esse
522 1245 664 1285 cibum
698 1254 783 1285 tam
813 1258 999 1298 gravem,
1022 1244 1123 1298 quin
1153 1245 1186 1285 is
1215 1245 1281 1285 die
1301 1254 1343 1285 et
1363 1253 1487 1285 nocte
1509 1260 1667 1287 conco-

238 1311 416 1359 quatur:
448 1301 568 1356 cujus
600 1301 725 1341 etiam
754 1300 794 1340 in
826 1300 1011 1355 reliquiis
1041 1301 1147 1342 inest
1175 1301 1290 1341 calor
1311 1301 1374 1351 iis,
1396 1315 1499 1356 quas
1519 1311 1668 1343 natura

238 1359 456 1414 respuerit.
515 1359 609 1398 ,lam
642 1371 737 1397 vero
769 1371 880 1397 venae
910 1367 953 1397 et
982 1357 1142 1397 arteriae
1173 1358 1328 1398 micare
1353 1372 1438 1398 non
1458 1357 1667 1409 desinunt,

238 1416 358 1472 quasi
400 1414 585 1470 quodam
621 1414 745 1468 igneo
781 1422 901 1454 motu
924 1431 933 1454 ι
985 1413 1402 1469 animadversumque
1443 1428 1554 1469 saepe
1589 1423 1668 1466 est,

238 1487 335 1513 cum
357 1485 431 1512 cor
450 1470 673 1511 animantis
695 1469 871 1525 alicujus
893 1469 1079 1511 evulsum
1107 1470 1165 1511 ita
1191 1470 1404 1512 mobiliter
1430 1470 1668 1525 palpitaret,

236 1539 285 1570 ut
313 1529 546 1570 imitaretur
572 1528 737 1582 igneam
764 1526 1035 1568 celeritatem.
1096 1526 1234 1568 Omne
1253 1527 1399 1582 igitur,
1421 1526 1535 1582 quod
1555 1527 1667 1579 vivit,

237 1586 319 1627 sive
343 1584 512 1634 animal,
533 1584 616 1624 sive
649 1593 758 1624 terra
786 1583 964 1633 editum,
987 1583 1028 1624 id
1061 1583 1158 1624 vivit
1187 1593 1357 1638 propter
1386 1583 1594 1624 inclusum
1623 1585 1666 1625 in

236 1657 288 1683 eo
324 1641 523 1682 calorem.
585 1642 646 1681 Ex
675 1655 760 1695 quo
790 1639 970 1694 intelligi
1001 1639 1141 1690 debet,
1171 1654 1263 1680 eam
1294 1639 1443 1680 caloris
1474 1648 1665 1681 naturam

236 1699 319 1740 vim
341 1698 495 1739 habere
515 1697 557 1737 in
578 1710 621 1737 se
639 1696 804 1737 vitalem
835 1710 910 1751 per
937 1710 1107 1736 omnem
1137 1695 1341 1737 mundum
1372 1696 1665 1750 pertinentem.

174 1772 222 1803 25
237 1756 382 1810 Atque
412 1753 455 1795 id
484 1753 645 1794 facilius
676 1767 910 1801 cernemus,
931 1761 1023 1793 toto
1043 1766 1196 1806 genere
1224 1752 1306 1793 hoc
1332 1753 1473 1807 igneO,
1494 1759 1534 1784 36
1550 1753 1667 1808 quod

130 1820 373 1859 p.³1.tranat
395 1810 549 1860 omnia,
571 1808 764 1850 subtilius
780 1809 1000 1864 explicato.
1034 1809 1192 1849 Omnes
1215 1809 1343 1863 igitur
1359 1817 1497 1863 partes
1518 1809 1667 1851 mundi

197 1870 225 1893 ⁸·
241 1870 428 1923 (tangam
449 1877 592 1908 autem
612 1866 830 1917 maximas)
852 1865 990 1905 calore
1012 1864 1129 1905 fultae
1152 1865 1421 1906 sustinentur.
1444 1865 1560 1920 quod
1581 1866 1667 1920 pri-

234 1940 353 1966 mum
387 1925 429 1965 in
466 1932 629 1964 terrena
656 1931 803 1962 natura
832 1921 1010 1976 perspici
1040 1929 1194 1976 potest.
1251 1922 1367 1962 Nam
1399 1930 1442 1962 et
1476 1921 1664 1976 lapidum

235 1982 435 2024 conflictu
454 1988 580 2036 atque
602 1979 704 2020 tritu
723 1978 817 2019 elici
838 1979 979 2034 ignem
1003 1977 1208 2018 videmus:
1228 1985 1270 2018 et
1289 1977 1445 2019 recenti
1466 1978 1666 2030 fossione,

341 2083 394 2090 —-
409 2071 531 2097 terram
538 2060 684 2107 fumare
702 2058 859 2095 calentem
879 2075 888 2102 3

240 2146 366 2191 atque
383 2134 511 2174 etiam
531 2146 581 2172 ex
599 2131 735 2187 puteis
750 2130 930 2186 jugibus
948 2145 1099 2186 aquam
1118 2130 1298 2172 calidam
1316 2131 1439 2182 trahi,
1457 2140 1501 2173 et
1518 2131 1562 2173 id
1579 2147 1669 2174 ma-

233 2193 346 2235 xime
365 2189 546 2231 hibernis
564 2188 650 2229 fieri
666 2188 940 2243 temporibus,
955 2186 1070 2243 quod
1089 2201 1244 2243 magna
1259 2195 1295 2224 37
1309 2187 1367 2229 vis
1382 2188 1531 2230 caloris
1546 2197 1667 2231 terrae

235 2247 420 2289 cavernis
443 2245 732 2287 contineatur:
765 2258 897 2300 eaque
928 2244 1065 2285 hieme
1096 2244 1150 2285 sit
1183 2244 1351 2286 densior
1368 2261 1377 2285 ε
1409 2245 1466 2286 ob
1490 2259 1669 2301 eamque

158 2314 225 2360 10
238 2319 422 2354 causam,
438 2303 621 2344 calorem
642 2309 680 2332 38
693 2301 864 2342 insitum
887 2301 929 2342 in
949 2300 1068 2341 terris
1085 2301 1300 2343 contineat
1314 2301 1482 2342 arctius.
1516 2303 1669 2357 Longa.

175 2382 228 2420 26
239 2371 301 2403 est
330 2361 478 2411 oratio,
507 2358 738 2414 multaeque
767 2357 963 2407 rationes,
994 2357 1146 2412 quibus
1176 2357 1317 2399 doceri
1342 2357 1488 2412 possit,
1510 2358 1667 2410 omnia,

281 2476 322 2499 34
345 2469 513 2508 corfirmare
535 2466 612 2506 volo]
643 2468 693 2498 Sic
720 2468 799 2497 bene
827 2477 843 2496 e
868 2467 931 2497 Ms.

236 2513 320 2541 dedit
342 2512 490 2541 Davisius
513 2521 568 2549 pro
592 2510 768 2549 corfirmari,
793 2510 878 2548 quod
903 2516 932 2539 et

1019 2471 1058 2496 36
1083 2465 1159 2508 quod
1183 2472 1281 2494 tranat
1301 2464 1407 2504 onmia]
1434 2465 1513 2496 Mss-
1537 2467 1668 2506 quidam

976 2509 1086 2543 trahat,
1101 2515 1135 2538 ut
1151 2515 1196 2538 est
1211 2514 1241 2537 et
1258 2509 1288 2538 in
1305 2510 1352 2538 ed.
1366 2509 1446 2538 Ven.
1466 2516 1557 2542 1494.
1574 2511 1670 2542 male.

236 2556 303 2585 sine
328 2554 379 2583 tali
403 2555 587 2583 auctoritate
603 2554 824 2591 corrigendum
841 2553 884 2582 sic
901 2562 931 2581 e-

238 2604 292 2627 rat.
339 2597 448 2626 Cicero
471 2597 556 2632 dicit,
581 2605 645 2625 non
669 2597 744 2635 quid
772 2595 851 2631 fieri,
878 2595 931 2624 sed

237 2641 314 2680 quid
332 2640 430 2669 facere
446 2638 531 2668 velit.

280 2689 319 2713 35
346 2682 430 2710 Quod
449 2681 561 2723 quidem
589 2680 739 2710 Cleanthes
757 2678 832 2718 ἐξα]
856 2679 929 2708 Non

237 2726 318 2756 bene
334 2726 495 2754 cohaerens
512 2731 558 2754 est
576 2723 686 2759 oratio,
704 2729 738 2752 ut
754 2722 844 2752 facile
861 2723 929 2761 qui-

236 2769 283 2798 vis
298 2769 421 2798 sentiat.
467 2767 526 2797 Sed
551 2768 582 2796 in
606 2775 643 2796 ea
666 2766 799 2796 lectione
818 2774 930 2794 omnes

237 2811 307 2841 libri
323 2810 534 2840 consentiunt.
565 2810 597 2838 Si
613 2816 658 2839 est
673 2810 716 2839 sic
733 2818 750 2838 a
766 2808 930 2843 Cicerone,

240 2853 324 2883 Quod
350 2854 407 2883 erit
431 2862 499 2891 pro,
527 2862 589 2891 qua
613 2853 646 2882 in
674 2862 716 2888 re,
745 2858 799 2881 aut
827 2850 931 2881 simile

238 2897 327 2936 quid.
349 2907 380 2927 v.
396 2896 484 2926 (Πᾶν.
501 2897 531 2925 in
550 2895 632 2937 quod.

975 2560 1021 2580 est
1047 2561 1101 2590 pro
1123 2552 1243 2587 transit,
1260 2558 1411 2590 permeat,
1431 2561 1496 2589 quo
1518 2554 1615 2584 modo
1637 2560 1670 2585 et

975 2593 1042 2623 aliis
1059 2594 1179 2624 dictum
1197 2600 1255 2628 est,
1273 2601 1308 2623 ut
1324 2596 1413 2624 docet
1429 2594 1587 2627 Davisius.

1020 2642 1057 2670 87
1082 2636 1130 2665 vis
1146 2635 1260 2675 caloris]
1281 2637 1318 2667 In
1340 2637 1455 2676 Vulgg·
1479 2638 1575 2668 nimis
1595 2638 1671 2669 calo-

976 2679 1015 2707 ris
1038 2680 1225 2709 distractum
1248 2688 1295 2710 est
1316 2689 1334 2709 a
1355 2680 1423 2710 vis.-
1447 2689 1523 2711 cum
1540 2690 1577 2711 eo
1592 2691 1668 2712 con-

971 2722 1114 2760 jungunt
1145 2722 1223 2751 Mss.
1253 2723 1384 2762 quidam
1426 2724 1507 2762 apud
1545 2725 1670 2756 Davisi-

975 2774 1043 2794 um.

1019 2813 1058 2838 38
1083 2806 1200 2836 insitum
1216 2807 1246 2835 in
1263 2805 1361 2847 terris]
1377 2808 1524 2838 Davisius
1540 2808 1570 2838 in
1586 2809 1671 2839 terris

975 2848 1147 2880 delendum
1163 2857 1280 2880 censet.
1317 2851 1470 2881 Buherius
1486 2851 1610 2892 corrigit
1625 2852 1670 2882 in-

977 2892 1073 2924 terius.
1097 2903 1162 2923 non
1179 2892 1274 2924 male.

1674 2995 1689 3004 χ
