1778 3095
257 96 337 136 374
614 97 865 138 TUSCUL.
895 98 1333 138 QUAESTIONUM

259 195 459 262 hnominem
475 218 489 243 .-
520 202 655 259 qualis
676 211 810 246 autem
843 205 927 260 ipse
956 206 1065 247 homo
1096 214 1211 258 esset,
1233 206 1358 248 talem
1378 206 1464 261 ejus
1492 222 1574 248 esse
1591 222 1683 249 ora-

205 268 207 271 ·
259 262 407 298 tzonem
425 275 438 298 :
471 260 644 301 orationi
665 269 800 302 autem
813 262 941 317 sacta
963 262 1274 319 similia,j'11ctis
1293 263 1435 304 vitam.
1493 262 1683 318 Affectus

258 319 394 354 autem
415 315 542 356 animi
574 316 616 358 in
646 317 742 359 hono
772 318 855 359 viro
880 317 1111 361 laudabilis.
1143 327 1181 360 et
1203 320 1288 361 vita
1315 319 1446 375 igitur
1466 318 1684 360 laudabilis

260 367 349 410 hom·
377 370 470 421 viri,
492 381 529 404 52
543 380 583 414 et
613 373 774 415 honesta
806 390 914 431 ergo,
951 376 1137 431 quoniam
1177 375 1409 417 laudabilis.
1441 391 1491 416 ex
1523 375 1682 432 quihus,

194 428 245 461 48
259 424 447 468 honorum
479 428 633 470 beatam
667 432 794 472 vitam
819 447 913 481 esse,
935 432 1197 473 concluditur.
1257 432 1440 483 Etenim,
1472 446 1550 487 pro
1581 431 1683 473 deo-

258 497 350 523 rum
373 493 499 539 atque
520 485 739 527 hominum
763 486 883 527 fidem
904 488 911 527 !
945 502 1146 543 parumne
1166 489 1386 545 cognitum
1411 498 1473 529 est
1493 488 1680 543 superio-

255 538 370 580 ribus
390 541 541 582 nostris
561 543 929 597 disputationibus,
949 559 997 584 an
1030 544 1331 596 delectationis,
1356 554 1398 586 et
1427 544 1502 585 otii
1531 558 1684 585 consu-

255 596 395 637 mendi
416 611 540 638 causa
567 599 699 638 locuti
729 614 888 649 sumus,
910 600 1138 654 sapientem
1168 601 1221 641 ab
1254 601 1369 642 omni
1399 601 1682 642 concitatione

253 651 396 702 animi,
426 668 550 708 quam
581 655 940 708 perturbationem
971 670 1089 707 voco,
1121 671 1284 711 semper
1312 659 1483 699 vacare?
1517 669 1683 712 semper

253 707 295 749 in
316 709 456 750 animo
477 710 567 765 ejus
589 724 678 750 esse
699 711 1025 766 placidissimam
1055 727 1201 768 pacem
1224 714 1237 753 ?
1269 714 1347 754 Vir
1368 714 1496 769 igitur
1516 723 1680 768 tempe-

253 773 381 815 ratuS‚
403 773 613 815 constans,
632 767 720 807 sine
749 776 879 818 metu,
901 768 988 809 sine
1017 769 1283 824 aegritudine,
1307 777 1343 801 ⁵3
1359 771 1446 810 sine
1466 770 1679 810 alacritate

254 820 352 871 ulla,
385 822 472 862 sine
502 821 689 874 libidine,
720 838 856 864 nonne
889 825 1067 866 beatus?
1100 834 1143 865 at
1174 839 1339 880 semper
1368 826 1530 880 sapiens
1554 825 1677 866 talis:

125 886 154 916 Ρ·
170 882 241 907 238·
255 891 418 932 semper
438 878 568 933 igitur
586 879 748 920 beatus.
807 882 901 921 Jam
919 896 1014 922 vero
1035 882 1106 937 qui
1126 891 1267 937 potest
1288 883 1346 922 vir
1365 881 1501 923 bonus
1522 897 1605 923 non
1626 880 1681 922 ad

213 929 242 949 ἃ·
254 932 310 984 id,
331 934 446 989 quod
476 935 685 976 laudabile
705 936 772 987 sit,
793 938 935 978 omnia
956 938 1122 989 referre,
1144 953 1239 993 quae
1259 938 1363 994 agit,
1384 952 1562 994 quaeque
1584 952 1677 979 sen-

251 990 303 1030 tit
320 990 333 1030 ?
365 991 490 1032 refert
509 1000 647 1033 autem
671 993 812 1034 omnia
832 994 884 1034 ad
904 994 1024 1035 beate
1046 994 1278 1036 vivendum.
1309 995 1432 1036 beata
1451 995 1580 1049 igitur
1597 994 1681 1035 vita
1735 1037 1748 1043 ,

250 1046 487 1089 laudabilis.
517 1062 593 1089 nec
624 1049 855 1105 quidquam
876 1050 963 1090 sine
984 1051 1135 1092 virtute
1155 1051 1375 1092 laudabile.
1407 1051 1530 1092 beata
1550 1050 1681 1106 igitur

171 1099 233 1153 17
249 1103 332 1144 vita
368 1104 519 1146 virtute
554 1105 788 1146 conficitur.
847 1107 990 1161 Atque
1026 1107 1107 1148 hoc
1144 1107 1202 1148 sic
1236 1108 1363 1148 etiam
1399 1107 1678 1148 concluditur.

185 1171 237 1214 49
249 1160 342 1201 Nec
373 1160 414 1201 in
448 1162 599 1202 misera
627 1162 710 1203 vita
742 1162 973 1217 quidquam
1003 1172 1066 1203 est
1094 1164 1375 1218 praedicabile,
1397 1172 1469 1204 aut
1491 1163 1677 1218 glorian-

249 1215 377 1257 dum:
410 1232 486 1258 nec
517 1218 558 1258 in
588 1232 650 1267 ea,
681 1233 775 1273 quae
809 1233 884 1259 nec
916 1219 1068 1260 misera
1089 1220 1154 1269 sit,
1186 1234 1261 1260 nec
1282 1220 1418 1260 beata.
1476 1221 1532 1260 Et
1551 1228 1615 1260 est
1635 1218 1677 1259 in

247 1273 388 1328 aliqua
416 1274 500 1315 vita
528 1274 796 1329 praedicabile
825 1274 997 1330 aliquid,
1029 1283 1101 1316 aut
1131 1275 1416 1331 gloriandum,
1441 1290 1488 1317 ac
1520 1289 1606 1331 prae
1633 1288 1676 1316 se

246 1329 465 1370 ferendum
485 1347 494 1371 :
525 1340 573 1372 ut
593 1331 919 1386 Epaminondas,

355 1421 507 1459 Consiliis
526 1422 644 1459 nostris
664 1422 738 1460 laus
760 1432 808 1461 est
826 1432 957 1461 attonsa
976 1424 1146 1460 Laconum
1163 1439 1173 1459 s

244 1513 292 1547 ut
312 1506 551 1557 Africanus,

355 1599 390 1635 A
408 1597 470 1635 sole
487 1598 660 1642 exoriente,
679 1609 782 1649 supra
806 1595 942 1635 Maeoti’
960 1597 1115 1648 paludes,

352 1653 455 1689 Nemo
473 1661 520 1688 est
539 1652 716 1702 quifactis
735 1660 834 1688 5471ae
851 1653 1056 1703 aequipcrare
1077 1659 1188 1701 queat.

182 1736 234 1768 50
246 1744 283 1767 ⁵5
301 1735 432 1792 Quod
461 1737 495 1777 si
523 1746 586 1778 est
613 1738 737 1779 beata
765 1739 875 1780 vita:
906 1737 1126 1793 glorianda
1154 1745 1196 1777 et
1224 1735 1505 1791 praedicanda,
1526 1744 1570 1777 et
1589 1749 1675 1791 prae

243 1807 287 1833 se
317 1792 487 1834 ferenda
517 1803 595 1834 est.
626 1794 727 1835 nihil
759 1804 824 1836 est
853 1795 962 1836 enim
998 1793 1127 1844 aliud,
1149 1792 1264 1848 quod
1285 1791 1612 1847 praedicandum,
1634 1802 1678 1834 et

238 1863 328 1905 prae
362 1864 406 1890 se
434 1850 650 1892 ferendum
678 1851 744 1892 sit.
804 1852 969 1908 Quibus
989 1850 1151 1905 positis,
1172 1848 1385 1904 intelligis,
1407 1848 1508 1904 quid
1527 1863 1679 1904 sequa·

242 1915 311 1947 tur
329 1923 339 1947 ι
371 1915 413 1947 et
433 1907 620 1962 quidem,
642 1908 720 1948 nisi
739 1923 787 1948 ea
809 1909 891 1949 vita
920 1907 1043 1948 beata
1073 1915 1151 1956 est,
1173 1920 1266 1961 quae
1288 1914 1353 1946 est
1374 1905 1519 1946 eadem
1542 1904 1676 1946 hone-

241 1970 330 2003 sta:
366 1969 403 1995 ⁵6
422 1964 475 2004 sit
504 1964 619 2004 aliud
648 1979 814 2005 necesse
846 1972 908 2005 est
938 1963 1088 2004 melius
1117 1962 1200 2003 vita
1225 1962 1363 2003 beata.
1397 1970 1432 1997 ⁵7
1452 1961 1568 2017 quod
1597 1962 1676 2004 erit

241 2019 351 2059 enim
385 2019 626 2070 honestum,
646 2029 758 2062 certe
781 2022 1027 2062 fatebuntur
1058 2033 1147 2060 esse
1176 2018 1337 2059 melius.
1369 2018 1427 2059 ita
1454 2018 1532 2059 erit
1552 2018 1676 2060 beata

241 2076 324 2116 vita
343 2076 493 2117 melius
514 2077 673 2133 aliquid
692 2094 702 2127 ;
734 2092 819 2133 quo
839 2077 941 2133 quid
963 2085 1102 2132 potest
1131 2075 1214 2116 dici
1244 2074 1504 2131 perversius?
1538 2074 1640 2130 quid
1658 2076 1672 2116 ?

240 2147 337 2174 cum
375 2133 560 2174 fatentur
591 2134 690 2175 satis
719 2149 918 2190 magnam
949 2133 1032 2174 vim
1064 2146 1154 2174 esse
1185 2132 1228 2172 in
1258 2131 1366 2172 vitiis
1395 2131 1448 2171 ad
1481 2131 1675 2172 miseram

240 2189 382 2240 vitam,
403 2204 539 2234 nonne
569 2190 786 2232 fatendum
819 2199 897 2241 est,
923 2189 1097 2231 eandem
1130 2189 1212 2229 vim
1245 2188 1287 2228 in
1319 2187 1470 2228 virtute
1501 2201 1591 2228 esse
1621 2187 1674 2228 ad

239 2246 407 2288 beatam
428 2246 576 2287 vitam?
607 2247 914 2288 contrariorum
935 2246 1046 2287 enim
1067 2244 1277 2286 contraria
1296 2253 1394 2284 sunt
1412 2258 1673 2299 consequen-

285 2364 322 2388 5⁸2
340 2364 368 2386 et
383 2356 496 2386 honesta
511 2368 587 2397 ergo,
605 2358 739 2399 quoniam
764 2356 931 2396 laudabilis]
1024 2364 1060 2387 55
1089 2356 1173 2386 Quod
1193 2355 1217 2384 si
1243 2361 1304 2393 est3
1327 2354 1411 2383 beata
1433 2353 1501 2382 vita
1521 2352 1676 2393 glorianda

239 2399 290 2429 Sic
318 2401 587 2439 interpungendus
611 2402 665 2430 hic
688 2401 790 2437 locus,
806 2408 842 2430 ut
864 2401 936 2430 fecit
980 2400 1057 2439 δῖα]
1073 2399 1125 2429 Sic
1141 2399 1221 2428 edidi
1238 2407 1313 2427 curn
1335 2397 1482 2427 Davisio:
1509 2397 1612 2435 itaque
1629 2407 1676 2427 res

242 2443 401 2473 Bentleius
426 2450 455 2472 et
476 2444 624 2473 Davisius
647 2444 695 2474 ed.
713 2451 743 2474 2.
766 2444 883 2482 vulgo:
909 2450 937 2472 et
978 2448 1009 2471 et
1033 2443 1108 2471 ratio
1132 2441 1278 2482 postulat.
1323 2440 1439 2478 Vulgg.
1464 2438 1568 2468 male:
1594 2439 1679 2469 Quod

241 2486 364 2516 honesta.
409 2486 501 2523 Ergo,
517 2497 565 2526 qu.
582 2486 603 2515 l.
622 2488 680 2515 Sic.
979 2484 1003 2513 si
1019 2484 1102 2514 beata
1118 2484 1184 2513 vita
1198 2495 1208 2512 .·
1230 2483 1383 2523 glorianda
1402 2486 1460 2512 &c-

284 2535 322 2559 58
348 2527 406 2558 sine
428 2527 584 2557 alacritate
605 2527 679 2566 ulla]
707 2529 758 2558 Sic
780 2529 850 2558 edd.
866 2537 936 2558 om·
1025 2532 1063 2557 56
1081 2527 1119 2556 sit
1134 2526 1217 2555 aliud
1235 2537 1340 2555 necesse
1359 2526 1415 2564 est]
1440 2523 1558 2565 aliquid
1576 2524 1678 2555 intell.

242 2581 307 2601 nes.
365 2570 523 2600 Bentleius
554 2581 608 2610 pro
637 2571 699 2599 ulla
729 2572 812 2601 dedit
831 2570 935 2611 futili.
980 2569 1065 2599 aliud
1078 2569 1170 2611 quid;
1195 2575 1230 2598 ut
1245 2578 1326 2607 saepe
1341 2568 1465 2597 dicitur.

242 2614 388 2644 Davisius
404 2614 582 2651 conjecerat
596 2624 678 2642 vana
693 2614 741 2643 vel
758 2614 849 2643 inani.
866 2614 935 2643 edd.
1025 2618 1060 2647 ,57
1080 2613 1156 2654 quod
1176 2612 1231 2641 erit
1254 2612 1327 2641 enim
1343 2611 1485 2641 honestum
1502 2606 1578 2648 &c.]
1595 2609 1673 2640 Sen-

239 2659 389 2696 quaedam
412 2664 500 2692 vett„
527 2664 562 2686 ut
588 2658 676 2686 Junt.
706 2657 937 2695 interpungunt
979 2665 1032 2685 sus
1049 2663 1111 2685 est:
1128 2655 1153 2685 si
1169 2654 1286 2693 aliquid
1303 2661 1348 2684 est
1364 2653 1477 2683 melius
1493 2653 1557 2682 vita
1572 2652 1676 2688 beata,

240 2701 297 2736 sic,
316 2707 351 2730 ut
366 2698 428 2728 ulla
444 2701 482 2730 ad
499 2699 617 2728 libidine
633 2700 792 2729 referatur.
979 2699 1151 2728 honestum
1179 2705 1260 2727 certe
1287 2698 1317 2726 id
1344 2706 1410 2726 esse
1438 2695 1538 2725 debet.
1584 2695 1676 2726 Cete-

285 2749 324 2774 54
349 2753 391 2772 me
412 2741 533 2783 aequip.]
552 2742 664 2772 Addidi
689 2753 732 2771 me
747 2752 823 2772 cum
840 2742 937 2771 Davi·
980 2751 1052 2771 rum
1069 2741 1120 2770 hic
1137 2741 1225 2770 locus
1242 2747 1323 2769 totus
1341 2749 1406 2769 non
1421 2739 1502 2768 bene
1518 2738 1672 2768 rationem

238 2787 297 2822 sio,
314 2785 400 2815 salvo
416 2795 508 2815 versu
523 2792 553 2816 et
568 2785 746 2824 postulante
761 2795 868 2815 sensu.
892 2791 938 2815 est
979 2784 1181 2821 concludere,
1198 2793 1257 2814 nec
1280 2784 1357 2813 adeo
1380 2791 1476 2813 sanus
1496 2781 1570 2811 satis
1589 2781 1674 2811 vide-

239 2836 347 2861 autem
362 2840 404 2858 mc
417 2829 449 2858 in
463 2829 532 2859 edd.
547 2829 637 2859 Junt.
654 2828 727 2860 Ald.
747 2836 775 2862 1·
792 2830 851 2859 διε.
981 2833 1041 2857 tur.
