1768 3095
165 112 240 144 140
467 108 538 146 DE
570 109 724 146 FINIB.
754 109 956 149 BONOR.
987 113 1054 149 ET
1080 111 1286 150 MALOR.

160 230 203 256 se
224 215 277 257 ad
297 230 345 257 ea
365 224 546 268 revocat,
566 231 589 258 e
615 218 767 274 quibus
793 218 895 260 nihil
927 234 1130 276 umquam
1153 227 1189 257 77
1206 220 1404 262 retulerat
1423 220 1476 261 ad
1494 236 1589 263 cor-

160 286 239 327 pus
260 289 269 313 :
302 281 349 313 tu
371 282 486 314 totus
507 274 638 315 haeres
660 275 699 315 in
722 290 911 331 corpore.

74 330 146 378 33
218 329 328 371 Illud
348 340 486 371 autem
510 331 647 386 ipsum
671 332 741 387 qui
762 332 940 373 obtineri
962 341 1114 387 potest,
1135 333 1249 388 quod
1269 333 1421 383 dicitis,
1440 347 1587 374 omnes

70 403 143 444 107
158 386 286 427 animi
307 394 348 426 et
369 386 619 441 voluptates,
639 397 682 428 et
702 387 884 438 dolores,
910 389 962 429 ad
983 390 1171 444 corporis
1190 390 1426 445 voluptates
1447 399 1489 430 et
1508 389 1586 430 do-

154 442 264 484 lores
299 442 534 498 pertinere?
566 444 740 484 Nihilne
774 453 814 484 te
849 444 1030 486 delectat
1064 448 1294 501 umquam?
1328 445 1463 496 video,
1491 446 1585 502 qui-

153 513 252 540 cum
274 499 437 554 loquar.
457 508 498 540 te
517 499 662 555 igitur,
681 501 908 555 Torquate,
931 501 1068 555 ipsum
1090 515 1163 556 per
1183 516 1227 542 se
1247 502 1349 543 nihil
1370 502 1580 543 delectat?

151 556 304 597 omitto
325 556 590 611 dignitatem,
613 556 889 606 honestatem,
916 557 1097 611 speciem
1128 558 1261 613 ipsam
1292 559 1509 608 virtutum,
1531 559 1584 600 de

149 612 303 668 quibus
324 623 419 654 ante
439 612 599 653 dictum
621 621 683 652 est
703 628 711 651 ε
744 620 781 648 78
800 612 890 652 haec
912 612 1064 653 leviora
1080 627 1235 668 ponam
1255 631 1264 655 :
1297 620 1464 669 poema,
1486 630 1581 656 ora-

148 669 322 719 tionem,
345 684 442 710 cum
464 678 537 709 aut
559 669 718 719 scribis,
739 678 812 709 aut
841 668 947 723 legis
969 686 977 708 :
1010 684 1108 709 cum
1140 671 1327 710 omnium
1355 672 1581 722 factorum,

147 740 244 766 cum
280 727 501 782 regionum
533 725 742 780 conquiris
776 725 1023 775 historiam3
1055 726 1238 781 signum,
1274 727 1431 777 tabula,
1462 727 1581 769 locus

102 784 135 818 b·
147 796 354 833 amoenus,
374 782 479 832 ludi,
499 781 676 832 venatio,
698 781 793 822 villa
816 781 998 831 Luculli,
1023 784 1136 834 (nam
1167 783 1200 822 si
1230 792 1347 823 tuam
1380 783 1580 835 dicerem,

144 838 349 880 latebram
381 838 584 879 haberes:
613 838 666 878 ad
695 852 848 894 corpus
876 838 1034 879 diceres
1059 838 1282 893 pertinere)
1308 839 1381 880 sed
1400 854 1461 889 ea,
1483 854 1579 895 quae

144 895 243 945 dixi,
278 903 316 932 79
335 895 388 936 ad
425 909 631 950 corpusne
670 895 797 935 refers
819 896 831 935 ?
874 909 926 935 an
963 904 1027 935 est
1063 894 1234 950 aliquid,
1276 895 1391 951 quod
1426 905 1467 937 te
1503 910 1578 937 sua

144 960 295 1007 sponte
317 952 528 992 delectet?
562 951 654 992 Aut
683 951 1038 1006 pertinacissimus
1070 952 1211 1001 fueris,
1232 951 1266 991 si
1293 952 1331 992 in
1355 966 1405 993 eo
1426 952 1576 1007 persti-

143 1009 256 1059 teris,
277 1008 330 1049 ad
352 1022 504 1063 corpus
535 1022 598 1058 ea,
629 1023 723 1063 quae
755 1008 853 1058 dixi,
875 1008 1052 1048 referre:
1082 1016 1153 1048 aut
1180 1007 1410 1049 deserueris
1439 1017 1573 1050 totam

58 1070 129 1101 108
142 1065 314 1121 Epicuri
334 1065 606 1120 voluptatem,
631 1064 664 1105 si
686 1064 916 1119 negaveris.
976 1063 1109 1106 Quod
1140 1079 1237 1104 vero
1263 1079 1287 1104 a
1315 1073 1355 1105 te
1384 1064 1573 1120 disputa-

141 1130 232 1163 tum
269 1132 347 1171 est,
382 1121 563 1176 majores
597 1135 686 1161 esse
718 1122 969 1176 voluptateS,
1000 1129 1042 1160 et
1074 1120 1240 1161 dolores
1274 1120 1415 1172 animi,
1444 1136 1572 1177 quam

139 1179 358 1234 corporis3
390 1179 489 1234 quia
522 1177 647 1217 trium
681 1186 922 1232 temporum
956 1177 1163 1232 particeps
1194 1177 1357 1217 animus
1389 1177 1456 1227 sit,
1479 1192 1572 1218 cor-

136 1249 239 1290 pore
261 1243 402 1276 autem
424 1233 644 1289 praesentia
673 1234 810 1273 solum
843 1233 1100 1274 sentiantur?
1134 1233 1205 1288 qui
1227 1233 1395 1287 probari
1416 1241 1571 1288 potest,

135 1301 184 1332 ut
204 1292 252 1342 is,
276 1291 347 1347 qui
368 1300 541 1346 propter
560 1304 629 1330 me
649 1289 821 1344 aliquid,
841 1289 952 1344 plus,
973 1304 1099 1344 quam
1122 1303 1204 1344 ego
1225 1290 1328 1344 ipse,
1349 1289 1535 1344 gaudeat
1554 1292 1567 1331 ?

134 1347 281 1389 Animi
302 1347 494 1402 voluptas
515 1346 648 1386 oritur
667 1356 839 1401 propter
864 1345 1122 1400 voluptatem
1153 1345 1354 1400 corporis,
1375 1354 1418 1386 et
1437 1345 1573 1402 major

134 1414 198 1446 est
231 1403 358 1445 animi
393 1403 598 1458 voluptas,
631 1417 758 1458 quam
792 1402 992 1457 corporis.
1023 1402 1082 1442 ita
1114 1402 1172 1452 fit,
1205 1409 1243 1433 80
1260 1410 1306 1442 ut
1335 1402 1572 1457 gratulator

132 1461 271 1502 laetior
291 1460 357 1511 sit,
378 1475 505 1515 quam
528 1459 575 1509 is,
598 1459 666 1499 cui
695 1458 946 1514 gratuletur.
1007 1457 1104 1508 Sed,
1128 1458 1229 1499 dum
1261 1458 1423 1498 efficere
1444 1459 1567 1499 vultis

130 1518 302 1558 beatum
325 1517 572 1572 sapientem,
594 1530 690 1557 cum
713 1515 915 1555 maximas
932 1516 1072 1556 animo
1094 1514 1330 1570 voluptates
1350 1515 1566 1570 percipiat,

130 1575 411 1629 omnibusque
445 1572 632 1627 partibus
670 1571 865 1627 majoreS,
900 1586 1026 1627 quam
1060 1584 1263 1625 corpore:
1297 1578 1333 1602 ⁸1
1354 1570 1457 1625 quid
1491 1586 1565 1611 oc-

127 1641 283 1681 currat,
303 1645 388 1671 non
410 1628 569 1669 videtis.
589 1628 717 1669 animi
738 1628 850 1668 enim
873 1641 1043 1683 quoque
1060 1626 1226 1667 dolores
1246 1626 1449 1682 percipiet
1469 1642 1563 1668 om-

127 1688 250 1728 nibus
270 1686 457 1742 partibus
477 1684 672 1741 majores,
693 1699 819 1740 quam
844 1699 1045 1739 corporis.
1076 1684 1132 1723 ita
1153 1697 1278 1723 mlser
1297 1683 1352 1723 sit
1371 1683 1563 1739 aliquan-

126 1744 180 1784 do
201 1757 368 1784 necesse
388 1750 452 1782 est
478 1742 524 1791 is,
545 1756 670 1796 quem
702 1755 774 1781 vos
806 1741 976 1781 beatum
1006 1753 1170 1794 semper
1197 1739 1322 1780 vultis
1351 1753 1454 1780 esse.
1486 1755 1564 1782 nec

124 1815 222 1840 vero
258 1799 314 1849 id,
350 1799 453 1839 dum
486 1798 628 1839 omnia
662 1797 714 1838 ad
746 1797 1022 1852 voluptatem,
1052 1796 1328 1851 doloremque
1359 1796 1563 1848 referetis,

125 1856 311 1897 efficietis
326 1869 545 1911 umquam.

180 1913 324 1955 Quare
350 1911 464 1953 aliud
493 1909 666 1966 aliquid,
687 1911 918 1965 Torquate,
941 1908 1122 1950 hominis
1154 1922 1367 1949 summum
1399 1907 1560 1949 bonum

120 1968 414 2025 reperiendum
435 1976 511 2008 est.
535 1967 791 2021 voluptatem
813 1966 957 2006 bestiis
979 1964 1288 2006 concedamus:
1317 1964 1469 2019 quibus
1487 1979 1561 2006 vos

120 2026 172 2067 de
196 2040 366 2066 summo
392 2025 506 2065 bono
528 2023 706 2064 testibus
728 2023 791 2063 uti
817 2022 974 2063 soletis.
1034 2021 1167 2071 Quid,
1191 2021 1224 2062 si
1254 2020 1381 2061 etiam
1413 2021 1559 2062 bestiae

119 2082 254 2124 multa
274 2082 449 2132 faciunt,
471 2080 580 2121 duce
608 2095 682 2120 sua
715 2093 896 2135 quaeque
916 2087 1078 2129 natura,
1101 2086 1138 2110 82
1154 2077 1310 2133 partim
1333 2076 1558 2132 indulgen-

37 1918 111 1959 109

159 2246 196 2275 77
230 2238 361 2268 retulerit
390 2238 431 2267 ad
454 2236 565 2277 corpus]
600 2236 811 2267 Scribendum
857 2237 953 2275 psisse
980 2242 1012 2264 ut
1039 2234 1089 2277 qui
1114 2234 1417 2275 gratulatur—quam
1445 2233 1480 2270 is,
1511 2234 1559 2265 cui

115 2285 201 2313 haud
224 2283 320 2312 dubie
344 2280 494 2317 retulerat,
519 2287 549 2310 et
572 2279 616 2309 sic
639 2286 684 2309 est
707 2279 739 2309 in
763 2280 811 2309 ed.
853 2278 1031 2317 gratuletur.
1056 2287 1120 2308 non
1145 2279 1224 2308 bene
1249 2277 1394 2307 Davisius
1415 2287 1471 2316 pro
1483 2288 1556 2316 gra-

114 2328 226 2366 prima.
244 2326 348 2364 itaque
366 2324 477 2363 recepi.
1337 2319 1388 2349 Sit
1417 2319 1557 2359 postulat

158 2368 274 2404 78liaec
291 2367 403 2396 leviora
413 2363 536 2405 ponam]
555 2365 702 2395 Davisius
717 2365 811 2394 corri-

112 2412 320 2451 gitponnntur,
339 2415 374 2439 ut
388 2409 587 2439 soloecismus
599 2409 723 2438 vitetur.
740 2407 809 2437 scil.

112 2456 189 2494 quia
212 2460 281 2493 post
307 2459 381 2482 sunt
406 2452 606 2482 nominativi.
629 2451 708 2481 mihi
737 2460 809 2480 vero

856 2320 965 2350 tuletur
994 2322 1078 2351 dedit
1101 2320 1285 2360 gratulatur.

855 2364 1113 2402 conjunctivum.
1539 2388 1542 2389 γ

899 2414 934 2436 81
969 2407 1042 2447 quid
1065 2411 1208 2440 occurrat,
1235 2416 1289 2434 non
1314 2403 1435 2443 videtis]
1466 2405 1552 2435 Quid

851 2452 1042 2484 adversetur,
1064 2456 1172 2478 contra
1194 2448 1253 2478 dici
1279 2448 1385 2487 possit.
1430 2447 1490 2478 Sed
1505 2448 1550 2478 sic

113 2499 175 2528 hoc
191 2497 325 2526 verbum
340 2495 513 2525 delendum
528 2494 662 2529 videtur,
680 2499 809 2522 natum-

111 2550 175 2580 que
199 2549 216 2568 e
236 2543 346 2578 poium.
371 2538 484 2567 leviora
501 2536 555 2566 illa
571 2543 658 2572 sunt,
675 2536 808 2565 scribere

111 2585 238 2623 poema,
264 2590 455 2620 componere
480 2580 654 2615 historiam,
678 2579 807 2617 signum

112 2628 171 2656 ἃς.
189 2626 230 2655 ita
245 2625 356 2654 omnia
370 2623 489 2662 optime
505 2623 675 2652 cohaerent.
692 2621 752 2649 have
768 2621 807 2649 le-

110 2667 281 2698 viora—ad
293 2674 424 2705 corpusne
440 2665 540 2706 refe-rs.

154 2718 195 2747 79
209 2710 250 2739 ad
262 2707 524 2749 corpus—nferre]
543 2708 594 2738 An
612 2706 712 2736 referri
727 2706 738 2735 ?

155 2761 196 2785 80
210 2760 243 2782 ut
262 2751 428 2793 gratulator
450 2750 544 2780 laetior
564 2751 602 2778 sit
618 2747 694 2787 δῖα]
721 2749 806 2778 Quia

108 2797 242 2828 verbum
270 2794 437 2834 gratulator
466 2802 627 2832 nusquam
653 2792 727 2822 alibi
753 2801 805 2821 oc-

109 2841 220 2876 currit,
236 2839 412 2878 suspicatus
427 2842 514 2873 sum,
528 2836 715 2866 Ciceronem
731 2835 806 2865 scri-

851 2503 993 2521 occurrere
1006 2493 1154 2530 nuspiam
1168 2491 1274 2530 reperi.
1297 2491 1401 2529 itaque
1413 2491 1549 2521 verbum

852 2535 913 2564 hoc
937 2535 1016 2564 mihi
1040 2541 1224 2573 suspectum
1249 2543 1372 2573 semper
1389 2533 1465 2562 fuit:
1491 2542 1552 2563 nec

851 2584 958 2607 tamen
974 2578 1124 2607 correctio
1147 2576 1316 2615 probabilis
1338 2576 1474 2606 occurrit
1489 2577 1551 2607 mi·

852 2621 896 2650 hi.

895 2670 932 2693 82
945 2662 1058 2701 partim
1082 2661 1263 2699 indulgenter
1284 2660 1338 2688 vel
1357 2670 1420 2688 cum
1436 2658 1546 2700 labore]

849 2706 923 2735 Non
947 2705 1048 2744 placet
1071 2705 1145 2734 satis
1165 2703 1357 2742 indulgenter,
1375 2711 1434 2732 nec
1453 2703 1483 2732 id
1497 2713 1547 2734 sa-

848 2749 886 2778 tis
903 2748 1067 2788 respondet
1081 2746 1224 2785 sequenti
1236 2745 1348 2785 partim
1367 2745 1548 2775 cursu-—lae-
1581 2756 1584 2757 ⁷

849 2797 968 2820 tantur:
992 2790 1137 2820 Pearcius
1151 2789 1352 2827 conjiciebat,
1373 2788 1485 2827 partim
1501 2787 1546 2817 ἰη-

847 2833 967 2874 dulgent
983 2832 1073 2862 laborr'
1088 2833 1119 2862 in
1127 2831 1270 2872 gignendo
1283 2833 1341 2861 &Q
1358 2837 1392 2860 ut
1399 2831 1547 2872 perfacile
