1778 3095
228 116 306 156 378
573 113 826 151 TUSCUL.
857 114 1299 153 QUAESTIONUM

230 217 368 272 72z'pse
395 219 560 261 eandem
590 220 818 277 degustare,
839 229 877 262 et
893 221 1117 278 fortunam
1148 221 1325 277 experiri
1354 223 1524 262 meam?
1551 236 1649 264 cum

229 289 273 315 se
294 274 364 316 ille
384 290 536 331 cupere
557 276 742 329 dixisset,
762 278 960 320 collocari
982 279 1112 334 jussit
1140 278 1352 320 hominem
1379 277 1420 318 in
1444 291 1571 319 aureo
1590 278 1651 319 le-

229 340 315 382 cto,
337 339 374 368 7³
397 341 528 374 strato
549 334 800 388 pulcerrime
821 335 951 376 textili
979 335 1182 391 stragulo,
1202 334 1435 390 magnificis
1457 334 1652 389 operibus

229 387 371 442 picto:
410 390 645 446 abacosque
675 391 915 446 complures
944 393 1104 432 ornavit
1132 402 1322 447 argento,
1351 404 1539 446 auroque
1567 405 1652 431 cae-

228 444 328 485 lato.
386 446 497 487 Tum
519 446 572 487 ad
592 461 777 487 mensam
800 447 951 488 eximia
970 448 1106 488 forma
1135 463 1286 503 pueros
1317 447 1502 489 delectos
1524 445 1653 502 jussit

229 501 472 553 consistere,
506 517 662 558 eosque
693 513 843 544 nutum
875 503 964 559 ejus
993 505 1190 545 intuentis
1223 513 1261 541 74
1276 504 1499 559 diligenter
1527 503 1650 544 mini-

165 562 217 599 62
231 566 373 598 strare.
432 559 622 600 Aderant
643 568 872 613 unguenta,
893 574 1060 600 coronae
1083 577 1093 600 :
1123 561 1450 602 incendebantur
1470 559 1620 600 odores
1639 576 1650 601 z

230 628 385 654 mensae
425 614 788 670 conquisitissimis
826 615 959 669 epulis
998 617 1330 658 exstruebantur.
1399 618 1652 657 Fortunatus

229 670 307 711 sibi
328 671 558 712 Damocles
578 671 810 711 videbatur.
862 672 910 711 In
930 671 1010 712 hoc
1032 672 1173 713 medio
1194 683 1397 728 apparatu
1416 673 1652 729 fulgentem

228 726 433 780 gladium,
456 742 479 767 e
498 727 683 767 lacunari
705 736 792 767 seta
812 727 963 783 equina
981 738 1142 783 aptum,
1163 729 1327 771 demitti
1341 730 1484 785 jussit,
1504 738 1553 770 ut
1573 729 1652 769 irn-

229 783 427 837 penderet
445 783 555 823 illius
577 783 689 823 beati
709 784 951 825 cervicibus.
1006 786 1153 840 Itaque
1175 799 1250 825 nec
1270 785 1435 840 pulcros
1457 786 1549 826 illos
1569 786 1651 826 mi·-

186 847 217 879 b.
230 839 472 880 nistratores
494 839 765 894 adspiciebat,
787 855 862 881 nec
882 841 1053 896 plenum
1076 841 1173 881 artis
1193 849 1437 896 argentum:
1465 856 1542 882 nec
1563 857 1652 882 ma-

230 910 330 936 num
362 896 606 950 porrigebat
634 896 676 937 in
708 911 920 938 mensam:
948 899 1037 953 jam
1069 898 1168 952 ipsae
1196 898 1437 938 defluebant
1457 913 1652 938 coronae:

228 951 406 1007 denique
427 954 609 994 exoravit
630 962 870 1008 tyrannum,
890 965 936 994 ut
956 954 1070 995 abire
1088 953 1246 1005 liceret,
1267 954 1380 1009 quod
1393 955 1482 1010 jam
1507 954 1654 995 beatus

229 1008 359 1049 nollet
379 1023 482 1050 esse.
542 1010 704 1050 Satisne
725 1009 885 1051 videtur
913 1011 1143 1051 declarasse
1172 1011 1418 1066 Dionysius,
1440 1010 1542 1051 nihil
1563 1025 1654 1052 esse

227 1064 265 1104 ei
285 1065 469 1116 beatum,
487 1066 555 1107 cui
576 1081 741 1121 semper
760 1067 908 1122 aliquis
927 1077 1058 1108 terror
1078 1067 1347 1123 impendeat?
1379 1068 1522 1123 Atque
1543 1067 1581 1108 ei
1603 1081 1654 1107 ne

228 1126 266 1156 75
283 1121 493 1176 integrum
514 1122 681 1178 quidem
707 1133 809 1173 erat,
830 1132 877 1164 ut
906 1124 959 1164 ad
983 1123 1191 1179 justitiam
1218 1124 1475 1179 remigraret,
1496 1123 1655 1164 civibus

227 1176 464 1218 libertatem
484 1188 526 1219 et
538 1179 636 1234 jura
658 1179 860 1220 redderet.
891 1180 939 1220 iis
967 1180 1078 1220 enim
1100 1195 1143 1224 se
1164 1180 1404 1221 adolescens
1422 1179 1655 1235 improvida

227 1242 352 1275 aetate
381 1235 587 1276 irretierat
615 1236 775 1286 erratis,
796 1250 927 1291 eaque
957 1237 1240 1287 commiserat,
1270 1243 1306 1272 76
1322 1246 1369 1276 ut
1398 1236 1534 1276 salvus
1564 1250 1654 1276 esse

144 1286 210 1334 22
228 1305 310 1331 non
329 1299 484 1344 posset,
502 1292 534 1332 si
551 1306 674 1332 sanus
689 1306 779 1333 esse
795 1292 1003 1347 coepisset.
1044 1293 1316 1349 Quantopere
1335 1307 1431 1333 vero
1453 1291 1657 1333 amicitias

163 1355 211 1391 63
226 1346 496 1398 desideraret,
533 1362 711 1403 quarum
754 1348 1042 1390 infidelitatem
1083 1350 1395 1399 extimescebat,
1434 1348 1659 1390 declaravit

227 1409 262 1438 77
275 1404 317 1444 in
336 1403 611 1460 Pythagoreis
628 1405 794 1446 duobus
812 1404 893 1446 illis
910 1422 919 1446 ε
941 1421 1121 1461 quorum
1139 1421 1235 1446 cum
1252 1406 1430 1446 alterum
1453 1412 1491 1441 78
1508 1404 1654 1446 vadem

223 1460 372 1500 mortis
407 1461 660 1516 accepisset3
691 1462 809 1512 alter,
840 1472 888 1503 ut
924 1462 1070 1503 vadem
1107 1478 1228 1504 suum
1264 1462 1472 1512 liberaret,
1501 1469 1657 1517 praesto

224 1516 371 1557 fuisset
399 1524 413 1552 7
420 1526 437 1550 9
453 1517 505 1558 ad
537 1517 682 1559 horam
715 1519 861 1559 mortis
891 1518 1142 1561 destinatam
1166 1536 1174 1560 :
1212 1519 1377 1560 Utinam
1399 1534 1483 1575 ego,
1504 1518 1655 1574 inquit,

226 1573 370 1614 tertius
400 1573 506 1614 vobis
536 1574 687 1615 amicus
718 1575 993 1616 adscriberer!
1023 1577 1164 1632 Quam
1195 1575 1293 1616 huic
1319 1584 1408 1616 erat
1438 1574 1653 1625 miserum,

224 1643 365 1670 carere
403 1631 708 1672 consuetudine
744 1631 993 1682 amicorum,
1033 1632 1232 1673 societate
1273 1632 1420 1682 victus,
1461 1645 1656 1672 sermone

226 1686 400 1727 omnino
421 1686 614 1728 familiari
632 1688 638 1728 !
673 1688 834 1729 homini
862 1688 1091 1743 praesertim
1114 1697 1153 1720 80
1166 1688 1295 1729 docto
1315 1703 1340 1728 a
1359 1702 1504 1743 puero,
1526 1696 1569 1728 et
1589 1702 1656 1728 ar-

224 1742 337 1783 tibus
357 1743 551 1798 ingenuis
570 1743 734 1785 erudito
753 1745 760 1785 !
794 1753 828 1776 81
849 1745 1116 1786 Musicorum
1136 1759 1232 1785 vero
1252 1744 1565 1800 perstudiosum
1584 1757 1654 1784 ac-

225 1799 428 1853 cepimus,
446 1805 617 1855 poetam
638 1800 765 1842 etiam
784 1801 1016 1857 tragicum:
1038 1816 1165 1857 quam
1182 1802 1342 1842 bonum
1360 1799 1463 1841 nihil
1479 1800 1531 1841 ad
1551 1815 1654 1841 rem.

224 1854 266 1896 in
296 1854 377 1897 hoc
411 1856 523 1897 enim
548 1871 703 1912 genere
733 1858 874 1898 nescio
905 1873 990 1913 quo
1014 1868 1139 1913 pacto
1169 1858 1318 1914 magis,
1340 1872 1466 1913 quam
1487 1857 1530 1898 in
1549 1856 1655 1908 aliis,

269 1990 307 2019 72
324 1985 382 2024 ipse
397 1987 512 2016 eandem
529 1985 693 2027 degustare]
708 1988 839 2018 Videtur
854 1997 919 2018 esse
958 1988 1136 2026 juventutis
1152 1994 1183 2017 et
1198 1988 1352 2018 damnari.

223 2028 335 2058 debere
359 2040 433 2059 cam.
463 2030 525 2059 Ms.
553 2030 660 2060 Guelf.
688 2031 783 2060 habet
809 2031 917 2066 eadem,
1006 2036 1043 2065 77
1069 2031 1100 2059 in
1120 2030 1246 2071 Pythag.
1267 2029 1388 2071 duobus]
1414 2031 1453 2061 V.
1477 2030 1570 2062 Offic.
1596 2031 1658 2068 111,

223 2072 308 2109 quod
324 2081 388 2101 non
405 2072 550 2111 displicit.
575 2073 670 2102 eadem
692 2073 775 2109 bona,
792 2084 863 2113 quae
885 2074 916 2103 in

222 2115 287 2144 vita
302 2124 374 2144 mea
389 2116 550 2154 praedicas,
567 2116 684 2154 quibus
700 2126 758 2155 ego
773 2117 869 2146 fruor.

269 2163 306 2192 73
330 2164 420 2186 strato
437 2157 626 2198 pulcerrimo]
646 2159 725 2188 Puto
745 2158 917 2198 legendum

223 2209 290 2229 esse
312 2206 402 2229 strato
420 2200 606 2240 pulcerrime,
623 2203 707 2241 quod
730 2202 842 2232 deinde
865 2212 918 2231 ex-

223 2242 369 2281 plicatur,
381 2250 416 2273 ut
429 2244 608 2283 pulcritudo
625 2245 827 2285 intelligatur.
844 2252 919 2274 stra-

224 2292 250 2314 1ο
275 2286 404 2316 refertur
428 2288 466 2317 ad
492 2286 573 2323 lecto,
595 2288 649 2327 qui
673 2287 824 2325 sternitur,
843 2298 872 2318 v.
891 2297 919 2318 c.

223 2327 359 2364 molliter,
369 2328 472 2367 pulcre
489 2331 547 2360 &c.
714 2338 719 2342 '

267 2376 306 2405 74
330 2371 485 2411 diligenter
510 2371 691 2412 ministrare]
719 2373 782 2402 Ms-
813 2373 920 2403 Guelf.

224 2413 319 2443 habet
333 2414 548 2451 administrare,
565 2416 648 2445 sicut
667 2423 736 2454 post
759 2425 813 2455 pro
834 2416 919 2444 mini-

223 2462 357 2489 stratores
373 2458 442 2487 edd.
461 2465 535 2488 vett.
555 2458 811 2488 administratores.
834 2468 864 2488 V.
881 2459 917 2489 ad

224 2498 309 2528 Verr.
325 2500 364 2535 V,
381 2507 410 2530 4.

267 2547 303 2576 75
329 2541 473 2581 integrum
500 2549 574 2578 erat,
598 2549 631 2570 ut
657 2542 696 2571 ad
712 2543 740 2583 j.
765 2541 807 2580 r.]
826 2543 919 2573 Hanc

221 2590 412 2613 structuram
429 2584 539 2615 formae
555 2585 699 2623 integrum
715 2592 755 2614 est
769 2586 917 2625 nuspiam

224 2627 342 2665 reperi3
367 2633 443 2665 puto
467 2634 499 2656 ut
522 2635 635 2658 natum
652 2638 668 2656 e
684 2628 772 2657 finali
791 2628 824 2657 in
841 2635 916 2664 erat,

222 2676 252 2698 et
265 2670 336 2699 inde
353 2670 524 2709 remigraret
539 2680 594 2709 pro
608 2671 776 2710 remigrare,
790 2671 918 2700 redderet

221 2722 276 2750 pro
293 2712 418 2742 reddere.

267 2759 306 2790 76
328 2761 361 2784 ut
376 2754 476 2785 salvus
493 2766 548 2785 esse
563 2767 616 2785 non
632 2762 736 2795 posset,
753 2756 777 2785 si
792 2767 876 2785 sanus
892 2769 916 2785 e.

221 2796 262 2836 c.]
286 2798 305 2828 i.
318 2807 347 2829 e.
369 2799 394 2828 si
412 2798 588 2828 libertatem
605 2798 722 2838 populo
739 2800 918 2829 reddidisset

221 2839 253 2869 in
266 2840 387 2879 judicia
399 2842 502 2872 vocari
516 2849 629 2881 posset,
644 2849 766 2881 propter
779 2842 919 2873 facinora

964 2081 1012 2103 lo.

1004 2122 1043 2151 78
1066 2116 1173 2145 vadem
1199 2116 1297 2145 mortis
1319 2115 1398 2156 acm]
1424 2116 1474 2145 De
1496 2116 1589 2147 Offic.
1611 2122 1658 2147 est

960 2158 1066 2188 ‘vadem
1082 2170 1110 2187 se
1125 2158 1253 2195 sistendi,
1269 2168 1313 2190 se.
1330 2160 1368 2189 ad
1384 2165 1520 2188 mortem
1536 2171 1542 2188 :
1567 2159 1654 2189 unde

961 2202 1041 2232 dixit
1055 2201 1161 2231 vadem
1176 2202 1285 2232 mortis.

1006 2250 1046 2279 79
1068 2244 1110 2273 ad
1129 2244 1226 2273 horam
1249 2244 1347 2273 mortis
1368 2242 1453 2282 dest-J
1473 2244 1569 2273 mortis
1592 2244 1656 2275 Ms-

964 2287 1070 2317 Guelf.
1093 2288 1138 2317 sic
1153 2294 1185 2316 et
1199 2287 1294 2316 edidit
1309 2287 1466 2317 Davisius.

1008 2336 1047 2361 80
1069 2329 1146 2358 docto
1168 2341 1186 2358 a
1203 2336 1292 2369 puero
1309 2328 1380 2367 ἃς]
1400 2329 1547 2360 Davisius
1561 2329 1657 2360 edidit

964 2372 1042 2401 docto
1067 2379 1095 2401 et
1119 2384 1137 2400 a
1160 2371 1410 2412 puero—erudito,
1435 2373 1520 2411 quod
1542 2382 1656 2403 verum

963 2423 1051 2454 puto.

1008 2465 1043 2488 81
1071 2457 1250 2487 Musicarum
1265 2468 1298 2487 v.
1312 2457 1657 2498 perstudiosum—tragi-

963 2511 1027 2529 cum
1042 2498 1215 2540 accepimus]
1230 2500 1419 2530 Addidimus
1442 2510 1458 2529 e
1483 2501 1561 2531 Mss.
1584 2508 1656 2533 tum

963 2543 1043 2578 aliis,
1062 2550 1132 2573 tum
1149 2543 1257 2573 Guelf.
1281 2550 1311 2572 et
1333 2543 1403 2572 edd.
1426 2550 1501 2573 vett.
1525 2544 1658 2575 Mediol.

961 2586 1080 2622 Juntae,
1104 2586 1176 2616 Ald.
1198 2586 1281 2616 Vict.
1306 2587 1366 2615 ἃς.
1388 2587 1556 2625 accepimus.
1579 2597 1656 2618 nam

961 2629 1036 2660 alias
1053 2638 1117 2658 non
1135 2635 1191 2665 est,
1207 2629 1291 2658 unde
1304 2629 1472 2659 accusativi
1488 2629 1656 2668 pendeant.

963 2671 1098 2701 Facilius
1111 2678 1187 2707 erat,
1201 2672 1270 2701 haec
1285 2672 1476 2710 conjungere
1491 2673 1657 2711 superiori·

962 2715 1020 2744 bus
1036 2715 1080 2744 sic
1097 2725 1134 2745 m.
1157 2726 1191 2743 v.
1212 2714 1384 2755 per-studioso
1407 2721 1434 2744 et
1450 2720 1545 2754 pofe'tae
1567 2715 1656 2744 etiam

961 2757 1071 2796 tragico
1088 2768 1097 2785 .·
1129 2768 1216 2798 quam
1242 2757 1322 2794 bono,
1350 2756 1426 2785 nihil
1453 2757 1493 2785 ad
1520 2768 1588 2795 rem,
1620 2765 1656 2788 ut

961 2800 1104 2839 placebat
1121 2800 1262 2831 Bentleio
1277 2807 1307 2829 et
1323 2799 1461 2830 Davisio.
