1778 3095
228 116 306 150 214
519 113 589 151 DE
617 115 774 153 FINIB.
802 116 1000 155 BONOR.
1029 118 1097 154 ET
1125 118 1331 156 MALOR.

228 227 368 261 turam
401 230 498 262 sunt
513 238 524 263 -:
557 230 619 273 ut,
649 223 776 265 etiam
809 224 843 265 si
878 225 1006 268 animi
1036 226 1136 267 vitio
1169 225 1210 267 id
1241 226 1418 276 eveniat,
1445 234 1585 268 tamen
1618 226 1661 268 in

166 286 404 341 (36001Ρο15
434 278 648 320 immutari
682 280 864 322 hominis
894 291 1041 323 natura
1070 283 1269 324 videatur.
1330 284 1479 338 Itaque
1509 296 1532 324 e
1560 297 1662 324 con-

96 349 134 383 p.
151 346 221 370 133·
231 335 357 375 trario
387 335 611 399 moderati,
642 337 951 393 aequabilesque
984 339 1167 389 habitus,
1198 339 1455 389 affectiones,
1476 341 1662 403 ususque

191 393 221 415 ἃ·
212 392 434 447 ·001Ρο115,
458 401 492 424 51
512 401 610 446 apta
641 407 732 433 esse
765 393 818 434 ad
849 404 1041 436 naturam
1072 396 1278 437 videntur.
1336 397 1432 437 Jam
1454 409 1551 436 vero
1572 395 1662 436 ani-

230 462 325 489 mus
357 463 439 488 non
469 463 560 488 esse
592 448 745 499 solum,
767 450 839 490 sed
869 451 996 491 etiam
1027 452 1249 507 cujusdam
1273 452 1389 493 modi
1412 452 1538 492 debet
1556 464 1662 503 esse,

228 514 277 545 ut
298 515 340 545 et
361 520 505 545 01111155
537 514 672 559 partes
708 505 862 546 habeat
891 507 1138 558 incolumes,
1160 518 1203 549 et
1221 509 1274 549 de
1294 509 1517 550 virtutibus
1547 508 1664 549 nulla

229 561 351 612 desit.
411 562 574 617 Atqui
566 576 606 601 in
628 561 817 602 sensibus
836 572 899 603 est
920 578 993 604 sua
1022 565 1227 628 cujusque
1257 566 1399 615 virtus,
1421 574 1469 607 ut
1489 579 1540 606 ne
1561 563 1664 628 quid

229 608 446 672 impediat,
468 618 696 673 quominus
718 632 795 658 suo
815 633 959 659 sensus
982 620 1157 676 quisque
1187 636 1360 662 munere
1386 623 1592 677 fungatur
1620 636 1664 662 m

228 689 277 714 115
313 674 435 715 rebus
471 674 659 715 celeriter
690 674 968 730 expediteque
1004 677 1297 742 percipiendis,
1329 694 1424 742 quae
1458 679 1661 742 subjectae

150 722 216 776 13
230 739 327 771 sunt
347 731 550 771 sensibus.
610 730 756 771 Animi
777 740 934 782 autem,
952 743 995 774 et
1015 748 1105 789 eJus
1126 733 1253 774 animi
1268 735 1415 799 partis,
1433 750 1526 791 quae
1548 749 1662 790 prm-

228 801 326 842 ceps
355 796 431 837 est,
452 802 632 843 quaeque
662 801 780 828 mens
810 789 1064 840 nominatur,
1088 790 1226 845 plures
1257 800 1354 831 sunt
1382 792 1569 842 virtuteS,
1590 790 1665 833 sed

228 843 314 884 duo
344 844 479 898 prima
508 858 691 898 genera:
723 859 852 885 unum
888 860 1049 897 earum,
1072 862 1166 902 quae
1198 847 1498 901 ingenerantur
1517 857 1666 903 suapte

228 909 390 950 natura,
411 900 760 965 appellanturque
782 916 866 942 non
885 902 1154 944 voluntariae:
1187 903 1367 944 alterum
1388 919 1547 954 earum,
1567 919 1665 960 quae

228 956 271 997 in
301 958 516 998 voluntate
548 957 712 1013 positae,
740 966 778 990 ⁵2
794 973 930 1014 magis
962 960 1133 1024 proprio
1164 961 1334 1001 nomine
1365 959 1566 1016 appellari
1595 975 1664 1001 so-.-

228 1013 343 1054 lent:
374 1029 552 1069 quarum
581 1023 645 1054 est
674 1014 923 1056 excellens
915 1031 955 1056 111
986 1017 1223 1057 animorum
1254 1016 1379 1058 laude
1409 1016 1666 1071 praestantia.

228 1070 378 1125 prioris
409 1071 577 1126 generis
608 1080 673 1112 est
705 1071 913 1136 docilitas,
949 1073 1180 1114 memoria:
1218 1082 1256 1105 ⁵3
1275 1089 1370 1129 quae
1406 1074 1492 1114 fere
1523 1073 1667 1114 omnia

228 1127 491 1191 appellantur
507 1143 593 1169 uno
613 1128 771 1183 ingenii
793 1129 992 1170 nomine:
1023 1144 1177 1185 easque
1206 1129 1378 1171 virtutes
1400 1130 1473 1185 qui
1494 1129 1667 1180 habent,

226 1185 436 1238 ingeniosi
471 1194 686 1225 1003111111.
725 1185 905 1226 alterurn
940 1194 1081 1226 autem
1120 1199 1255 1241 genus
1298 1196 1360 1227 est
1399 1200 1666 1241 magnarum,

228 1256 504 1297 verarumque
526 1241 757 1282 virtutum:
789 1256 894 1297 quas
915 1241 1178 1297 appellamus
1205 1242 1475 1306 voluntarias,
1497 1251 1546 1282 ut
1565 1256 1667 1297 pru-

228 1296 429 1347 dentiam,
464 1298 800 1352 temperantiam,
820 1297 1130 1362 fortitudinem,
1154 1298 1382 1354 justitiam,
1410 1308 1453 1340 et
1483 1297 1668 1354 reliquas

227 1353 429 1417 ejusdem·
439 1354 620 1409 generis.
679 1355 734 1395 Et
765 1354 1010 1395 summatim
1042 1354 1210 1410 quidem
1235 1355 1326 1396 haec
1346 1364 1464 1396 erant
1492 1355 1545 1396 de
1574 1370 1668 1396 cor-

228 1424 345 1464 pore,
366 1410 593 1466 animoque
613 1410 805 1452 dicenda.
837 1411 991 1467 quibus
1012 1411 1131 1467 quasi
1157 1412 1429 1453 informatum
1452 1421 1530 1462 est,
1552 1412 1669 1476 quod

162 1465 213 1504 37
229 1462 410 1507 bominis
432 1477 581 1508 natura
602 1467 804 1522 postulet.
866 1469 929 1508 Ex
950 1483 1035 1524 quo
1056 1468 1328 1524 perspicuum
1358 1477 1436 1532 est,
1467 1469 1665 1524 quoniam

226 1522 305 1578 ipsi
335 1539 360 1564 a
388 1524 508 1564 nobis
535 1523 777 1579 diligamur,
799 1524 1026 1581 omniaque
1046 1533 1087 1566 et
1108 1540 1151 1565 1n
1171 1540 1327 1575 annno,
1349 1534 1392 1566 et
1419 1525 1462 1565 in
1490 1539 1668 1580 corpore

225 1581 413 1644 perfecta
432 1580 606 1621 velimus
628 1595 732 1632 esse,
754 1595 804 1621 ea
824 1581 945 1622 nobis
974 1582 1065 1636 ipsa
1094 1595 1189 1622 cara
1218 1596 1309 1622 esse
1339 1590 1511 1645 propter
1537 1596 1595 1632 se,
1625 1590 1667 1622 et

226 1652 268 1677 111
300 1637 350 1678 iis
384 1651 474 1677 esse
511 1637 563 1677 ad
596 1638 702 1677 bene
737 1637 959 1678 ν11511ἀ11111
992 1649 1210 1678 momenta
1241 1638 1439 1678 maxima.
1472 1653 1566 1678 nam
1598 1638 1668 1679 cui

226 1694 447 1748 proposita
466 1694 521 1734 sit
541 1694 802 1734 conservatio
834 1694 914 1745 sui,
936 1709 1102 1735 necesse
1122 1705 1186 1735 est
1206 1694 1305 1736 huic
1326 1704 1464 1749 partes
1495 1709 1667 1759 quoque

227 1750 292 1790 sui
311 1765 425 1790 caras
445 1764 549 1801 esse,
570 1751 851 1806 carioresque,
873 1765 959 1806 quo
979 1751 1252 1815 perfectiores
1278 1751 1375 1801 sint,
1396 1760 1438 1791 et
1458 1751 1595 1815 magis
1625 1767 1667 1792 m

228 1821 306 1847 suo
326 1821 483 1861 geneie
504 1807 749 1848 laudabiles.
781 1822 830 1847 ea
850 1808 962 1847 enim
982 1808 1067 1848 nita
1087 1808 1312 1862 expetitur,
1337 1822 1429 1862 quae
1453 1807 1505 1848 sit
1524 1807 1668 1859 animi,

185 1868 217 1897 b·
230 1878 501 1918 corporisque
528 1863 694 1918 expleta
727 1864 978 1905 virtutibus:
1010 1864 1052 1904 in
1087 1878 1224 1919 eoque
1256 1878 1471 1904 summum
1507 1865 1667 1906 bonum

227 1921 326 1975 poni
360 1934 529 1961 neeesse
557 1929 636 1974 est,
659 1920 1001 1976 quandoquidem
1022 1920 1065 1961 id
1087 1921 1169 1961 tale
1190 1935 1278 1961 esse
1300 1920 1440 1969 debet,
1460 1929 1508 1961 ut
1528 1935 1667 1963 rerum

227 1976 555 2031 exp0tend1nun
580 1977 634 2017 sit
653 1986 903 2017 extremum.
935 1992 1020 2032 quo
1051 1977 1241 2031 cognito,
1262 1977 1444 2017 dubitari
1475 1992 1560 2019 non
1589 1992 1669 2032 po-

227 2042 326 2083 test,
347 2049 462 2088 qum,
491 2048 588 2074 cum
620 2033 699 2088 ipsi
732 2034 924 2074 homines
955 2033 1033 2074 sibi
1064 2034 1145 2073 sint
1177 2049 1250 2089 per
1272 2048 1330 2084 55,
1353 2043 1395 2073 et
1415 2049 1491 2074 sua
1515 2044 1668 2089 sponte

228 2091 328 2140 cari,
364 2100 502 2145 partes
533 2105 703 2153 quo-que
736 2099 778 2130 et
809 2090 1013 2144 corporis,
1034 2098 1077 2130 et
1106 2090 1248 2140 animi,
1269 2101 1312 2130 et
1341 2104 1483 2130 53111111
1510 2105 1667 2142 rerum,

229 2162 324 2202 quae
345 2156 444 2187 sunt
473 2147 515 2186 in
546 2146 766 2201 utriusque
794 2156 930 2195 mom,
954 2156 996 2186 et
1017 2155 1144 2197 statu,
1165 2161 1240 2187 sua
1262 2161 1294 2186 0
1288 2161 1345 2187 iri
1351 2155 1434 2186 tate
1459 2147 1668 2199 colantur,

165 2208 216 2240 38
230 2214 272 2243 et
303 2218 377 2258 per
397 2218 440 2243 se
462 2204 561 2258 ipsae
584 2213 847 2257 appetantur.
908 2203 1076 2259 Ouibus
1097 2203 1312 2267 expositis,
1332 2202 1465 2243 facilis
1484 2213 1547 2244 est
1563 2219 1666 2246 con-

223 2259 404 2316 jectura,
423 2274 472 2300 ea
501 2260 682 2300 maxime
712 2275 802 2300 esse
831 2245 1065 2314 expetenda
1084 2274 1134 2300 ex
1150 2260 1331 2322 nostris,
1355 2268 1393 2291 ⁵4
1411 2275 1506 2324 quae
1536 2260 1669 2315 pluri-

229 2332 348 2357 mum
372 2316 528 2357 habent
547 2316 793 2370 dignitatis:
826 2326 874 2357 ut
893 2316 1065 2371 optimae
1093 2316 1299 2371 cujusque
1318 2316 1462 2371 partis,
1482 2331 1576 2371 quae
1596 2332 1671 2372 per

230 2387 274 2414 55
310 2382 544 2429 expetatur,
577 2373 706 2414 virtus
738 2373 792 2414 sit
820 2372 1057 2428 expetenda
1096 2372 1291 2414 maxime.
1352 2381 1389 2405 ⁵⁵
1406 2373 1472 2413 Ita
1506 2373 1589 2426 fiet,
1621 2385 1670 2416 ut

277 2514 312 2537 51
333 2513 403 2545 apta
420 2505 487 2543 esse]
515 2507 566 2536 Sic
588 2506 658 2536 edd.
671 2515 795 2536 omnes.
813 2506 843 2534 in
862 2515 928 2535 uno
967 2505 1084 2544 proprie
1099 2515 1116 2535 a
1130 2505 1263 2535 librariis
1280 2505 1402 2534 factum
1416 2511 1462 2534 est
1476 2505 1669 2543 adjectivum

231 2550 349 2580 Eliensi
368 2550 430 2579 Ms.
447 2550 595 2579 Davisius
618 2549 730 2587 reperit
751 2548 826 2587 apti,
843 2549 929 2586 quod
966 2548 1101 2587 proprius
1117 2560 1127 2587 ;
1150 2555 1187 2577 ut
1201 2547 1276 2577 alibi
1289 2547 1356 2585 jam
1374 2549 1566 2578 notavimus.

231 2600 263 2622 et
279 2593 404 2631 recepit.
420 2598 491 2630 apta
507 2592 616 2621 locum
636 2592 731 2620 habet
746 2597 869 2630 propter
885 2591 930 2620 di·
1019 2597 1056 2620 53
1075 2591 1213 2632 quaefere
1227 2590 1333 2628 omnia]
1354 2590 1496 2621 Pearcius
1513 2598 1602 2629 putat
1617 2602 1673 2622 ex-

231 2645 319 2666 versa
334 2644 448 2674 genera
464 2634 681 2673 p1aecedentia.
973 2633 1083 2663 cidisse
1113 2640 1219 2669 cetera,
1250 2640 1374 2672 propter
1401 2634 1536 2663 verbum
1566 2635 1671 2665 omnia.

277 2686 316 2708 52
344 2677 435 2716 magis
460 2677 574 2716 proprio
594 2677 704 2705 nomine
727 2682 794 2714 app.
818 2674 855 2713 s.]
885 2685 930 2705 sc.
973 2675 1121 2706 Davisius
1138 2675 1276 2706 malebat
1291 2675 1466 2717 qualiafcre
1480 2676 1585 2705 onmia.

230 2722 399 2755 virtutum,
432 2721 463 2749 in
494 2720 610 2758 quibus
649 2729 769 2749 nomen
805 2719 928 2748 virtutis
1018 2726 1055 2749 54
1088 2730 1153 2759 quae
1176 2718 1338 2757 plurimum
1367 2719 1472 2748 habent
1501 2719 1668 2759 dignitatis]

232 2765 332 2803 magis
349 2764 510 2803 proprium
535 2769 590 2792 est.
617 2772 675 2792 nec
697 2770 804 2792 tamen
823 2762 930 2800 displi-
974 2761 1159 2800 Legendum
1177 2768 1222 2790 est
1238 2761 1371 2790 habeant.

230 2814 281 2837 cet
307 2807 489 2844 conjectura
512 2806 630 2835 Davisii
653 2805 744 2844 magis
762 2804 880 2843 proprie
903 2816 930 2832 eo
1019 2812 1056 2835 55
1078 2803 1210 2843 Imflet]
1238 2804 1385 2836 Davisius
1410 2804 1500 2836 malit
1511 2805 1570 2844 fit,
1586 2806 1673 2845 quod

233 2851 342 2880 *tamine
364 2848 507 2890 appellari
531 2847 618 2878 solent
631 2860 641 2878 .·
665 2857 742 2879 nam
764 2854 794 2878 et
809 2857 892 2887 saepe
914 2857 932 2878 e
975 2853 1005 2877 et
1022 2849 1054 2878 in
1068 2848 1133 2878 Ms.
1149 2848 1261 2887 repetit
