1778 3095
234 182 310 216 438
621 179 697 216 DE
726 177 988 217 NATURA
1015 176 1276 215 DEORUM

237 294 378 328 menta
397 286 621 342 perierunt.
679 287 787 327 Tum
809 286 920 327 enim
951 286 1061 328 bella
1089 301 1233 342 gerere
1253 285 1385 326 nostri
1406 284 1534 328 duces
1555 286 1659 329 inci-

180 353 226 385 10
236 343 371 400 piunt,
409 351 445 375 18
461 358 558 384 curn
595 343 778 397 auspicia
807 353 1050 398 posuerunt.
1108 344 1170 384 At
1204 357 1298 383 vero
1333 343 1446 398 apud
1481 343 1659 398 majores

236 408 352 441 tanta
371 400 584 455 religionis
600 400 658 440 vis
678 400 771 449 fuit,
793 409 841 440 ut
860 400 1031 455 quidam
1061 400 1330 453 imperatores
1352 399 1477 440 etiam
1501 400 1660 454 seipsos

237 456 315 497 diis
338 456 645 497 immortalibus
675 457 809 511 capite
838 457 971 496 velato
995 465 1030 487 14
1045 456 1176 497 verbis
1207 456 1327 496 certis
1353 470 1428 510 pro
1449 454 1663 510 republica

237 513 500 554 devoverent.
559 512 700 553 Multa
729 527 777 552 ex
812 512 1026 567 Sibyllinis
1055 512 1432 561 vaticinationibus,
1452 512 1585 553 multa
1612 525 1662 552 ex

237 569 505 624 haruspicum
541 569 749 623 responsis
787 577 821 599 1⁵
837 582 1168 610 commemorare
1202 583 1389 624 possum,
1426 568 1578 623 quibus
1614 582 1664 608 ea

193 626 551 675 4conf1rmentur,
573 641 666 680 quae
687 624 814 664 (lubia
844 624 998 664 nemini
1027 624 1182 666 debent
1210 640 1314 665 esse.
1371 625 1506 679 Atqui
1524 635 1568 664 et
1586 639 1663 664 no-

127 705 157 735 p.
176 690 420 726 aestrorum
443 696 667 736 augurum,
691 687 727 711 16
742 690 784 721 et
804 682 1077 720 Etruscorum
1104 680 1369 735 haruspicum
1402 680 1663 735 disciplinam

201 739 285 778 a·P.
305 738 514 793 Scipione,
546 737 597 777 C.
622 737 773 792 Figulo
804 735 1060 786 consulibus,
1090 751 1152 776 res
1185 737 1274 791 ipsa
1306 738 1524 791 probavit:
1556 751 1664 792 quos

240 809 337 835 cum
361 803 394 830 17
412 794 475 834 Ti.
496 793 728 843 Gracchus,
757 791 905 833 consul
932 793 1098 842 iterum,
1118 801 1333 842 recrearet,
1355 802 1392 825 18
1407 794 1566 848 primus
1596 807 1667 833 ro-

238 860 454 906 gatorum,
495 859 531 883 19
545 858 593 889 ut
629 863 701 889 eos
749 848 905 897 retulit,
945 848 1100 889 ibidem
1140 858 1204 889 est
1241 858 1409 903 repente
1457 858 1665 890 mortuus.

240 907 458 948 Gracchus
475 920 572 946 cum
594 904 767 946 comitia
796 905 1068 946 nihilominus
1099 905 1344 959 peregisset,
1362 919 1531 960 remque
1548 905 1664 945 illam

239 963 281 1003 in
314 963 557 1017 religionem
594 962 752 1017 populo
787 962 944 1002 venisse
979 961 1164 1011 sentiret,
1197 961 1250 1001 ad
1283 970 1472 1002 senatum
1508 961 1666 1002 retulit.

241 1027 423 1069 senatus,
443 1033 548 1074 quos
570 1018 622 1058 ad
644 1019 810 1069 soleret,
831 1018 1094 1059 referendum
1127 1018 1301 1059 censuit.
1332 1017 1572 1073 haruspices
1601 1018 1665 1058 in-

239 1075 439 1125 troducti,
460 1074 781 1130 responderunt,
804 1089 886 1115 non
917 1074 1043 1115 fuisse
1067 1075 1231 1130 justum
1253 1074 1521 1114 comitiorum
1543 1088 1670 1129 roga-

182 1143 225 1174 11
242 1140 391 1173 torem.
449 1133 559 1172 Tum
583 1131 815 1181 Gracchus,
837 1140 883 1171 ut
913 1145 936 1170 e
966 1141 1084 1186 patre
1114 1130 1350 1181 audiebam,
1371 1130 1563 1171 incensus
1593 1131 1669 1180 ira,

242 1190 362 1230 Itane
382 1203 476 1229 vero
495 1189 507 1228 ?
542 1203 623 1244 ego
655 1202 740 1229 non
762 1187 918 1243 justus,
940 1188 1011 1242 qui
1038 1197 1080 1228 et
1108 1187 1256 1228 consul
1276 1187 1433 1241 rogavi,
1453 1196 1496 1227 et
1515 1200 1666 1242 augur,

240 1255 283 1286 et
312 1245 560 1299 auspicato?
594 1260 646 1285 an
678 1259 749 1285 vos
779 1244 920 1292 Tusci,
941 1257 988 1284 ac
1019 1243 1198 1293 barbari,
1219 1243 1500 1297 auspiciorum
1520 1242 1667 1298 populi

240 1301 503 1356 Romanijus
524 1301 687 1351 tenetis,
708 1310 751 1341 et
770 1300 1016 1354 interpretes
1047 1314 1137 1340 esse
1165 1300 1432 1340 comitiorum
1462 1299 1667 1354 potestis?

240 1358 381 1414 itaque
399 1366 490 1398 tum
512 1357 606 1399 illos
627 1358 736 1398 exire
750 1356 890 1412 jussit.
952 1358 1050 1397 Post
1069 1365 1211 1397 autem
1241 1370 1291 1396 ex
1319 1355 1530 1411 provincia
1555 1355 1669 1396 litte-

239 1429 305 1455 ras
325 1414 376 1455 ad
399 1414 626 1469 collegium
649 1413 778 1464 misit,
799 1427 856 1463 se,
879 1421 919 1444 20
932 1427 1029 1453 cum
1051 1412 1212 1467 legeret
1240 1412 1383 1463 libros,
1403 1410 1668 1452 recordatum

240 1485 344 1521 esse,
364 1470 464 1512 vitio
485 1471 562 1511 sibi
583 1469 896 1512 tabernaculum
929 1479 1099 1525 captum
1130 1469 1272 1518 fuisse,
1295 1477 1331 1500 21
1347 1469 1388 1510 in
1413 1467 1546 1509 hortis
1576 1467 1669 1509 Sci-

238 1527 390 1583 pionis,
411 1526 541 1583 quod,
561 1542 657 1568 cum
680 1527 932 1582 pomoerium
954 1535 1101 1581 postea
1121 1525 1330 1576 intrasset,
1349 1524 1532 1565 habendi
1549 1538 1668 1565 sena·

240 1595 308 1625 tus
329 1598 467 1634 causa,
496 1584 538 1624 in
566 1583 794 1634 redeundo,
812 1598 909 1624 cum
939 1582 1050 1623 idem
1082 1582 1335 1637 pomoerium
1366 1581 1572 1630 transiret,
1593 1594 1668 1620 au-

241 1641 389 1696 spicari
412 1650 521 1681 esset
538 1640 718 1681 oblitus:
750 1640 891 1695 itaque
912 1639 1010 1680 vitio
1031 1649 1193 1679 creatos
1213 1637 1404 1678 consules
1421 1651 1527 1678 esse.
1574 1636 1669 1677 Au·-

240 1711 365 1752 gures
396 1711 482 1737 rem
515 1697 567 1737 ad
596 1706 813 1737 senatum:
845 1704 1027 1745 senatus,
1048 1703 1086 1726 22
1103 1705 1151 1735 ut
1181 1694 1422 1735 abdicarent
1447 1692 1669 1743 consules;

238 1753 550 1794 abdicaverunt.
610 1754 719 1808 Quae
743 1752 969 1808 quaerimus
988 1751 1179 1805 exempla
1202 1750 1393 1806 majora?
1428 1750 1486 1790 vir
1505 1749 1671 1804 sapien-

241 1810 441 1858 tissimus,
464 1820 590 1865 atque
610 1809 724 1850 haud
756 1809 842 1849 scio
869 1823 921 1848 an
954 1808 1143 1848 omnium
1165 1806 1549 1861 praestantissimus,
1569 1819 1670 1860 pec-

241 1875 382 1907 catum
403 1881 541 1917 suum,
563 1866 677 1922 quod
699 1865 822 1906 celari
854 1874 1010 1920 posset,
1033 1863 1222 1904 confiteri
1250 1862 1412 1913 maluit,
1434 1876 1558 1918 quam
1581 1861 1670 1902 hae-

977 2011 1080 2040 iterum
1107 2012 1239 2050 pertinet
1260 2011 1298 2040 ad
1325 2009 1428 2039 consul.
1453 2019 1508 2048 pro
1531 2016 1672 2038 recrearet

977 2055 1123 2083 Davisius
1149 2054 1217 2083 vult
1240 2059 1362 2088 crearet,
1389 2054 1481 2082 bene.
1507 2062 1583 2082 nam
1610 2053 1672 2092 pri-

241 2024 359 2043 nomen
386 2014 538 2043 haberent
563 2023 673 2043 sensus
699 2012 775 2047 laeti,
802 2018 836 2041 ut
867 2011 933 2041 sal-

240 2058 322 2092 vius,
345 2057 487 2086 Valerius
512 2064 541 2085 et
567 2056 695 2091 similia,
721 2055 793 2084 boni
817 2056 933 2084 ominis

241 2109 346 2129 causa.
393 2100 463 2129 Hoc
488 2109 564 2130 cum
590 2099 783 2129 testamentis
809 2099 840 2127 in
866 2108 935 2136 pro-

241 2143 346 2172 cinctu
372 2144 416 2172 sic
439 2143 589 2177 conteret,
604 2142 687 2181 quod
712 2151 746 2170 ea
771 2141 836 2170 fieri
856 2140 935 2170 sole—

241 2186 332 2222 bant,
349 2195 424 2215 cum
442 2186 496 2215 viri
514 2185 663 2214 militares
679 2185 709 2213 in
727 2184 828 2213 aciem
845 2193 936 2213 voca-

242 2229 369 2265 bantur,
394 2235 428 2258 ut
451 2236 496 2258 est
517 2237 566 2266 ap.
591 2228 733 2257 Gellium
756 2226 850 2256 Noct.
873 2227 935 2256 Att.

241 2271 313 2307 XV,
332 2277 382 2306 27.
408 2272 438 2300 in
460 2281 524 2310 quo
548 2272 631 2300 idem
655 2270 719 2299 fieri
746 2270 878 2305 solebat,
903 2276 937 2298 ut

241 2314 356 2344 talibus
374 2314 559 2344 nominibus
574 2315 728 2352 quosdam
745 2312 937 2342 nominatim

241 2364 400 2387 vocarent.

289 2406 324 2430 13
347 2411 408 2429 cum
432 2399 561 2438 auspicia
578 2395 749 2438 posuerunt]
771 2398 790 2427 i.
807 2407 833 2426 e.
858 2405 934 2426 cum

243 2452 307 2472 non
338 2443 476 2482 amplius
507 2442 625 2471 habent
655 2441 708 2478 jus
738 2441 934 2479 auspicandi,

243 2495 358 2523 nempe
374 2485 620 2524 magistratibus,
636 2491 671 2513 ut
687 2483 867 2519 consulatu,
885 2483 936 2511 de-

243 2534 361 2566 posuis.

289 2577 325 2599 14
342 2568 438 2598 verbis
454 2567 550 2605 certis]
571 2568 721 2598 Formula
741 2575 834 2603 certa,
851 2568 935 2606 quod

241 2611 415 2642 devotionis
432 2620 560 2642 carmen
577 2611 699 2640 dicitur.

287 2662 322 2685 15
341 2664 554 2683 commu-morare
571 2652 695 2691 possum]
710 2659 822 2692 possum
841 2651 936 2681 habet

242 2697 306 2727 ΜΞ.
325 2696 432 2727 Guelf.
458 2703 487 2725 et
510 2696 562 2725 alii
585 2696 667 2735 apud
684 2695 863 2731 Davisium,
881 2694 935 2732 qui

241 2740 330 2770 etsie
346 2740 439 2770 edidit
456 2748 510 2777 pro
526 2738 652 2777 vulgato
666 2744 820 2776 possumus.

288 2788 324 2813 16
352 2789 379 2811 e!
413 2783 593 2811 Etruscorum
622 2778 799 2819 aruspicum]
832 2778 935 2817 Vulgo

241 2831 299 2862 est,
316 2832 344 2854 et
355 2825 528 2864 aruspicum.
552 2825 633 2854 bene
656 2823 769 2853 delevit
791 2828 818 2851 et
840 2822 936 2852 Davi-

241 2869 317 2899 sius.

287 2917 322 2947 17
353 2910 398 2940 Ti.
427 2909 484 2940 Gr.
512 2909 608 2939 consul
635 2909 752 2946 iterum,
779 2906 931 2946 recrearet]

979 2107 1070 2126 mum
1086 2105 1155 2127 tum
1172 2097 1215 2126 illi
1233 2095 1378 2126 consules
1393 2096 1485 2125 creati
1501 2102 1587 2126 sunt.

1025 2146 1060 2169 18
1081 2139 1193 2178 primus
1219 2137 1392 2178 rogatorum]
1419 2139 1476 2168 Pro
1499 2138 1612 2177 primus
1629 2149 1673 2166 ro-

975 2189 1072 2221 gator,
1091 2189 1127 2211 ut
1142 2182 1264 2220 corrigit
1281 2181 1439 2212 Davisius.
1482 2181 1542 2210 Sed
1555 2188 1585 2210 et
1603 2180 1672 2210 vul-

979 2232 1089 2264 gatum
1112 2226 1193 2255 bene
1216 2225 1329 2254 habet:
1355 2224 1483 2254 fuerunt
1498 2224 1584 2253 enim
1601 2223 1672 2262 plu-

980 2278 1038 2303 res,
1055 2276 1164 2307 estque
1187 2267 1407 2306 intelligendus
1424 2273 1545 2305 rogator
1560 2272 1672 2296 centu-

980 2312 1031 2341 riae
1048 2311 1268 2350 praerogativae.
1283 2320 1313 2339 v.
1332 2309 1418 2339 Clav.
1435 2310 1467 2338 in
1485 2310 1516 2338 h.
1534 2318 1564 2338 v.

1026 2361 1061 2386 19
1089 2361 1121 2383 ut
1148 2365 1188 2382 eos
1213 2351 1325 2390 retulit]
1356 2353 1393 2381 ln
1419 2351 1561 2381 tabulas:
1593 2361 1670 2381 nam

978 2397 1125 2435 suffragia
1144 2402 1265 2435 rogator
1287 2394 1411 2434 punctis
1434 2394 1561 2424 notabat
1577 2394 1608 2423 in
1626 2400 1672 2424 ta-

978 2439 1074 2468 bula:
1102 2439 1151 2468 vel
1178 2440 1216 2468 ad
1243 2437 1430 2472 Consulem,
1454 2438 1508 2476 qui
1536 2437 1672 2467 comitiis

979 2488 1119 2521 praeerat,
1137 2480 1334 2516 Gracchum,
1349 2480 1401 2518 qui
1418 2486 1481 2509 erat
1498 2485 1527 2509 et
1542 2486 1611 2518 post
1625 2481 1672 2510 di-

979 2525 1061 2553 citur
1074 2530 1186 2561 rogarer
1202 2522 1386 2551 comitiorum.

1022 2573 1062 2596 ‘20
1074 2577 1136 2594 cum
1154 2565 1258 2605 legeret
1273 2563 1369 2602 libros]
1389 2564 1576 2602 Augurales.

1022 2616 1056 2638 21
1087 2609 1116 2637 in
1140 2608 1228 2637 hortos
1251 2606 1408 2646 Scipionis]
1436 2608 1620 2645 Legendum
1641 2607 1672 2636 in

979 2651 1066 2680 hortis
1082 2650 1162 2690 scip.
1179 2651 1233 2680 ubi
1258 2660 1372 2689 nempe
1395 2650 1547 2689 auspicari
1562 2649 1673 2680 volue-

980 2701 1035 2724 rat.

1022 2743 1060 2766 22
1089 2742 1121 2764 ut
1146 2735 1312 2764 abdicarent
1339 2733 1482 2770 consules;
1510 2733 1590 2772 abd]
1620 2735 1672 2764 Sic

979 2779 1211 2818 interpungitur
1238 2779 1268 2808 in
1296 2779 1358 2807 Ms.
1387 2777 1493 2807 Guelf.
1516 2783 1545 2806 et
1572 2787 1673 2816 marg.

978 2823 1025 2852 ed.
1044 2823 1076 2851 L.
1093 2823 1137 2851 sic
1154 2829 1183 2851 et
1199 2823 1247 2853 ed.
1262 2821 1402 2851 Victorii.
1418 2819 1515 2859 vulgo
1530 2827 1600 2860 post
1619 2820 1684 2863 ala--

978 2864 1117 2894 dicarent.
