1768 3095
238 97 311 130 154
554 88 622 125 DE
651 89 806 128 FINIB.
827 91 1027 130 BONOR.
1048 94 1115 131 ET
1145 95 1351 134 MALOR.

168 201 220 234 24
232 204 317 256 tio,
346 209 401 244 et
423 202 612 258 perfecta
649 204 769 246 ratio.
830 206 892 246 Ut
927 204 1046 246 enimv
1076 204 1279 246 histrioni*
1308 204 1434 256 aetio,
1476 207 1663 251 saltatori

231 269 388 312 motus,
422 275 506 302 non
539 259 686 316 quivis,
720 262 793 303 sed
829 269 969 303 certus
1002 262 1175 317 quidam
1211 271 1275 303 est
1303 262 1547 304 datusz‘sic
1579 265 1663 306 vita

229 318 394 374 agenda
409 325 472 358 est
490 328 606 360 certo
625 333 779 374 gene-re
801 318 1002 374 quodam,
1032 325 1124 359 non‘
1145 319 1361 374 quolibet3
1392 319 1508 374 quod
1527 334 1662 375 genus

227 376 490 426 conveniens,
524 384 938 431 consentaneumque
973 375 1167 416 dicimus.
1202 390 1278 416 nec
1309 375 1420 416 enim
1452 376 1664 431 guberna-

227 433 345 484 tioni,
367 442 440 473 aut
461 432 679 473 medicinae
706 432 885 473 similem
913 431 1160 486 sapientiam
1188 446 1279 473 esse
1300 432 1565 484 arbitramur,
1582 433 1661 474 sed

228 490 382 530 actioni
405 489 465 530 illi
486 489 642 544 potius,
660 503 795 545 -quam
827 488 957 528 modo
987 487 1086 537 dixi,
1117 497 1161 529 et
1190 487 1416 539 saltationi,
1439 498 1487 530 ut
1507 489 1548 530 in
1570 489 1662 545 ipsa

228 554 317 587 arte
338 546 449 595 insit,
471 561 555 586 non
577 546 678 586 foris
699 552 865 599 petatur
885 553 1135 594 extremum,
1166 544 1208 585 id
1238 554 1316 595 est,
1347 546 1447 586 artis
1477 546 1658 587 effectio.

227 612 271 644 et
290 610 432 643 tamen
453 612 515 643 est
536 602 663 643 etiam
685 601 766 641 alia
788 615 885 641 eum
908 600 972 640 his
996 600 1093 655 ipsis
1115 601 1273 642 artibus
1303 602 1515 657 sapientiae
1537 601 1659 643 dissi-

226 659 450 709 militud03
482 668 702 714 propterea
724 657 838 712 quod
855 657 897 698 in
928 656 1024 706 iilis,
1041 670 1150 712 fiquae
1180 666 1294 698 recte
1312 659 1422 699 facta
1442 666 1554 708 sunt,
1575 673 1660 700 non

223 717 494 757 continentur
527 724 669 756 tamen
703 728 849 754 omnes
883 721 1042 769 partes,
1071 726 1095 753 e
1127 713 1282 769 quibus
1317 709 1527 755 constant.
1564 730 1659 771 quae

224 782 364 814 autem
388 786 464 812 nos
486 779 560 812 aut
586 780 713 819 recta,
745 779 820 811 aut
845 779 965 811 recte
988 771 1098 810 facta
1127 770 1339 819 dieamus,
1361 770 1395 811 si
1425 770 1578 825 placet,
1599 771 1661 813 illi

224 838 366 870 autem
395 827 611 882 appellant
641 825 924 883 κατορθώματα,
955 841 1101 867 omnes
1135 826 1524 868 numerosvirtutis
1554 841 1659 868 con-

224 886 373 926 tinent.
394 884 484 926 sola
504 884 617 925 enim
645 883 849 939 sapientia
870 891 905 919 47
926 883 967 924 in
998 898 1042 924 se
1072 891 1163 924 tota
1192 891 1512 925 conversaest:
1543 884 1659 939 quod

162 954 209 985 25
224 942 334 983 idem
353 942 393 982 in
422 941 570 982 ceteris
597 940 755 981 artibus
791 940 967 981 nonsit.
1028 940 1182 981 Inscite
1199 948 1347 980 -autem
1377 939 1597 982 medicinae
1617 949 1661 982 et

179 1001 213 1030 b.
222 998 542 1054 gubernationis
575 996 775 1038 ultimum
812 1011 910 1037 cum
944 996 1094 1037 ultimo
1126 996 1340 1051 sapientiae
1375 1005 1658 1052 comparatur.

224 1055 426 1110 sapientia
447 1055 557 1095 enim
580 1062 622 1094 et
642 1053 771 1094 animi
788 1053 1124 1109 magnitudinem
1138 1053 1451 1109 complectitur,
1473 1061 1515 1094 et
1529 1053 1659 1109 justi-
1708 1076 1711 1081 s

223 1112 339 1162 tiam,
370 1119 410 1143 48
427 1119 470 1151 et
499 1120 547 1153 ut
584 1110 741 1161 omnia,
775 1124 869 1165 quae
909 1109 1070 1150 homini
1106 1109 1312 1159 accidant,
1347 1110 1454 1150 infra
1489 1123 1533 1150 se
1568 1124 1659 1151 esse

215 1168 406 1224 judicet:
437 1167 552 1223 quod
570 1166 683 1207 idem
702 1167 743 1207 in
763 1166 912 1207 ceteris
933 1167 1092 1207 artibus
1111 1180 1194 1206 non
1217 1165 1439 1220 contingit.
1497 1167 1659 1207 Tenere

221 1233 363 1266 autem
402 1224 576 1265 virtutes
613 1238 683 1264 eas
724 1223 849 1278 ipsas,
889 1237 1068 1278 quarum
1099 1222 1231 1262 modo
1264 1222 1524 1262 mentionem
1554 1222 1658 1273 ³feci,

221 1295 346 1322 nemo
378 1280 547 1336 poterit,
578 1279 655 1319 nisi
686 1279 892 1329 statuerit,
926 1287 966 1313 49
981 1278 1084 1319 nihil
1113 1292 1218 1328 esse,
1250 1277 1365 1334 quod
1385 1278 1564 1329 intersit,
1584 1287 1659 1320 aut

221 1337 385 1378 differat
404 1336 517 1377 aliud
538 1337 591 1376 ab
611 1336 709 1386 alio,
731 1343 882 1390 praeter
904 1335 1095 1385 honesta,
1117 1342 1159 1375 et
1179 1334 1332 1390 turpia.
1581 1350 1600 1362 >¹

275 1393 508 1435 Videamus
550 1407 676 1442 nune,
710 1406 837 1448 qnam
875 1392 958 1433 sint
992 1391 1191 1448 praeclare
1223 1391 1294 1432 illa
1329 1390 1393 1441 iis,
1435 1398 1529 1447 qu'ae
1564 1391 1656 1448 jam

157 1461 209 1498 26
220 1450 359 1505 posui,
382 1449 696 1504 consequentia.
758 1448 871 1489 Cum
901 1449 1011 1489 enim
1045 1448 1126 1488 hoc
1157 1448 1210 1488 sit
1239 1457 1475 1488 extremum
1510 1449 1657 1498 (sentis

219 1507 348 1558 enim,
369 1505 510 1555 credo,
532 1520 600 1546 me
628 1504 720 1561 jam
754 1505 841 1555 diu,
883 1504 997 1560 quod
1029 1505 1132 1551 τέλος
1153 1505 1329 1545 Graecus
1359 1504 1488 1555 dicat,
1517 1504 1557 1544 id
1591 1505 1655 1545 di-

217 1577 312 1604 cere
344 1572 435 1604 tum
464 1571 714 1612 extremum,
745 1570 837 1602 tum
868 1561 1082 1610 ultimum,
1113 1568 1205 1600 tum
1237 1575 1478 1601 summum:
1511 1561 1657 1602 licebit

217 1620 345 1661 etiam
367 1619 493 1660 finem
513 1633 590 1674 pro
610 1627 814 1668 extremo,
846 1625 919 1658 aut
947 1617 1100 1658 ultimo
1130 1616 1284 1669 dicere)
1318 1632 1417 1657 cum
1445 1631 1552 1672 ergo
1573 1617 1675 1658 hoc·

218 1677 270 1717 sit
292 1685 544 1725 extremum,
576 1683 859 1730 congruenter
888 1682 1048 1715 naturae
1078 1673 1460 1728 convenienterque
1489 1674 1654 1724 vivere;

219 1732 452 1773 necessario
486 1732 689 1787 sequitur,
721 1745 867 1771 omnes
896 1731 1102 1786 sapientes
1129 1743 1294 1785 semper
1314 1730 1506 1780 feliciter,
1527 1730 1653 1771 abso-

218 1788 320 1839 lute,
357 1789 570 1829 fortunate
608 1788 754 1838 vivere,
797 1787 911 1827 nulla
945 1801 989 1828 re
1024 1786 1232 1842 impediri,
1271 1785 1388 1826 nulla
1424 1785 1673 1841 prohiberi,

216 1845 331 1886 nulla
369 1859 506 1900 egere.
565 1844 697 1886 Quod
725 1852 867 1884 autem
898 1843 1086 1884 continet
1126 1857 1211 1883 non
1241 1843 1378 1897 magis
1408 1856 1501 1884 eam
1528 1842 1671 1884 disci-2

216 1901 390 1957 plinam,
428 1901 481 1942 de
521 1915 604 1957 qua
636 1901 802 1956 loquor,
837 1915 963 1956 quam
999 1900 1125 1940 vitam
1160 1899 1436 1955 fortunasque
1475 1907 1656 1950 nostraS,

217 1958 259 1999 id
280 1967 357 2008 est,
378 1966 439 2007 ut,
463 1957 577 2013 quod
610 1957 837 1997 honestum
868 1957 937 2007 sit,
967 1956 1008 1998 id
1039 1955 1178 1996 solum
1208 1956 1370 1996 bonum
1394 1954 1673 2010 judicemus*-

169 2014 201 2063 8
220 2015 364 2056 Potest
383 2013 425 2054 id
448 2014 619 2069 quidem
651 2014 759 2063 fuse,
791 2014 1053 2069 etcopiose,
1086 2020 1130 2053 et
1161 2012 1359 2053 omnibus
1389 2011 1653 2052 electissimis

216 2071 366 2122 verbis,
396 2070 736 2126 gravissimisque
768 2071 983 2110 sententiis
1019 2078 1058 2102 ⁵0
1074 2068 1315 2124 [rhetorice]
1351 2075 1393 2108 et
1422 2067 1583 2123 augeri,
1611 2076 1654 2109 et

215 2129 354 2169 ornari
374 2145 383 2169 :
415 2128 488 2168 sed
507 2127 767 2168 consectaria
792 2142 860 2167 me
892 2127 1147 2175 Stoicorum,
1178 2125 1331 2174 brevia,
1361 2133 1410 2166 ets
1434 2132 1557 2165 acuta
1578 2124 1673 2165 de-⁵

150 2189 199 2230 27
213 2185 385 2225 lectant.
447 2183 774 2225 Concluduntur
792 2183 923 2238 igitur
953 2197 1099 2224 eorum
1128 2188 1380 2236 argumenta
1399 2180 1488 2221 sic:
1516 2180 1657 2224 Quoda

208 2250 277 2293 fest
292 2242 469 2292 bonum,
501 2255 627 2281 omne
661 2239 874 2282 laudabile
905 2250 983 2281 est.
1019 2238 1135 2295 quod
1169 2246 1309 2278 autem
1342 2236 1552 2279 laudabile
1573 2245 1676 2288 est3⁵

257 2372 294 2400 47
322 2366 351 2395 in
374 2377 400 2396 se
427 2372 486 2395 tota
511 2376 647 2395 conversa
668 2364 720 2403 est]
748 2366 768 2394 i.
792 2375 818 2395 e.
845 2375 910 2395 non

213 2409 299 2439 aliud
324 2416 412 2439 extra
434 2419 467 2439 se
491 2416 622 2448 spectat,
650 2415 685 2437 ut
713 2409 832 2437 finem:
856 2409 910 2438 sed

215 2453 281 2491 ipsa
296 2458 419 2491 propter
433 2461 466 2482 se
482 2452 648 2490 expetitur.

257 2501 297 2524 48
321 2502 348 2523 e!
368 2501 400 2523 u!
421 2491 680 2532 omnia-fjudicet]
707 2493 738 2522 in
763 2500 790 2521 ct
812 2499 844 2521 ut
866 2493 911 2522 vi-

214 2539 297 2567 tium
313 2546 379 2567 esse
395 2537 535 2572 arbitror,
552 2543 582 2565 et
604 2544 659 2566 aut
674 2542 706 2565 ut
721 2536 907 2572 delendum,

215 2589 252 2610 ac
282 2586 352 2618 post
379 2580 584 2609 scribendum
610 2578 742 2618 judicat,
773 2586 828 2608 aut
857 2585 907 2606 et:

215 2623 299 2662 quod
314 2623 414 2662 magis
431 2621 542 2660 placet.
566 2631 643 2652 nam
666 2621 691 2650 si
714 2622 744 2651 id
767 2628 839 2657 stat,
863 2627 908 2650 est

216 2666 268 2696 hic
292 2665 478 2705 periphrasis
508 2664 644 2702 alicujus
669 2664 802 2693 virtutis.
849 2663 908 2693 Sed

214 2709 298 2748 quod
337 2708 389 2738 hic
425 2708 551 2744 dicitur,
595 2715 641 2737 est
682 2706 909 2746 magnitudinis

213 2751 327 2786 animi,
340 2760 413 2790 quae
434 2751 629 2780 nominatim
650 2756 722 2779 ante
737 2749 837 2788 posita
852 2755 909 2779 est.

213 2795 268 2824 Sin
293 2794 414 2824 deletur
440 2800 479 2830 et,
504 2794 537 2823 in
562 2792 767 2832 sequentibus
797 2798 843 2823 est
866 2792 904 2822 ef·

213 2839 314 2867 fectus
330 2837 485 2867 virtutum
502 2843 575 2867 ante
590 2836 760 2867 dictarum.

998 2372 1037 2397 49
1061 2363 1138 2393 nihil
1150 2374 1217 2399 esse,
1233 2364 1311 2405 quod
1324 2364 1449 2401 intersit,
1463 2371 1515 2393 aa!
1530 2365 1653 2407 dfflra!
1671 2359 1676 2376 ³

954 2419 983 2436 α.
1001 2418 1030 2437 α.
1045 2405 1087 2445 α.]
1107 2407 1255 2436 Davisius
1271 2407 1453 2437 addendum
1470 2414 1560 2446 putat
1575 2420 1652 2450 quo.-

954 2456 1006 2478 aut
1029 2461 1083 2491 quo
1107 2449 1226 2489 dfflrat
1249 2449 1332 2478 aliud
1356 2462 1385 2480 a.
1409 2462 1438 2480 a.
1461 2451 1586 2482 frustra.
1603 2461 1652 2482 res

955 2494 1029 2532 ipsae
1045 2493 1125 2522 inter
1135 2502 1167 2522 se
1181 2492 1303 2522 differre
1313 2493 1475 2530 dicuntur,
1490 2499 1555 2525 non
1571 2489 1652 2534 quo-

952 2535 1049 2565 modo
1074 2536 1230 2565 differant.
1255 2535 1359 2574 itaque
1383 2542 1453 2576 post
1476 2542 1523 2566 est
1535 2542 1650 2576 praeter

952 2578 1066 2607 honesta
1081 2584 1109 2606 e!
1125 2577 1235 2617 turpia,
1260 2587 1324 2608 non
1345 2585 1455 2617 praeter
1477 2578 1650 2610 honestatem

953 2627 980 2649 et
1006 2619 1224 2659 turpitudinem.
1247 2621 1324 2662 quod
1345 2621 1459 2651 intersit
1480 2628 1538 2660 est,
1562 2624 1648 2662 quod
1668 2626 1672 2631 ’

951 2663 1122 2693 discrimen
1138 2663 1263 2693 habeat.
1655 2662 1657 2665 ’

997 2713 1036 2737 50
1053 2704 1201 2744 rhetorice]
1217 2706 1288 2736 Hoc
1301 2705 1431 2744 quidem
1442 2703 1646 2747 glossatorem

952 2748 1045 2788 sapit,
1065 2754 1096 2777 et
1120 2754 1229 2779 notam
1252 2749 1415 2787 marginis.
1432 2751 1539 2791 itaque
1554 2751 1646 2781 uncis
1668 2748 1671 2750 ’

953 2791 1081 2828 inclusi,
1094 2797 1130 2822 ut
1146 2791 1292 2823 Davisius
1305 2792 1389 2822 feeit.
1531 2800 1534 2803 ¹
1669 2798 1671 2801 ’
