1768 3095
524 115 701 154 LIBER
731 113 1037 151 QUARTUS.
1456 119 1505 161 77

73 225 251 269 suaviter
278 226 470 283 voluptas
500 223 690 266 sensibus
725 222 874 264 nostris
906 219 1158 262 blandiatur.
1191 227 1227 256 97
1243 219 1364 261 labor
1384 235 1435 262 eo
1460 230 1511 265 ut

70 285 274 326 assentiar
305 284 502 338 Epicuro,
537 289 612 322 aut
640 279 875 334 Aristippo.
907 285 1076 319 revocat
1102 276 1247 327 virtus,
1276 276 1340 318 vel
1366 278 1509 330 potius

70 339 339 396 reprehendit
367 354 518 380 manu:
549 337 761 393 pecudum
787 335 882 376 illos
913 345 1055 376 motus
1088 348 1177 374 esse
1209 333 1337 374 dicit:
1369 333 1510 374 homi-

75 411 173 438 nem
198 396 341 453 jungit
361 395 456 436 deo.
476 409 648 451 possum
672 408 763 434 esse
793 391 958 433 medius
978 409 988 433 ι
1019 400 1081 441 ut,
1103 390 1305 446 quoniam
1324 389 1510 445 Aristip-

73 468 166 507 pus,
184 453 304 509 quasi
323 453 511 494 animum
542 451 705 492 nullum
736 449 981 499 habeamus,
1001 461 1154 502 corpus
1177 447 1315 487 solum
1337 455 1510 497 tuetur3

76 511 208 560 Zeno,
230 509 348 565 quasi
368 508 556 564 corporis
577 508 706 548 simus
726 515 934 562 expertes,
953 504 1141 546 animum
1160 503 1299 544 solum
1320 503 1511 558 comple-

72 567 223 607 ctitur:
256 574 295 600 98
312 575 360 606 ut
397 565 712 621 Calliphontem
756 578 933 618 sequar3
974 561 1095 618 cujus
1134 560 1305 616 quidem
1341 571 1511 601 senten-

73 623 173 663 tiam
213 621 451 663 Carneades
483 622 541 662 ita
575 620 761 662 studiose
793 619 1087 668 defensitabat,
1122 626 1171 658 ut
1205 631 1299 657 eam
1331 617 1512 672 probare

71 678 197 718 etiam
232 678 453 720 videretur.
485 692 741 734 quamquam
779 675 1072 717 Clitomachus
1104 673 1352 724 affirmabat,
1384 688 1510 715 num-

72 749 196 790 quam
236 750 279 775 se
318 735 552 791 intelligere
601 734 806 790 potuisse,
845 732 947 788 quid
989 731 1197 772 Carneadi
1245 730 1509 786 probaretur.

73 799 112 824 99
127 791 223 843 Sed,
245 792 279 832 si
298 792 435 846 ipsum
464 793 588 833 finem
609 791 732 832 velim
757 791 873 846 sequi
892 806 902 840 3
935 803 1074 830 nonne
1100 796 1160 820 100
1172 788 1264 842 ipsa
1281 787 1446 838 veritas,
1466 797 1511 829 et

71 848 207 902 gravis
227 857 269 889 et
289 858 403 890 recta
422 849 527 890 ratio
558 848 662 889 mihi
693 848 965 888 obversetur?
997 846 1079 893 Tu,
1109 859 1207 886 cum
1241 843 1440 885 honestas
1466 844 1507 885 in
1521 858 1553 890 b,

70 904 285 960 voluptate
303 905 612 947 contemnenda
636 904 853 954 consistat,
873 903 1140 943 honestatem
1160 916 1257 942 cum
1278 900 1508 955 voluptate,
1526 907 1601 939 140

72 969 287 1017 tamquam
309 962 524 1003 hominem
544 976 642 1003 cum
663 961 801 1011 belua,
822 959 1065 1014 copulabis?
1099 960 1244 1000 Unum
1269 958 1400 1013 igitur
1419 971 1508 1013 par,
1521 955 1594 1011 46

73 1019 186 1072 quod
219 1019 448 1074 depugnet,
483 1019 690 1074 reliquum
723 1027 800 1068 est,
832 1017 1024 1072 voluptas
1055 1030 1153 1056 cum
1184 1015 1421 1055 honestate.
1456 1013 1510 1055 de

75 1089 158 1128 quo
193 1074 436 1130 Chrysippo
469 1076 564 1126 fuit,
585 1083 789 1131 quantum
823 1088 905 1129 ego
937 1073 1088 1122 sentio,
1112 1086 1195 1112 non
1226 1085 1384 1126 magna
1408 1085 1512 1112 con-

73 1131 220 1172 tentio.
251 1132 429 1173 alterum
451 1133 485 1173 si
507 1146 696 1188 sequare,
717 1131 852 1172 multa
872 1139 1013 1180 ruunt,
1035 1138 1079 1169 et
1107 1128 1290 1169 maxime
1315 1142 1511 1169 commu-

73 1188 179 1228 nitas
210 1202 307 1228 cum
340 1189 561 1230 hominum
590 1202 758 1244 genere,
789 1187 954 1235 caritas,
984 1185 1183 1236 amicitia,
1203 1184 1386 1241 justitia,
1414 1184 1512 1225 reli-

75 1258 169 1298 quae
191 1245 389 1286 virtutes:
422 1260 598 1300 quarum
635 1259 726 1285 esse
758 1244 873 1285 nulla
904 1251 1060 1298 potest,
1091 1242 1170 1283 nisi
1202 1242 1282 1283 erit
1312 1242 1513 1297 gratuita.

76 1314 173 1340 nam
207 1316 302 1356 quae
336 1302 564 1356 voluptate,
585 1302 703 1356 quasi
734 1299 927 1341 mercede
959 1299 1113 1354 aliqua,
1134 1298 1187 1339 ad
1215 1299 1402 1339 officium
1432 1299 1515 1339 im-

74 1356 260 1411 pellitur,
281 1371 331 1398 ea
361 1372 445 1398 non
478 1369 542 1399 est
570 1358 714 1406 virtus,
741 1357 815 1397 sed
850 1356 977 1396 fallax
1006 1355 1187 1396 imitatio
1216 1354 1514 1411 simulatioque

75 1413 251 1454 virtutis.
310 1413 427 1455 Audi
447 1423 595 1455 contra
614 1414 722 1463 illos,
743 1413 815 1469 qui
835 1427 990 1454 nomen
1016 1411 1249 1452 honestatis
1270 1426 1295 1451 a
1315 1425 1359 1451 se
1379 1424 1431 1451 ne
1450 1412 1516 1452 in-

74 1468 212 1524 telligi
229 1470 400 1525 quidem
420 1470 576 1522 dicant,
598 1470 674 1511 nisi
695 1472 803 1511 forte
824 1469 939 1524 quod
958 1468 1193 1524 gloriosum
1212 1469 1266 1508 sit
1285 1468 1324 1508 in
1347 1467 1515 1522 vulgus,

76 1524 119 1565 id
151 1525 376 1568 honestum
412 1526 584 1568 velimus
615 1526 780 1568 dicere:
812 1526 973 1566 fontem
1006 1525 1197 1566 omnium
1231 1524 1442 1565 bonorum
1474 1524 1517 1565 in

76 1596 252 1637 corpore
285 1597 404 1625 esse:
436 1583 544 1625 hanc
577 1598 783 1634 normam,
815 1582 923 1623 hanc
952 1582 1159 1636 regulam,
1186 1581 1294 1621 hanc
1324 1581 1517 1635 praescri-

78 1638 267 1694 ptionem
289 1654 377 1681 esse
398 1649 576 1681 naturae:
597 1655 622 1681 a
641 1655 724 1695 qua
744 1639 817 1695 qui
837 1639 1126 1688 aberravisset,
1146 1652 1245 1678 eum
1266 1652 1515 1692 numquam,

77 1695 179 1751 quid
198 1696 241 1738 in
260 1698 344 1738 vita
366 1706 626 1752 sequeretur;
642 1696 901 1737 habiturum.
961 1694 1084 1736 Nihil
1103 1694 1234 1750 igitur
1253 1709 1322 1734 me
1344 1694 1516 1749 putatis,
1534 1704 1600 1737 141

76 1751 183 1804 haec,
211 1762 254 1794 et
284 1754 364 1794 alia
391 1753 710 1795 innumerabilia
741 1768 839 1794 cum
870 1751 1054 1801 audiam,
1084 1751 1275 1792 moveri?
1307 1760 1397 1792 tam
1424 1766 1519 1792 mo—

77 1823 189 1859 veor,
210 1825 337 1866 quam
368 1819 430 1861 tu,
456 1811 660 1852 Luculle:
692 1824 829 1866 neque
858 1824 926 1849 me
955 1808 1094 1849 minus
1124 1807 1357 1858 hominem,
1389 1822 1517 1863 quam

78 1873 120 1906 te
138 1868 361 1921 putaveris.
418 1868 603 1908 Tantum
634 1867 822 1916 interest,
843 1865 958 1922 quod
986 1873 1048 1916 tu,
1071 1879 1169 1907 cum
1190 1879 1234 1905 es
1260 1874 1519 1916 commotus,

77 1924 324 1978 acquiescis,
358 1924 584 1974 assentiris,
616 1924 849 1979 approbas;
883 1937 1025 1963 verum
1057 1921 1178 1972 illud,
1209 1930 1372 1962 certum
1398 1935 1518 1962 com-

77 1979 346 2034 prehensum,
381 1989 642 2035 perceptum,
677 1989 830 2029 ratum,
861 1979 1045 2029 firmum,
1077 1979 1234 2019 1fixum
1262 1978 1350 2020 vis:
1382 1977 1519 2032 deque

78 2049 130 2076 eo
156 2036 272 2077 nulla
302 2037 463 2078 ratione
493 2051 630 2092 neque
660 2036 775 2092 pelli,
796 2051 932 2092 neque
962 2035 1120 2076 moveri
1142 2044 1279 2091 potes.
1309 2049 1394 2090 ego
1414 2034 1521 2076 nihil

79 2092 288 2148 ejusmodi
324 2107 414 2134 esse
449 2093 643 2144 arbitror,
677 2094 745 2134 cui
776 2094 809 2133 si
843 2108 1035 2134 assensus
1072 2093 1168 2143 sim,
1201 2106 1286 2133 non
1317 2091 1520 2133 assentiar

79 2163 190 2204 saepe
209 2150 331 2201 falso,
350 2151 552 2206 quoniam
573 2164 668 2191 vera
686 2164 711 2190 a
730 2149 842 2190 falsis
861 2149 977 2191 nullo
996 2149 1238 2190 discrimine
1257 2157 1519 2204 separa-ntur,

81 2207 314 2262 praesertim
334 2221 433 2248 cum
447 2206 610 2263 judicia
624 2206 704 2248 ista
724 2206 971 2257 dialecticae,
991 2206 1107 2246 nulla
1125 2206 1221 2246 sint.
1430 2233 1439 2239 «

135 2263 273 2305 Venio
293 2264 405 2306 enim
420 2263 511 2319 jani
532 2263 585 2305 ad
604 2263 767 2305 tertiam
788 2272 949 2318 partem
979 2261 1274 2317 philosophiae.
1306 2261 1422 2302 aliud
1435 2272 1439 2275 ’
1446 2261 1520 2317 ju-
1535 2265 1608 2299 142

123 2383 160 2410 97
189 2376 266 2406 labor
287 2388 328 2413 eo,
345 2383 379 2407 u!
402 2387 456 2406 ass.
482 2374 624 2416 Epicuro]
642 2385 671 2406 v.
689 2376 777 2405 Clav.

82 2420 112 2449 in
130 2419 201 2451 labi.
236 2420 346 2450 Paullo
362 2426 430 2459 post
446 2419 619 2458 legendum
635 2418 779 2459 estjnngi

82 2463 142 2492 Deo
158 2463 323 2504 projungit
340 2463 412 2493 Deo.
429 2469 464 2493 ut
481 2465 550 2502 jam
566 2462 714 2492 Davisius
732 2464 776 2491 vi-

84 2505 140 2535 dit.

124 2554 162 2580 98
179 2555 211 2577 ut
228 2547 440 2588 Calliphontem
455 2546 576 2589 sequar]
591 2547 698 2586 Vulgo
713 2548 776 2577 edi-

79 2598 128 2621 tur
149 2599 200 2622 aur
220 2590 286 2623 Cal.
307 2592 376 2623 edd.
394 2599 466 2622 vett.
482 2591 631 2631 quaedam
654 2598 779 2620 utrum-

80 2644 141 2673 que
157 2635 276 2665 habent
292 2641 327 2665 ut
341 2635 422 2665 Ven.
442 2642 534 2667 1494.
550 2634 604 2664 sed
619 2640 651 2662 zet
671 2633 778 2663 solum

82 2687 192 2708 verum
208 2684 265 2714 est,
283 2677 604 2717 intelligendumque,
622 2677 755 2715 inquam
771 2688 777 2704 ε

81 2729 123 2749 sc.
141 2722 288 2760 repetitur
303 2722 336 2752 h.
352 2720 373 2751 1.
398 2727 432 2749 ut
453 2730 470 2750 e
490 2720 715 2759 superioribus,
732 2726 777 2755 ut,

83 2763 214 2803 quoniam
231 2763 409 2803 Aristippus,
429 2770 465 2793 ut
486 2772 683 2803 consequens
699 2772 774 2793 curn

85 2807 287 2836 antecedente
300 2808 463 2846 jungatur.

140 2856 178 2881 99
201 2849 269 2886 Sed,
294 2850 318 2878 si
341 2850 432 2888 ipsum
446 2849 542 2889 finem
566 2848 656 2878 velim
680 2847 772 2889 sequi]

822 2375 893 2404 Hoc
911 2384 974 2404 non
992 2374 1072 2403 bene
1086 2374 1195 2403 habet:
1213 2372 1344 2403 delerim
1360 2381 1437 2403 cum
1453 2372 1522 2403 aliis

821 2418 894 2448 viris
910 2418 1009 2447 doctis
1019 2417 1128 2456 finem,
1145 2417 1230 2455 quod
1246 2424 1276 2446 et
1293 2416 1356 2446 Ms.
1373 2426 1443 2455 reg...
1454 2416 1522 2447 Par.

821 2461 918 2490 abest.
935 2460 1026 2499 ipsum
1043 2460 1176 2499 pertinet
1195 2460 1233 2488 ad
1254 2458 1478 2498 Calliphontem.

867 2511 926 2534 loo
953 2504 1016 2542 ipsa
1044 2502 1158 2532 veritas
1185 2500 1260 2541 &c.]
1296 2502 1410 2531 Veritas
1439 2502 1522 2532 edidi

821 2557 876 2586 pro
892 2547 1046 2582 severitas,
1061 2547 1136 2585 quia
1155 2546 1196 2576 ita
1216 2552 1246 2575 et
1269 2545 1367 2576 Codd.
1387 2545 1522 2584 ‘quidam

821 2600 880 2620 scr.
903 2597 934 2620 et
960 2591 1029 2620 edd.
1056 2596 1131 2619 vett.
1153 2589 1283 2619 habent.
1297 2594 1369 2618 tum
1394 2598 1450 2627 pro
1473 2587 1522 2617 ob-

821 2638 954 2662 versetur
978 2632 1156 2671 scripserim
1179 2631 1362 2667 adversetur,
1393 2640 1437 2661 se.
1466 2631 1521 2661 tali

820 2676 972 2706 oratione.
998 2677 1024 2705 si
1050 2675 1130 2705 illud
1158 2684 1272 2704 verum
1294 2680 1353 2710 est,
1380 2673 1522 2713 intellige

821 2720 930 2749 animo
947 2725 1101 2757 tanquam
1116 2718 1161 2747 sic
1178 2727 1310 2748 mecum
1325 2717 1485 2756 loquatur.

865 2769 877 2792 1
894 2762 997 2801 fixum
1012 2761 1074 2799 vis]
1093 2760 1206 2790 Delevi
1221 2770 1298 2791 cum
1321 2760 1451 2790 Davisio
1464 2759 1522 2798 fu-

820 2804 883 2841 isse,
901 2812 1028 2834 auctore
1045 2804 1108 2834 Ms.
1122 2804 1217 2834 Paris.
1233 2804 1320 2843 quod
1333 2810 1413 2833 stare
1429 2801 1522 2832 nullo

820 2849 917 2878 modo
934 2854 1044 2888 potest.
1062 2847 1149 2878 abest
1165 2854 1196 2877 et
1211 2856 1229 2877 a
1244 2847 1307 2877 ΜΞ.
1326 2846 1409 2885 reg10
1424 2845 1491 2875 Par.
