1778 3095
462 228 469 238 >.
518 187 697 224 LIBER
725 185 1055 233 SECUNDUS.
1433 188 1511 232 459

89 305 176 337 arte
192 304 348 336 naturae
364 293 515 346 vivuug
529 301 571 333 et
584 293 745 347 vigent:
768 293 958 346 profecto
972 294 1061 347 ipsa
1076 300 1184 332 terra
1197 291 1340 332 eaden]
1357 292 1393 332 vi
1408 307 1510 334 con·
1523 300 1571 333 83

88 352 257 403 tinctur,
288 362 330 392 et
368 358 454 390 arte
490 358 662 398 naturae,
701 349 856 403 quippe
891 364 984 403 quae
1018 348 1232 403 gravidata
1269 347 1510 398 seminibus,

89 408 231 448 omnia
250 407 396 463 pariat,
412 414 453 445 et
465 405 612 445 fundat
628 420 679 445 ex
695 419 798 455 sese,
820 405 967 459 stirpes
986 404 1177 458 amplexa
1194 404 1277 443 alat
1292 411 1334 443 et
1347 414 1514 457 augeat,

89 463 260 520 ipsaque
279 463 413 504 alatur
441 461 618 501 vicissim
641 477 666 501 a
686 461 860 515 superis,
876 461 1140 514 externisque
1160 459 1332 499 naturis.
1389 460 1512 514 Ejus-

90 520 271 575 demque
291 517 636 572 exspirationibus
656 523 727 558 aer
747 517 885 565 alitur,
904 526 946 557 et
961 516 1104 565 aether,
1125 525 1167 555 et
1187 515 1335 555 omnia
1349 529 1511 569 supera.

91 577 169 627 Ita,
191 577 224 616 si
244 585 352 615 terra
376 583 522 614 natura
552 582 715 614 tenetur
744 582 786 613 et
816 573 940 628 viget,
971 573 1119 613 eadem
1148 572 1253 612 ratio
1284 571 1323 611 in
1353 571 1513 626 reliquo

90 632 248 673 mundo
278 639 354 671 est.
385 629 534 684 stirpes
566 630 676 670 enim
713 640 832 670 terrae
864 629 1081 669 inhaerent.
1118 628 1349 669 animantes
1370 636 1512 668 autem

90 688 366 743 adspiratione
386 687 491 726 aeris
524 687 804 727 sustinentur:
836 686 1008 740 ipseque
1039 690 1108 725 ae'r
1138 684 1357 724 nobiscum
1389 684 1513 734 videt,

90 745 308 785 nobiscnm
330 742 461 792 audit,
494 743 711 783 nobiscum
745 751 879 782 sonat.
910 742 1012 782 nihil
1044 741 1155 781 enim
1187 755 1329 780 eornm
1354 739 1441 779 sine
1463 755 1515 780 eo

90 800 174 841 fieri
214 807 364 854 potest.
423 799 536 855 Quin
576 800 702 839 etiam
741 809 929 839 movetur
975 798 1208 838 nobiscum.
1248 810 1513 850 quacumque

88 857 198 897 enim
219 855 343 905 imus,
364 870 627 911 quacumque
649 870 877 903 movemur,
907 854 1067 895 videtur
1096 853 1213 909 quasi
1233 852 1375 893 locum
1399 852 1512 902 dare,

88 922 131 953 et
149 911 308 952 cedere.
368 914 560 968 Quaeque
591 913 633 951 in
661 911 849 952 medium
878 911 1019 951 locum
1054 909 1214 959 mundi,
1248 909 1319 964 qui
1348 918 1419 951 ,est
1450 908 1513 948 in-
1528 911 1576 943 84

90 968 226 1018 fimus,
269 977 312 1008 et
350 984 444 1023 quae
475 983 499 1008 a
532 968 671 1008 medio
707 967 746 1007 in
783 981 996 1021 superum,
1033 980 1209 1021 quseque
1248 965 1515 1006 conversione

88 1024 271 1065 rotunda
308 1024 464 1065 circum
506 1024 689 1064 medium
728 1024 933 1073 feruntur,
968 1038 1016 1062 ea
1046 1023 1328 1063 continentem
1368 1021 1515 1062 mundi

89 1081 275 1131 efficiunt
304 1095 515 1135 unamque
546 1090 752 1120 naturam.
810 1081 865 1120 Et
896 1094 993 1119 cuin
1029 1088 1228 1134 quattuor
1258 1078 1339 1120 sint
1361 1092 1521 1120 ffienera.

88 1151 328 1192 corporum,
346 1136 627 1178 vicissitudine
657 1151 803 1177 eorum
834 1135 980 1176 mundi
1005 1135 1248 1176 continuata
1274 1135 1419 1185 naundi
1438 1144 1516 1174 est.

89 1194 202 1234 Nam
224 1208 275 1233 ex
304 1202 424 1243 terra,
455 1208 591 1249 aqua3
622 1207 672 1233 ex
701 1207 822 1248 aqua,
854 1193 987 1232 oritur
1016 1197 1110 1232 aer:
1142 1206 1192 1231 ex
1222 1196 1329 1242 aere,
1355 1190 1514 1231 aether:

89 1248 238 1291 deinde
267 1259 493 1290 retrorsum
526 1249 704 1290 vicissim
739 1264 787 1289 ex
821 1249 989 1298 aethere,
1022 1253 1120 1298 aer3
1152 1262 1201 1287 ex
1232 1252 1343 1297 a'e're,
1377 1261 1513 1301 aqua,

90 1321 140 1346 ex
176 1321 296 1362 aqua,
336 1315 445 1346 terra
478 1306 633 1346 infima.
693 1305 761 1345 Sic
798 1305 953 1345 naturis
989 1304 1067 1354 his,
1103 1319 1153 1344 ex
1187 1304 1339 1358 quibus
1376 1303 1518 1343 omnia

90 1371 296 1413 constant,
328 1376 507 1411 sursum,
541 1361 753 1411 deorsum,
787 1362 913 1411 ultro,
946 1361 1136 1414 citroque
1168 1360 1517 1409 commeantibus,

90 1418 236 1459 mundi
255 1418 436 1473 partium
458 1418 702 1473 conjunctio
731 1418 984 1458 continetur.
1043 1418 1153 1458 Quae
1176 1426 1247 1456 aut
1268 1416 1520 1470 sempiterna
1533 1424 1579 1456 85

90 1476 144 1516 sit
165 1490 329 1515 necesse
349 1483 425 1524 est,
447 1474 528 1514 hoc
550 1474 702 1515 eodem
722 1483 885 1523 ornatu,
916 1487 1040 1528 quem
1068 1473 1254 1513 videmus
1273 1489 1282 1513 z
1314 1481 1386 1512 aut
1408 1479 1520 1512 certe

92 1531 376 1586 perdiuturna,
398 1538 644 1585 permanens
667 1530 718 1570 ad
738 1530 1032 1585 longinquum,
1060 1538 1101 1570 et
1128 1529 1378 1569 immensum
1401 1542 1522 1583 paene

91 1597 273 1642 tempus.
333 1594 369 1622 97
386 1590 581 1643 Quorum
603 1586 804 1627 utrumvis
830 1587 895 1635 sit,
925 1586 1124 1640 sequitur,
1148 1595 1295 1626 natura
1314 1584 1522 1625 mundum

90 1643 384 1685 administrari.
444 1644 552 1698 Quae
586 1643 695 1682 enim
730 1642 926 1682 classium
964 1642 1189 1696 navigatio,
1221 1650 1293 1682 aut
1329 1656 1422 1696 quae
1459 1641 1520 1681 in-

91 1700 266 1755 structio
284 1698 503 1748 exercitus,
525 1708 597 1739 aut
617 1714 759 1739 rursus
794 1701 856 1751 (ut
885 1714 947 1749 ea,
976 1714 1070 1753 quae
1094 1707 1240 1738 natura
1259 1698 1399 1746 efficit,
1420 1711 1520 1737 con-

91 1757 289 1808 feramus)
321 1770 415 1811 quae
442 1755 678 1810 procreatio
707 1755 814 1804 vitis,
845 1764 915 1795 aut
945 1755 1120 1804 arboris,
1151 1765 1243 1809 quae
1274 1768 1400 1808 porro
1431 1753 1520 1793 ani-

92 1812 244 1853 mantis
265 1812 413 1867 figura,
441 1811 807 1867 conformatioque
836 1811 1140 1860 membrorum,
1173 1818 1330 1851 tantam
1362 1818 1520 1850 naturae
1532 1827 1561 1857 p.
1575 1824 1626 1848 43.

93 1869 321 1910 sollertiam
342 1868 561 1922 significat,
583 1877 781 1923 quantam
807 1868 895 1922 ipse
926 1867 1109 1907 mundus
1131 1868 1141 1906 ?
1176 1876 1249 1907 aut
1269 1867 1399 1921 igitur
1419 1866 1522 1906 nihil
1533 1871 1562 1891 ²²·

93 1925 171 1974 est,
190 1924 304 1979 quod
332 1924 536 1964 sentiente
566 1933 713 1964 natura
742 1934 934 1978 regatur:
966 1933 1038 1963 aut
1067 1923 1274 1964 mundum
1305 1923 1395 1977 regi
1420 1937 1521 1962 con-

96 1980 297 2034 fitendum
319 1989 396 2020 est.
455 1981 621 2020 Etenim
654 1981 726 2035 qui
759 1980 936 2035 reliquas
967 1990 1134 2020 naturas
1165 1994 1324 2029 omnes,
1356 1993 1522 2019 earum-
1535 1978 1586 2015 86

97 2036 178 2093 que
209 2036 367 2078 semina
396 2036 622 2085 contineat,
654 2039 725 2091 qui
762 2046 900 2090 potest
936 2036 1025 2091 ipse
1058 2051 1140 2076 non
1172 2045 1319 2076 natura
1344 2035 1530 2076 admini-.

96 2094 245 2135 strari?
279 2102 340 2143 ut,
363 2093 470 2148 siqui
491 2092 652 2143 dentes,
669 2103 711 2133 et
724 2092 984 2146 pubertatem
1008 2102 1155 2133 natura
1171 2092 1283 2133 dicat
1303 2093 1524 2132 exsistere:

96 2151 234 2206 ipsum
270 2158 410 2190 autern
445 2149 676 2199 hominem,
711 2149 779 2189 cui
810 2163 859 2189 ea
887 2149 1101 2199 exsistant,
1134 2163 1215 2189 non
1238 2158 1429 2188 constare
1453 2162 1525 2188 na-

97 2216 218 2247 tura:
251 2216 333 2246 no'n
351 2205 572 2260 intelligat,
603 2220 665 2255 ea,
697 2220 790 2260 quae
824 2205 996 2245 efferant
1032 2205 1189 2260 aliquid
1220 2219 1269 2244 ex
1299 2219 1406 2254 sese,
1434 2218 1527 2258 per-

97 2263 293 2303 fectiores
324 2262 477 2302 habere
512 2271 694 2311 naturas,
729 2276 853 2316 quam
891 2276 953 2311 ea,
991 2276 1084 2316 quae
1120 2275 1169 2301 ex
1204 2261 1252 2300 iis
1289 2261 1525 2300 efferantur.

99 2319 302 2360 Omnium
323 2327 461 2359 autem
486 2332 641 2368 rerum,
669 2333 762 2373 quae
793 2326 940 2357 natura
968 2317 1324 2366 administrantur,
1347 2316 1526 2356 semina·
1540 2310 1611 2358 34

98 2385 166 2416 tor
185 2385 226 2416 et
247 2385 359 2415 sator
379 2384 422 2415 et
442 2389 604 2429 parens,
623 2383 671 2415 ut
698 2374 757 2414 ita
788 2374 941 2423 dicam,
970 2382 1096 2428 atque
1123 2373 1339 2422 educator,
1359 2382 1399 2413 et
1421 2371 1529 2412 altor

98 2441 162 2473 est
178 2431 382 2472 mundus:
415 2431 655 2485 omniaque,
674 2430 781 2470 sicut
800 2430 988 2470 membra
1004 2439 1045 2469 et
1064 2439 1201 2484 partes
1219 2444 1327 2478 suas,
1345 2429 1528 2468 nutrica-

101 2498 183 2537 tur,
204 2497 246 2528 et
266 2487 467 2528 continet.
526 2487 656 2543 Quod
675 2487 709 2527 si
729 2486 876 2527 mundi
903 2496 1040 2541 partes
1067 2494 1215 2526 natura
1234 2485 1527 2525 administran-

101 2552 184 2592 tur,
204 2558 371 2584 necesse
396 2554 460 2584 est
489 2543 695 2584 mundum
725 2543 863 2597 ipsum
896 2551 1043 2583 natura
1069 2542 1347 2583 administrari
1369 2558 1378 2581 ε
1407 2540 1528 2596 cujus

103 2599 274 2655 quidem
311 2599 617 2640 administratio
654 2599 757 2640 nihil
795 2599 922 2639 habet
960 2599 1002 2638 in
1043 2613 1101 2649 se,
1134 2598 1250 2653 quod
1285 2596 1529 2652 reprehendi

104 2656 252 2711 possit.
290 2668 340 2695 ex
371 2656 419 2696 iis
450 2657 561 2696 enim
596 2656 769 2706 naturis,
807 2671 900 2711 quae
933 2663 1063 2706 erant,
1099 2654 1214 2711 quod
1252 2654 1358 2695 effici
1390 2652 1530 2709 potuit

149 2785 184 2814 97
213 2779 338 2808 Quorum
354 2777 498 2806 utrumvis
513 2784 546 2806 ut
565 2775 618 2816 sit]
636 2784 668 2807 ut
681 2778 797 2807 delevit
838 2776 1099 2816 breviloquentia,
1115 2787 1170 2816 pro
1186 2779 1234 2807 fac
1249 2786 1315 2807 esse
1331 2776 1532 2811 alterutrum,

108 2821 264 2851 Davisius.
282 2830 346 2849 non
370 2826 527 2858 repertum
549 2821 582 2849 in
603 2821 666 2850 Ms.
684 2821 795 2859 Regio,
839 2821 1009 2859 etquidem
1024 2820 1232 2851 utrumlibet:
1250 2820 1302 2850 sed
1315 2826 1421 2850 tamen
1434 2820 1533 2858 magis

108 2871 139 2893 et
166 2872 410 2902 supervacuum.
440 2871 505 2891 non
531 2872 605 2892 sum
635 2864 794 2893 imitatus:
838 2862 940 2901 placet
955 2862 1060 2894 deleri.

109 2907 183 2945 quia
212 2913 312 2945 potest
341 2915 407 2935 esse
436 2914 491 2943 pro
510 2904 580 2944 sac.
611 2912 657 2935 est
687 2913 795 2936 autem
