1778 3095
522 120 707 158 LIBER
744 120 1086 159 SECUNDUS.

1444 127 1518 161 585

89 225 131 266 in
162 224 428 281 haruspicina
449 224 641 274 fecimus,
663 225 721 266 sic
741 224 968 275 videamus,
990 225 1312 267 clarissimarum
1343 228 1518 270 sortium

89 297 182 338 quae
217 283 405 324 tradatur
434 281 627 322 inventio.

87 353 237 380 norum
268 346 539 380 monumenta
568 336 796 386 declarant,

689 288 726 317 73
744 281 999 322 Numerium
1029 282 1280 332 Suffucium,
1305 283 1520 326 Praenesti-

827 337 1053 378 honestum
1084 338 1299 379 hominem
1326 348 1368 379 et
1396 342 1517 382 nobi-

88 394 189 445 lem,
214 403 252 431 74
270 396 441 436 somniis
462 393 631 441 crebris,
653 394 706 434 ad
733 403 965 434 extremum
995 394 1121 434 etiam
1150 395 1399 446 minacibus,
1420 411 1517 438 cum

79 450 302 506 juberetur
339 460 452 492 certo
489 451 530 490 in
564 450 661 491 loco
697 450 856 491 silicem
892 450 1068 500 caedere,
1099 452 1365 505 perterritum
1407 452 1516 504 visis,

88 507 354 549 irridentibus
386 507 468 548 suis
498 507 672 557 civibus,
695 507 736 547 id
765 521 888 562 agere
913 507 1117 562 coepisse:
1149 507 1289 561 itaque
1311 510 1519 563 perfracto

87 578 186 605 saxo
208 573 340 605 sortes
359 563 560 617 erupisse,
584 571 620 600 75
640 564 680 603 in
713 564 865 604 robore
893 563 1121 618 insculptas
1151 563 1382 618 priscarum
1405 565 1519 607 litte-

85 635 225 661 rarum
256 621 379 660 notis.

441 621 480 660 Is
500 629 562 661 est
582 620 707 661 hodie
728 621 848 660 locus
869 630 1013 675 septus
1037 620 1230 675 religiose
1253 630 1423 675 propter
1441 624 1518 663 Jo-

84 676 143 716 vis
163 676 293 732 pueri,
314 677 386 732 qui
409 683 447 712 76
464 676 622 718 lactens
649 691 745 718 cum
775 677 942 718 Junone
972 678 1167 717 Fortunae
1199 676 1240 716 in
1268 678 1433 732 gremio
1456 694 1519 720 se-

85 731 202 782 dens,
243 747 472 774 mammam
513 743 727 789 appetens,
768 733 999 773 castissime
1049 733 1202 774 colitur
1236 747 1260 773 a
1297 734 1515 776 matribus.

84 789 333 845 Eodemque
361 798 565 845 tempore,
588 790 628 830 in
648 804 699 830 eo
720 790 831 840 loco,
852 790 925 830 ubi
947 792 1142 830 Fortunae
1166 804 1275 831 nunc
1299 797 1335 826 77
1352 791 1431 831 sita
1452 802 1516 834 est
1529 797 1579 834 86

85 845 212 896 aedes,
248 846 331 886 mel
365 861 415 887 ex
449 847 541 887 olea
576 847 740 887 fluxisse
774 846 920 886 dicunt
939 863 948 887 ι
992 846 1316 902 haruspicesque
1350 847 1516 900 dixisse,

84 916 250 942 summa
269 902 487 943 nobilitate
507 903 597 943 illas
619 913 751 944 sortes
777 903 954 951 futurem,
975 918 1211 958 eorumque
1231 905 1356 959 jussu
1377 919 1426 945 ex
1446 905 1518 946 illa

85 958 179 998 olea
208 973 346 999 arcam
366 973 455 1000 esse
477 959 646 1007 factam,
672 973 802 1014 eaque
831 959 1021 999 conditas
1052 969 1200 1010 sorteS,
1223 969 1260 995 78
1276 976 1368 1016 quae
1390 961 1517 1003 hodie

84 1015 281 1055 Fortunae
312 1015 478 1056 monitu
505 1015 724 1056 tolluntur.

784 1015 901 1057 Quid
933 1016 1062 1070 igitur
1091 1016 1133 1056 in
1164 1016 1228 1057 his
1258 1026 1398 1071 potest
1424 1033 1516 1059 esse

84 1071 200 1120 certi,
231 1086 325 1127 quae
362 1072 556 1113 Fortunae
590 1072 769 1122 monitu,
806 1073 926 1127 pueri
956 1088 1084 1113 manu
1116 1073 1360 1123 miscentur,
1391 1084 1517 1130 atque

83 1126 323 1168 ducuntur?
357 1143 442 1184 quo
474 1128 604 1170 modo
632 1138 773 1170 autem
806 1129 895 1169 istae
926 1130 1073 1184 positae
1101 1130 1141 1169 in
1163 1130 1236 1170 illo
1263 1130 1389 1170 loco?
1423 1132 1514 1186 quis
1527 1140 1559 1171 b.

82 1184 212 1224 robur
244 1184 348 1225 illud
384 1186 551 1236 cecidit,
587 1185 757 1235 dolavit,
788 1185 1028 1240 inscripsit?
1064 1186 1166 1226 nihil
1197 1195 1274 1236 est,
1306 1187 1515 1242 inquiunt,

81 1240 195 1295 quod
231 1241 332 1282 deus
368 1242 529 1282 efficere
568 1257 651 1283 non
686 1243 832 1297 possit.
893 1243 1068 1283 Utinam
1105 1242 1313 1297 sapientes
1350 1245 1516 1285 Stoicos

83 1297 302 1349 effecisset,
323 1313 373 1338 ne
406 1306 446 1335 79
462 1299 603 1339 onmia
632 1298 921 1353 superstitiosa
950 1299 1248 1350 sollicitudine,
1279 1308 1321 1340 et
1351 1301 1518 1341 miseria

82 1353 298 1395 crederent
317 1355 324 1394 !

387 1355 470 1396 Sed
502 1355 583 1396 hoc
620 1355 789 1411 quidem
826 1370 962 1411 genus
998 1355 1262 1396 divinationis
1304 1356 1385 1397 vita
1424 1357 1516 1413 jam

84 1412 323 1452 communis
343 1412 535 1467 explosit.
576 1413 676 1453 Fani
697 1411 937 1467 pulcritudo
960 1423 1002 1454 et
1023 1420 1219 1462 vetustaS,
1241 1414 1514 1455 Praenestina-

82 1482 177 1508 rum
197 1468 322 1508 etiam
346 1483 455 1509 nunc
477 1469 626 1509 retinet
647 1469 823 1510 sortium
851 1483 1021 1518 nomen,
1041 1479 1168 1524 atque
1200 1469 1243 1510 id
1275 1470 1315 1510 in
1349 1470 1515 1525 vulgus.
1539 1500 1542 1503 -

82 1523 189 1579 Quis
210 1525 319 1565 enim
343 1525 630 1580 magistratus,
652 1534 723 1567 aut
745 1526 837 1581 quis
858 1525 917 1566 vir
936 1526 1136 1566 illustrior
1155 1525 1288 1567 utitur
1303 1527 1512 1568 sortibus?
1528 1530 1576 1572 87

80 1580 230 1621 ceteris
259 1595 353 1621 vero
388 1582 430 1622 in
461 1582 566 1622 locis
596 1593 729 1623 sortes
755 1582 876 1637 plane
907 1582 1167 1623 refrixerunt.
1206 1591 1244 1614 80
1262 1583 1376 1638 quod
1410 1584 1515 1625 Car-

81 1636 257 1677 neadem
282 1637 575 1679 Clitomachus
597 1639 740 1679 scribit
759 1639 896 1679 dicere
925 1638 1112 1688 solitum,
1133 1654 1339 1694 nusquam
1363 1654 1405 1680 se
1427 1641 1514 1681 for-

81 1694 352 1744 tunatiorem,
374 1709 500 1750 quam
524 1696 744 1745 Praeneste,
766 1694 914 1736 vidisse
938 1697 1181 1736 Fortunam.
1212 1698 1329 1751 Ergo
1349 1696 1430 1737 hoc
1451 1697 1516 1738 di-

82 1749 301 1790 vinationis
321 1765 454 1805 genus
476 1752 736 1792 omittamus.

139 1805 209 1846 Ad
231 1806 531 1848 Chaldaeorum
553 1819 740 1849 monstra
759 1807 971 1849 veniamus
991 1824 1000 1848 t
1032 1809 1084 1849 de
1115 1808 1267 1863 quibus
1298 1809 1514 1861 Eudoxus,
1525 1814 1594 1862 42

83 1862 265 1903 Platonis
287 1863 467 1914 auditor,
488 1865 530 1904 in
551 1864 795 1919 astrologia,
819 1864 982 1920 judicio
1013 1865 1354 1906 doctissimorum
1377 1865 1515 1907 homi-

83 1929 200 1968 nurn,
218 1920 339 1960 facile
362 1921 568 1976 princeps,
589 1921 647 1962 sic
669 1922 878 1976 opinatur,
901 1920 943 1961 id
963 1921 1077 1977 quod
1099 1921 1299 1977 scriptum
1322 1922 1513 1978 reliquit:

83 1974 296 2017 Chaldaeis
316 1977 356 2017 in
375 1977 647 2032 praedictione
668 1989 709 2018 et
732 1978 772 2017 in
793 1977 1007 2018 notatione
1028 1978 1233 2033 cujusque
1254 1978 1348 2020 vitae
1368 1993 1418 2019 ex
1439 1994 1513 2020 na-

83 2032 157 2072 tali
177 2032 258 2083 die,
281 2034 452 2074 minime
472 2048 560 2075 esse
581 2034 852 2075 credendum.
912 2035 1119 2075 Nominat
1137 2034 1262 2074 etiam
1291 2035 1512 2087 Panaetius,
1526 2045 1575 2078 88

81 2089 153 2143 qui
173 2104 282 2131 unus
304 2104 326 2130 e
348 2091 499 2131 Stoicis
527 2091 840 2147 astrologorum
871 2091 1073 2147 praedicta
1102 2089 1263 2146 rejecit,
1291 2099 1326 2122 81
1347 2092 1512 2133 Arche-

124 2207 162 2237 73
187 2203 359 2234 Numerium
383 2204 561 2245 Suff‘ucium]
581 2207 643 2236 Ms.
667 2207 774 2237 Guelf.

80 2245 175 2279 habet
190 2246 379 2288 Suffuscium,
395 2250 444 2278 ed.
460 2250 541 2279 Ven.
557 2257 648 2282 1494.
672 2251 775 2290 Suffu-

80 2288 163 2318 sium.
189 2290 252 2320 Ms.
269 2291 386 2321 Victor.
401 2291 548 2331 Suffisium
560 2303 569 2320 :
595 2294 678 2323 unde
698 2303 774 2323 con-

77 2330 139 2369 jeci
157 2331 310 2372 Suffidium
332 2335 417 2374 quod
440 2342 470 2364 ct
493 2336 575 2374 apud
592 2336 774 2367 Vitruvium

81 2374 114 2402 in
130 2374 276 2414 Suffisium
292 2384 455 2407 mutatum
471 2386 525 2408 est.

126 2422 165 2451 74
188 2419 299 2449 somniis
326 2420 657 2460 crebris—perterritum
681 2420 772 2461 visis]

80 2459 279 2491 Alterutrum
306 2463 474 2494 insititium
500 2471 558 2500 est,
582 2464 695 2494 somniis
721 2471 776 2495 aut

80 2502 165 2532 visis.
190 2504 303 2534 malim
317 2506 401 2535 visis.

126 2550 164 2579 75
188 2546 218 2575 in
241 2547 335 2576 robore
357 2547 526 2590 insculptas]
554 2550 573 2580 i.
589 2559 616 2580 e.
640 2549 709 2580 talis
726 2559 773 2580 ro-

79 2587 194 2620 boreis.

125 2636 165 2666 76
188 2631 307 2671 lactens]
329 2633 400 2663 Hoc
423 2635 502 2664 mihi
524 2635 662 2674 glossam
682 2636 771 2675 sapit.

80 2674 190 2713 frigide
213 2676 299 2706 enim
323 2677 485 2706 redundat.
519 2688 596 2708 mox
623 2679 655 2708 in
682 2689 772 2706 mam-

82 2728 159 2746 mam
203 2725 335 2758 appetens
376 2719 455 2749 Mss.
499 2722 627 2759 quidam
676 2722 772 2750 etiam

83 2760 191 2792 Guelf.
211 2762 332 2792 addunt
355 2762 437 2798 notis,
455 2761 506 2792 alii
527 2763 603 2792 nodis
617 2764 668 2794 vel
684 2764 772 2798 votis,

81 2813 195 2835 omnes
217 2805 311 2835 male.
334 2806 387 2835 sed
404 2812 513 2835 tamen
528 2805 645 2845 aliquid
662 2808 723 2836 veri
741 2807 773 2836 in

81 2857 119 2880 eo
134 2848 229 2881 verbo
244 2849 337 2891 latere
359 2854 469 2889 potest.
493 2858 534 2879 an
555 2849 631 2879 ore?
651 2850 698 2881 vir
719 2849 775 2881 do-

819 2213 889 2236 ctus
917 2207 949 2236 in
973 2205 1121 2245 exemplo
1144 2215 1216 2235 meo
1239 2207 1288 2237 ed.
1304 2207 1385 2237 Ven.
1408 2214 1514 2239 totum

819 2251 880 2279 hoc
896 2248 1022 2285 delevit,
1038 2250 1123 2287 quod
1138 2249 1177 2278 ab
1194 2248 1261 2279 aliis
1278 2250 1362 2280 libris
1379 2251 1471 2281 absit.

862 2298 898 2327 77
924 2292 981 2321 sita
998 2291 1050 2329 est]
1071 2292 1203 2322 Restitui
1221 2299 1260 2321 est
1276 2303 1315 2322 ex
1331 2294 1399 2325 edd.
1415 2300 1491 2329 vett.

863 2342 900 2370 78
919 2334 1182 2376 quae—tolluntur]
1200 2335 1278 2365 Haec
1290 2336 1405 2366 absunt
1417 2346 1434 2366 a
1449 2337 1513 2368 MS.

820 2379 926 2408 Guelf¹
953 2385 984 2407 et
1010 2378 1057 2407 ed.
1082 2379 1163 2407 Ven.
1192 2385 1283 2410 1494.
1310 2386 1419 2418 estque
1445 2380 1510 2410 sic:

819 2432 884 2462 quae
913 2420 991 2449 hodie
1017 2421 1152 2450 Fortunae
1183 2421 1290 2451 monitu
1311 2422 1399 2461 pueri
1427 2430 1514 2452 manu

819 2465 972 2493 miscentur
986 2470 1072 2504 atque
1088 2464 1240 2493 ducuntur.
1552 2470 1553 2473 ’

863 2513 901 2542 79
924 2506 1018 2536 omnia
1042 2506 1234 2546 stcperstltiosa
1259 2505 1300 2547 s.]
1319 2508 1382 2538 MS.
1404 2508 1518 2539 Guelf.

817 2556 847 2579 et
876 2550 941 2586 alii,
973 2550 1048 2579 item
1079 2551 1149 2579 edd.
1181 2556 1254 2580 vett.
1285 2552 1406 2581 addunt
1435 2561 1510 2588 cum,

816 2594 901 2632 quod
917 2600 947 2622 et
962 2593 1078 2622 addidit
1095 2593 1255 2623 Davisius.

861 2643 900 2667 80
923 2636 999 2676 quod
1030 2635 1119 2666 Carn.
1153 2635 1227 2666 Clit.
1257 2634 1329 2673 &c.]
1362 2636 1511 2665 Davisius

816 2679 940 2718 corrigit
964 2690 1029 2720 quo,
1055 2685 1091 2708 ut
1113 2679 1152 2708 sit
1175 2688 1281 2718 quare.
1312 2680 1414 2707 immo
1437 2677 1514 2719 quod

814 2731 927 2752 verum
944 2729 1000 2756 est,
1017 2731 1047 2751 v.
1065 2721 1208 2752 Clavem.

859 2771 894 2794 81
921 2763 1108 2802 Archelaum]
1140 2763 1295 2794 Victorius
1325 2762 1421 2792 edidit
1445 2761 1511 2791 An-

815 2806 951 2836 chialum.
975 2808 1019 2836 sic
1036 2814 1082 2836 est
1097 2813 1128 2837 et
1148 2807 1180 2837 in
1198 2806 1260 2836 Ms.
1278 2805 1386 2837 Guelf.
1403 2811 1433 2835 et
1449 2805 1509 2836 Re«

815 2849 866 2888 gio
881 2850 965 2889 apud
980 2849 1086 2881 Davis.
