1778 3095
603 123 781 163 LIBER
810 122 1104 160 QUINTUS.
1490 129 1567 163 203

137 234 312 277 memini
329 252 338 276 :
370 248 446 276 nec
467 241 607 276 tamen
629 229 801 285 Epicuri
820 229 920 269 licet
939 227 1144 278 oblivisci,
1165 227 1201 268 si
1219 228 1415 284 cupiam:
1446 231 1568 288 cujus
1579 245 1611 276 p.
1626 241 1699 267 125.

136 291 365 348 imaginem
396 304 478 331 non
509 286 639 328 modo
667 287 710 326 in
741 285 895 326 tabulis
926 284 1061 327 nostri
1078 283 1319 336 familiares,
1342 286 1418 326 sed
1441 288 1568 330 etiam
1579 290 1610 310 ³·

138 348 181 388 in
210 348 387 403 poculis,
407 354 449 386 et
477 345 517 385 in
550 343 683 384 anulis
716 343 886 383 habent.
946 341 1032 382 Hic
1061 355 1159 396 ego,
1183 342 1444 397 Pomponius
1476 345 1616 398 qui-2

141 404 253 454 dem,
273 405 457 458 inquam,
479 408 621 441 noster
643 399 779 456 jocari
809 399 987 448 videtur,
1008 407 1052 439 et
1080 399 1259 439 fortasse
1280 413 1356 440 suo
1371 397 1485 454 jure.
1515 400 1610 451 ita4

139 462 252 501 enim
273 458 451 500 Athenis
473 471 516 497 se
537 456 774 507 collocavit,
795 464 843 496 ut
865 455 920 496 sit
939 468 1060 509 paene
1079 469 1188 496 unus
1217 469 1270 495 ex
1289 454 1463 506 Atticis,
1489 465 1505 487 ⁵
1524 467 1575 499 ut

141 517 184 558 id
217 516 342 556 etiam
380 528 621 568 cognomen
657 512 845 554 videatur
879 511 1114 552 habiturus.
1174 515 1270 567 Ego
1306 520 1450 553 autem
1480 512 1576 564 tibi,

143 573 250 622 Piso,
271 571 487 620 assentior,
508 585 588 610 usu
607 570 690 610 hoc
709 570 885 619 evenire,
904 576 952 609 ut
973 568 1108 609 acrius
1129 567 1362 623 aliquanto,
1381 577 1424 610 et
1440 576 1579 610 atten-

142 628 224 670 tius
245 627 296 667 de
315 627 436 668 claris
465 627 574 677 viris,
594 626 788 668 locorum
808 625 1044 675 admonitu,
1070 624 1323 679 cogitemus.
1354 626 1434 667 scis
1463 625 1578 668 enim

142 699 209 726 me
244 683 430 738 quodam
464 692 654 738 tempore
689 683 993 737 Metapontum
1026 681 1186 722 venisse
1222 689 1381 732 tecum,
1414 695 1490 722 nec
1522 682 1579 724 ad

142 740 352 795 hospitem
379 747 476 780 ante
506 739 734 790 divertisse,
755 754 884 795 quam
906 738 1163 796 Pythagorae
1192 737 1333 793 ipsum
1362 736 1483 778 illum
1512 739 1579 780 lo-

142 811 255 847 cum,
276 796 349 837 ubi
367 797 494 837 vitam
515 796 717 846 ediderat,
737 795 965 851 sedemque
985 794 1174 835 viderim.
1200 795 1283 835 hoc
1304 803 1447 835 autem
1467 803 1579 836 tem-

143 868 260 908 pore,
282 853 359 894 etsi
380 853 516 894 multa
537 854 578 893 in
598 853 714 893 omni
735 862 854 907 parte
873 852 1140 893 Athenarum
1162 861 1262 892 sunt
1279 852 1322 892 in
1342 851 1443 906 ipsis
1471 851 1579 893 locis

142 909 295 950 indicia
324 924 589 950 summorum
618 909 802 950 virorum
823 925 832 949 :
864 917 1006 949 tamen
1026 922 1109 963 ego
1130 907 1202 948 illa
1221 922 1393 949 moveor
1413 908 1579 950 exedra.

144 966 283 1008 Modo
323 966 436 1007 enim
470 966 551 1007 fuit
588 972 607 996 6
626 965 918 1007 Charmadas:
961 979 1090 1020 quem
1124 964 1263 1005 videre
1302 963 1458 1015 videor,
1499 967 1582 1019 (est

143 1023 255 1065 enim
277 1032 378 1064 nota
397 1023 556 1078 imago)
578 1037 602 1063 a
617 1022 801 1078 sedeque
820 1022 923 1077 ipsa,
948 1029 964 1058 7
982 1021 1089 1062 tanti
1108 1021 1267 1076 ingenii
1286 1022 1581 1077 magnitudine

145 1080 306 1131 orbata,
337 1079 563 1121 desiderari
590 1079 705 1120 illam
736 1093 884 1122 vocem
913 1087 1033 1134 puto.
1091 1078 1204 1119 Tum
1233 1078 1343 1129 Piso,
1365 1079 1616 1135 Quoniams

145 1136 275 1192 igitur
305 1136 463 1192 aliquid
496 1150 658 1187 omnes,
690 1135 791 1192 quid
823 1137 981 1176 Lucius
1012 1144 1169 1186 noster,
1198 1134 1364 1190 inquit?
1398 1149 1583 1178 ancum

144 1193 288 1234 locum
308 1193 488 1234 libenter
507 1193 656 1243 invisit,
674 1193 750 1234 ubi
769 1192 1082 1234 Demosthenes
1103 1200 1147 1232 et
1163 1191 1390 1232 AEschines
1411 1192 1518 1233 inter
1538 1206 1584 1233 se

148 1249 359 1290 decertare
379 1249 492 1290 soliti
521 1251 648 1290 sunt?
683 1264 761 1290 suo
791 1249 903 1289 enim
936 1248 1113 1304 quisque
1139 1248 1280 1289 studio
1299 1248 1484 1290 maxime
1504 1248 1586 1289 du-

153 1306 274 1346 citur.
333 1307 390 1347 Et
408 1305 492 1357 ille,
513 1320 610 1347 cum
641 1306 892 1356 erubuisset,
911 1305 1031 1355 Noli,
1051 1305 1203 1360 inquit,
1224 1319 1275 1345 ex
1293 1320 1362 1345 me
1383 1320 1586 1360 quaerere,

152 1363 224 1417 qui
255 1363 297 1402 in
333 1362 596 1404 Phalericum
627 1362 753 1404 etiam
787 1361 1103 1403 descenderim:
1135 1375 1221 1417 quo
1246 1361 1289 1401 in
1313 1361 1410 1402 loco
1430 1362 1484 1402 ad
1505 1363 1586 1403 flu-

149 1428 265 1459 ctum
297 1419 414 1459 aiunt
443 1419 678 1460 declamare
709 1419 883 1460 solitum
912 1418 1265 1468 Demosthenem,
1292 1427 1341 1459 ut
1368 1418 1587 1461 fremitum

150 1484 407 1515 assuesceret
441 1490 540 1516 voce
569 1476 746 1516 vincere.
778 1475 906 1515 modo
932 1475 1057 1516 etiam
1092 1474 1283 1530 paullum
1313 1474 1367 1515 ad
1396 1474 1587 1517 dextram

151 1531 203 1572 de
223 1532 287 1571 via
307 1531 525 1581 declinavi,
546 1541 594 1572 ut
613 1532 665 1572 ad
688 1531 856 1572 Periclis
877 1531 1118 1586 sepulcrum
1148 1530 1403 1571 accederem.
1436 1546 1587 1588 quam-

151 1602 279 1643 quam
296 1587 339 1628 id
361 1588 532 1643 quidem
550 1588 759 1629 infinitum
780 1597 843 1629 est
862 1588 903 1628 in
926 1589 1003 1628 hac
1021 1588 1126 1628 urbe
1145 1604 1154 1628 ε
1186 1602 1452 1643 quacumque
1472 1589 1586 1630 enim

152 1644 426 1698 ingredimur,
446 1645 489 1684 in
509 1644 692 1699 aliquam
713 1644 932 1685 historiam
954 1644 1178 1699 vestigium
1205 1644 1416 1697 ponimus.

160 1728 163 1730 -
206 1702 316 1742 Tum
347 1701 454 1752 Piso,
475 1701 622 1756 Atqui,
645 1701 811 1751 Cicero,
833 1701 982 1756 inquit,
1002 1701 1082 1741 ista
1111 1700 1264 1750 studia,
1285 1700 1318 1741 si
1344 1701 1396 1741 ad
1417 1700 1584 1741 imitan-
1598 1703 1624 1739 6

153 1757 229 1798 dos
251 1772 439 1799 summos
459 1758 568 1798 viros
588 1767 794 1814 spectant,
814 1757 1132 1812 ingeniosorum
1163 1767 1275 1797 sunt.
1306 1757 1369 1798 sin
1399 1766 1585 1799 tantum-
1597 1756 1632 1788 b·

151 1814 282 1856 modo
315 1813 403 1855 aad
436 1814 590 1856 indicia
620 1815 767 1856 veteris
802 1814 1018 1855 memoriae
1052 1813 1363 1869 cognoscenda,
1398 1815 1590 1856 curioso-

155 1885 265 1912 rum.
295 1879 336 1912 te
361 1880 504 1912 autem
532 1871 752 1913 hortamur
774 1885 934 1922 omnes,
955 1882 1195 1912 currentem
1218 1870 1404 1926 quidem,
1426 1880 1475 1912 ut
1495 1886 1592 1927 spe-

155 1942 219 1978 r0,
247 1936 296 1969 ut
323 1942 410 1977 eos,
442 1943 549 1983 quos
579 1929 741 1969 novisse
768 1929 842 1978 vis,
861 1928 988 1969 etiam
1017 1927 1172 1968 imitari
1201 1927 1317 1968 velis.
1376 1927 1462 1968 Hic
1493 1942 1593 1984 ego,

158 1984 248 2025 Etsi
269 1985 369 2026 facit
397 1984 466 2024 hic
497 1985 684 2040 quidem,
705 1985 892 2040 inquam,
913 1985 1022 2035 Piso,
1047 1989 1111 2037 (ut
1129 1983 1259 2036 vides)
1284 1998 1347 2035 ea,
1364 1999 1458 2040 quae
1480 1999 1590 2039 prae-

158 2041 291 2096 cipis:
323 2050 464 2082 tamen
498 2041 603 2081 mihi
638 2050 760 2096 grata
789 2049 853 2082 est
883 2041 1068 2082 hortatio
1098 2051 1185 2082 tua.
1242 2041 1355 2081 Tum
1385 2040 1456 2081 ille
1485 2042 1592 2082 ami-

159 2098 341 2148 cissime,
363 2107 410 2138 ut
431 2097 607 2148 solebat,
627 2098 722 2138 Nos
741 2112 852 2148 vero,
870 2098 1022 2154 inquit,
1043 2112 1190 2138 onmes
1211 2098 1355 2138 omnia
1380 2097 1434 2138 ad
1464 2097 1594 2155 hujus

159 2154 484 2196 adolescentiam
516 2155 797 2204 conferamus,
819 2155 862 2194 in
891 2155 1122 2209 primisque
1151 2164 1200 2195 ut
1230 2154 1389 2209 aliquid
1418 2169 1593 2197 suorum

160 2211 398 2252 studiorum
418 2210 698 2266 philosophiae
727 2225 896 2266 quoque
925 2211 1153 2266 impertiat,
1173 2210 1238 2251 vel
1258 2221 1307 2251 ut
1327 2220 1368 2251 te
1390 2211 1594 2263 imitetur,

160 2283 286 2323 quem
317 2276 458 2318 amat3
488 2267 554 2308 vel
583 2276 631 2308 ut
662 2267 767 2308 illud
797 2268 951 2322 ipsum,
973 2267 1089 2323 quod
1118 2267 1274 2317 studet,
1294 2267 1431 2308 facere
1459 2268 1597 2322 possit

161 2325 363 2366 ornatius.
409 2324 507 2365 .Sed
536 2333 679 2365 utrum
711 2324 944 2365 hortandus
975 2339 1018 2365 es
1053 2324 1188 2374 nobis,
1218 2324 1339 2374 Luci,
1362 2323 1513 2379 inquit,
1533 2340 1596 2370 ,an

160 2382 288 2422 etiam
319 2391 393 2423 tua
425 2389 575 2437 sponte
606 2395 837 2436 propensus
869 2382 945 2422 es?
978 2380 1083 2422 mihi
1111 2379 1282 2436 quidem
1315 2380 1596 2432 Antiochum,

160 2453 286 2494 quem
320 2438 454 2490 audis,
473 2438 573 2479 satis
602 2437 714 2479 belle
743 2437 892 2479 videris
920 2436 1151 2478 attendere.
1209 2437 1321 2478 Tum
1339 2436 1410 2478 ille
1431 2437 1596 2490 timide,

209 2571 224 2593 5
243 2570 275 2593 ut
290 2563 323 2592 id
335 2562 422 2592 etiam
445 2563 604 2603 cognomine
621 2563 757 2593 videatur
772 2563 858 2592 habi-
900 2563 975 2593 alibi
991 2573 1120 2603 quoque
1134 2563 1179 2594 sic
1194 2570 1373 2593 correctum
1390 2569 1446 2592 est.

166 2606 258 2645 rurus]
289 2607 360 2637 Hoc
387 2607 468 2636 mihi
494 2616 618 2645 Semper
638 2608 789 2636 vitiosum
812 2606 859 2635 vi·
947 2614 961 2640 7
992 2607 1067 2636 tanti
1094 2606 1203 2646 ingenii
1230 2604 1444 2646 magnitudine]
1475 2604 1552 2633 tanti
1581 2614 1598 2634 e

165 2660 238 2679 sum
254 2657 309 2679 est.
331 2650 410 2679 bene
427 2659 442 2679 e
457 2651 593 2688 vestigiis
617 2650 696 2679 Mss.
712 2650 860 2679 Davisius
903 2650 990 2684 Mss,
1015 2651 1095 2680 bene
1125 2650 1221 2679 edidit
1249 2649 1397 2679 Davisius
1427 2658 1482 2688 pro
1512 2646 1599 2686 vulg.

165 2693 297 2722 correxit
319 2700 346 2721 et
370 2692 402 2720 id
420 2693 507 2721 etiam
530 2703 676 2732 cognomen
691 2702 736 2723 sc.
751 2693 859 2722 Attici.
905 2699 1000 2722 tanta.

166 2742 259 2773 atque
275 2737 319 2765 sic
335 2736 428 2765 edidi.
950 2743 966 2765 8
987 2735 1028 2765 ad
1047 2735 1155 2764 indicia
1177 2745 1210 2765 v.
1235 2733 1378 2763 memoriae
1399 2731 1598 2773 cognoscenda]

211 2782 229 2806 6
249 2777 426 2818 Carneades]
452 2778 596 2808 Valesius
619 2779 744 2817 corrigit
769 2777 863 2808 Char·
906 2779 957 2808 Sic
974 2778 1053 2809 Mss.
1077 2778 1180 2817 plures
1197 2784 1227 2807 et
1242 2778 1311 2807 edd.
1328 2786 1374 2815 pr.
1392 2787 1515 2808 ornnes.
1532 2780 1602 2815 post

171 2820 280 2855 madas,
295 2821 387 2850 bene.
410 2830 486 2850 nam
507 2821 683 2851 Carneadem
699 2831 764 2850 non
780 2821 865 2850 vide·
905 2821 1073 2861 vulgatum
1089 2828 1134 2851 est
1150 2820 1354 2861 cognoscendae.

171 2869 216 2891 rat
245 2863 363 2894 Cicero.
393 2865 507 2903 recepit
536 2871 567 2894 et
596 2864 806 2894 Alemanuus.
835 2871 865 2893 et
