1768 3095
210 106 263 145 26
530 105 804 144 ACADEM.
836 106 1276 145 QUAESTIONUM

211 221 355 254 autem
384 212 664 255 reconditiora
691 213 897 256 desidero.
946 216 1065 257 ‘Tum
1098 214 1184 266 ille,
1213 215 1315 256 Non
1350 227 1463 264 sane,
1492 213 1644 271 inquit,

212 269 433 321 Hortensi,
463 271 691 313 conturbat
721 285 789 312 me
823 273 1082 327 exspectatio
1112 281 1210 322 tua3
1241 271 1319 312 etsi
1353 270 1457 312 nihil
1486 279 1550 312 est
1578 272 1644 323 iis,

211 326 283 381 qui
313 326 478 381 placere
502 327 664 377 volunt,
695 336 783 369 tam
813 328 1118 370 adversarium:
1151 328 1224 369 sed
1245 328 1344 384 quia
1371 342 1454 369 non
1482 327 1644 378 laboro,

212 396 339 438 quam
369 383 487 424 valde
516 397 580 433 ea,
600 399 694 440 quae
722 384 831 436 dico,
852 385 1106 441 probaturus
1127 386 1222 435 sim,
1241 399 1292 426 eo
1313 385 1452 427 minus
1471 392 1646 425 contur-

212 439 304 480 bor.
327 439 464 481 dicam
496 441 624 491 enim,
653 454 728 482 nec
756 455 863 492 mea,
896 456 972 483 nec
1000 455 1063 492 ea,
1088 448 1118 478 ¹7
1137 442 1179 482 in
1198 441 1364 497 quibus,
1385 441 1418 482 si
1438 454 1533 482 vera
1561 454 1647 482 non

213 496 382 547 fuerint,
405 512 489 538 non
510 498 615 538 vinci
636 512 703 538 me
721 498 881 550 malim,
903 513 1029 554 quam
1050 498 1225 540 vincere.
1285 498 1368 538 Sed
1392 496 1646 548 mehercule,

212 560 260 592 ut
280 553 451 608 quidem
478 568 588 595 nunc
609 569 652 595 se
672 568 799 595 causa
827 554 970 605 habet,
991 555 1070 595 etsi
1091 554 1288 595 hesterno
1318 567 1510 595 sermone
1532 562 1568 586 1⁸
1583 553 1646 594 la-

213 609 381 650 befacta
397 620 475 661 est,
497 611 602 651 mihi
618 619 756 652 tamen
780 611 939 652 videtur
958 625 1050 652 esse
1067 610 1294 652 verissima.
1354 610 1497 665 Agam
1517 609 1648 666 igitur

214 665 324 707 sicut
361 666 596 708 Antiochus
631 669 800 723 agebat.
838 677 937 709 nota
972 668 1083 709 enim
1118 666 1223 709 mihi
1261 681 1325 707 res
1359 678 1439 708 est.
1475 681 1571 707 nam
1605 675 1649 708 et

213 736 345 763 vacuo
365 724 506 764 animo
528 724 647 764 illum
669 724 906 775 audiebam,
927 734 971 766 et
989 738 1148 779 magno
1169 722 1324 773 studio,
1342 722 1490 763 eadem
1521 721 1574 763 de
1604 736 1649 763 re

215 778 342 820 etiam
380 781 557 835 saepius:
594 790 641 821 ut
676 781 803 821 etiam
834 783 1039 837 majorem
1071 779 1432 835 exspectationem
1465 779 1550 820 mei
1584 778 1647 820 fa-

158 847 199 877 11
216 835 340 885 ciam,
361 850 487 892 quam
509 837 640 878 modo
659 837 759 879 fecit
779 838 1047 880 Hortensius.
1110 837 1221 878 Cum
1242 835 1302 877 ita
1320 845 1430 877 esset
1459 849 1650 886 exorsus,

217 892 270 933 ad
290 892 547 934 audiendum
579 894 742 935 animos
773 895 994 936 ereximus.
1055 895 1115 935 At
1141 893 1228 945 ille,
1250 892 1363 933 Cum
1384 891 1650 934 Alexandriae

217 963 295 1003 pro
314 959 537 1005 quaestore,
567 950 716 1006 inquit,
738 965 889 1003 essem,
910 952 989 992 fuit
1016 950 1259 992 Antiochus
1283 963 1465 999 mecum,
1490 958 1533 990 et
1562 956 1652 990 erat

133 1024 206 1056 p.4.
213 1007 303 1060 jam
338 1015 461 1047 antea
494 1007 758 1048 Alexandriae
795 1007 1010 1049 familiaris
1045 1006 1250 1049 Antiochi
1286 1005 1528 1047 Heraclitus
1561 1006 1651 1061 Ty-

179 1070 206 1089 ²³·
219 1063 330 1103 rius:
361 1063 432 1118 qui
453 1072 495 1104 et
517 1062 834 1105 Clitomachum
856 1064 1014 1105 multos
1033 1078 1180 1114 annos,
1201 1072 1244 1104 et
1267 1062 1486 1103 Philonem
1506 1061 1652 1104 audie-

218 1128 296 1169 rat,
318 1118 448 1159 homo
468 1134 568 1161 sane
597 1121 639 1161 in
666 1122 746 1162 ista
773 1121 1054 1177 philosophia,
1074 1136 1170 1177 quae
1192 1133 1302 1161 nunc
1328 1133 1461 1175 prope
1479 1117 1654 1160 dimissa

217 1184 449 1226 revocatur,
470 1177 688 1231 probatuS,
710 1187 752 1219 et
768 1177 942 1219 nobilis:
972 1192 1069 1218 cum
1089 1192 1174 1233 quo
1194 1185 1237 1218 et
1256 1175 1520 1217 Antiochum
1541 1188 1654 1230 saepe

216 1231 500 1287 disputantem
538 1233 788 1275 audiebam:
829 1243 866 1268 19
882 1233 956 1275 sed
988 1243 1217 1289 utrumque
1250 1232 1411 1273 leniter.
1469 1233 1526 1273 Et
1557 1231 1652 1286 qui-

217 1287 314 1329 dem
337 1288 404 1329 isti
423 1289 519 1329 libri
551 1289 637 1330 duo
668 1290 866 1340 Philonis,
888 1290 940 1330 de
969 1290 1122 1345 quibus
1147 1288 1236 1330 heri
1265 1287 1429 1330 dictum
1450 1302 1476 1329 a
1496 1287 1655 1329 Catulo

217 1353 294 1394 est,
322 1353 415 1385 tum
449 1354 566 1386 erant
597 1345 714 1386 allati
741 1346 1055 1397 Alexandriam,
1075 1354 1250 1402 tumque
1276 1344 1460 1400 primum
1488 1344 1529 1385 in
1559 1344 1653 1385 An-

216 1401 349 1442 tiochi
383 1415 533 1442 manus
567 1410 790 1443 venerant:
825 1413 870 1444 et
902 1403 1034 1443 homo
1071 1412 1219 1444 natura
1254 1400 1491 1443 lenissimus
1523 1399 1654 1454 ¹(nihil

216 1457 327 1498 enim
350 1467 517 1512 poterat
536 1458 624 1499 fieri
645 1458 717 1499 illo
737 1459 896 1512 mitius)
922 1459 1178 1500 stomachari
1195 1466 1339 1499 tamen
1359 1456 1503 1513 coepit.
1562 1456 1651 1498 Mi-

216 1513 352 1554 rabar.
377 1528 513 1570 neque
533 1515 643 1555 enim
668 1529 853 1571 unquam
873 1526 998 1556 antea
1016 1514 1215 1556 videram.
1274 1513 1336 1556 At
1355 1514 1425 1555 ille
1446 1512 1654 1555 Heracliti

217 1570 464 1611 memoriam
494 1570 738 1625 implorans,
758 1585 946 1626 quaerere
972 1586 1022 1612 ex
1053 1586 1119 1623 eo,
1143 1571 1436 1612 viderenturne
1463 1569 1534 1611 illa
1555 1568 1653 1611 Phi-

216 1626 340 1677 lonis,
359 1636 431 1668 aut
451 1641 500 1667 ea
520 1642 622 1668 num
642 1627 707 1668 vel
727 1642 751 1669 e
774 1628 962 1679 Philone,
985 1629 1046 1669 vel
1066 1643 1117 1669 ex
1137 1628 1226 1669 ullo
1245 1627 1508 1669 Academico
1532 1625 1652 1668 audi-

217 1683 342 1724 visset
363 1683 588 1739 aliquando
607 1685 622 1724 ἲν
654 1685 851 1739 negabat.
913 1684 1098 1726 Philonis
1119 1694 1261 1726 tamen
1282 1684 1487 1739 seriptum
1517 1696 1654 1738 agno-

219 1739 388 1781 scebat:
421 1754 497 1781 nec
518 1739 561 1780 id
582 1740 753 1796 quidem
774 1741 957 1782 dubitari
978 1749 1159 1795 poterat.
1190 1755 1287 1782 narn
1317 1741 1492 1782 aderant
1511 1748 1552 1772 20
1569 1739 1654 1781 mei

218 1795 460 1847 familiares,
482 1796 597 1838 docti
617 1797 824 1848 homines,
845 1799 889 1838 P.
910 1806 952 1839 et
975 1797 1026 1838 C.
1049 1798 1163 1849 Selii,
1183 1807 1227 1838 et
1245 1797 1446 1839 Tetrilius
1477 1797 1623 1852 Rogus
1643 1813 1654 1837 ε

218 1852 291 1907 qui
323 1866 366 1893 se
396 1852 469 1893 illa
498 1852 664 1895 audisse
690 1855 838 1895 Romae
867 1854 920 1895 de
952 1853 1141 1905 Philone,
1159 1864 1203 1895 et
1223 1863 1261 1886 21
1280 1854 1334 1895 ab
1353 1867 1405 1894 eo
1425 1853 1518 1909 ipso
1546 1853 1656 1894 duos

162 1908 314 1950 12illos
346 1908 475 1950 libros
507 1909 694 1951 dicerent
725 1909 1007 1967 descripsisse.
1065 1912 1177 1953 Tum
1198 1921 1243 1953 et
1262 1910 1334 1952 illa
1360 1909 1467 1951 dixit
1497 1908 1654 1951 Antio-

219 1964 340 2017 chus,
375 1980 468 2021 quae
502 1965 592 2007 heri
628 1967 809 2009 Catulus
840 1967 1187 2008 commemoravit
1221 1982 1246 2008 a
1277 1977 1398 2022 patre
1429 1981 1507 2008 suo
1541 1965 1656 2007 dicta

221 2021 400 2073 Philoni,
420 2032 462 2063 et
490 2023 571 2062 alia
594 2024 742 2079 plura:
774 2038 851 2065 nec
879 2038 924 2065 se
953 2024 1104 2074 tenuit,
1123 2024 1225 2080 quin
1256 2033 1402 2065 contra
1430 2037 1552 2064 suum
1575 2021 1654 2063 do-

219 2086 377 2119 ctorem
410 2078 564 2120 librum
596 2080 721 2121 etiam
756 2080 913 2131 ederet,
940 2081 1012 2136 qui
1045 2081 1199 2122 Sosus
1230 2079 1484 2121 inscribitur.
1542 2079 1655 2120 Tum

219 2135 350 2190 igitur
377 2144 422 2176 et
452 2149 549 2176 cum
582 2136 850 2179 Heraclitum
882 2137 1069 2179 studiose
1101 2136 1289 2178 audirem
1321 2144 1470 2177 contra
1497 2134 1655 2177 Antio-

264 2286 299 2314 17
327 2279 357 2308 in
382 2279 496 2321 quibus,
520 2279 545 2308 si
571 2290 623 2308 non
637 2277 776 2320 fuerint]
801 2281 917 2311 Deesse

218 2322 338 2361 aliquid
366 2324 463 2353 sensit
494 2323 679 2353 Lambinus.
710 2325 764 2362 qui
795 2333 812 2353 e
838 2324 916 2354 Mss.

219 2366 284 2395 suis
315 2366 431 2395 addidit
461 2376 547 2401 vera,
574 2375 671 2405 quem
703 2367 844 2396 imitatus
871 2374 918 2396 est

220 2407 379 2444 Davisius,
397 2409 450 2447 qui
469 2416 498 2437 et
514 2410 577 2447 ipse
594 2409 624 2438 in
647 2409 771 2439 duobus
792 2409 918 2438 Codici-

219 2450 279 2480 bus
295 2452 414 2489 scriptis
432 2453 554 2490 reperit,
570 2460 667 2489 quem
683 2458 714 2480 et
730 2452 794 2490 ipse
813 2452 915 2481 imit-a-

220 2499 270 2522 tus
294 2503 377 2523 sum.
426 2493 550 2532 Vulgati
573 2494 763 2530 defensores,
787 2503 917 2533 compa-

221 2543 328 2565 rarunt
352 2536 427 2566 illud
454 2536 633 2566 Ciceronis:
659 2544 724 2565 sunt
746 2537 815 2574 ista,
832 2539 917 2576 quod

221 2584 266 2608 est
296 2579 497 2618 approbantis
527 2587 558 2609 et
586 2588 698 2609 verum
733 2579 917 2617 judicantis.

222 2621 281 2651 Sed
308 2631 344 2651 ea
374 2622 476 2651 forma
505 2622 537 2651 h.
563 2622 583 2652 l.
613 2623 719 2652 durior
746 2623 858 2653 suerit:
889 2631 919 2653 et

220 2674 287 2697 esse
303 2664 426 2694 deberet
442 2664 466 2693 si
485 2676 542 2705 qua
565 2675 618 2693 non
631 2665 762 2704 fuerint,
784 2667 808 2696 sl
832 2675 919 2705 quae-

221 2708 296 2737 dam
310 2707 412 2737 aliena
428 2707 543 2737 fuerint
559 2717 577 2737 a
593 2717 675 2737 vero.

268 2757 304 2780 18
321 2749 467 2790 labefacta
487 2748 542 2790 est]
568 2750 644 2780 Edd.
668 2758 741 2781 vett.
759 2750 917 2791 lahafacla-

225 2799 279 2866 Μ’]
290 2842 307 2868 9
324 2835 373 2865 sed
391 2842 542 2877 utrumque
558 2834 674 2875 leniter]
698 2836 802 2876 Vulgo
819 2843 863 2866 cst
880 2836 917 2865 le-

959 2280 1051 2310 viter.
1096 2280 1227 2319 Semper
1256 2281 1360 2320 putavi
1389 2281 1492 2311 Iem'rer
1516 2291 1582 2313 esse
1611 2282 1656 2313 le-

960 2324 1115 2362 gendum,
1143 2324 1226 2362 quod
1253 2325 1416 2363 sequentia
1444 2334 1519 2355 sane
1549 2333 1657 2365 postu-

961 2366 1037 2395 lant.
1067 2373 1098 2396 et
1127 2365 1232 2395 leviter
1258 2366 1407 2405 disputare
1432 2368 1463 2397 in
1491 2374 1656 2399 contemtu

961 2415 1016 2438 est.
1062 2409 1181 2438 Leniter
1207 2411 1238 2438 in
1264 2409 1328 2440 Ms.
1354 2410 1467 2450 reperit
1495 2411 1656 2448 Davisius,

959 2458 990 2481 et
1015 2452 1060 2481 sic
1081 2452 1149 2490 jam
1173 2452 1243 2482 edd.
1268 2452 1346 2482 Ven.
1371 2453 1502 2484 Mediol.
1526 2454 1656 2485 habent.

962 2494 1084 2523 Leviter
1099 2501 1146 2524 est
1161 2503 1179 2524 a
1194 2495 1268 2524 vitio
1283 2496 1331 2525 ed.
1348 2496 1419 2526 Ald.
1436 2503 1472 2525 ut
1485 2497 1607 2536 opinor.

1004 2544 1044 2568 20
1068 2537 1123 2566 mei
1133 2537 1319 2577 familiares,
1336 2538 1410 2568 docti
1431 2537 1474 2578 ln]
1495 2539 1605 2570 Delevi
1629 2547 1657 2570 et

961 2587 1034 2610 ante
1049 2579 1135 2616 docti,
1152 2590 1217 2610 non
1233 2588 1391 2620 repertum
1407 2583 1439 2611 in
1456 2583 1504 2613 ed.
1517 2592 1561 2622 pr.
1574 2583 1656 2615 Ven.

963 2632 1022 2653 nec
1037 2631 1055 2653 a
1070 2623 1199 2653 Davisio
1215 2624 1247 2653 in
1265 2624 1343 2654 Mss.
1614 2635 1616 2637 ’

1006 2673 1041 2696 21
1061 2666 1097 2695 ab
1111 2677 1140 2695 eo
1155 2667 1214 2705 ipso
1229 2666 1295 2696 duos
1317 2666 1362 2696 ill.
1384 2665 1469 2697 libros
1491 2665 1583 2708 desc-J
1608 2669 1656 2700 Ex

961 2709 1058 2747 ipsius
1074 2708 1214 2739 Philonis
1237 2710 1385 2749 exemplo
1400 2710 1458 2740 sibi
1475 2710 1514 2742 ab
1529 2721 1567 2741 eo
1582 2721 1657 2752 sup·

960 2752 1106 2790 peditato.
1151 2752 1203 2782 Sic
1226 2761 1302 2782 mox
1325 2754 1589 2784 commemora-vita
1600 2761 1657 2794 pa-

961 2801 1004 2823 tre
1033 2806 1080 2824 suo
1113 2794 1191 2825 dicta
1222 2795 1351 2833 Philoni,
1381 2806 1399 2826 a
1429 2803 1513 2836 patre
1550 2798 1657 2830 audita

960 2847 1028 2868 SUO.
