1778 3095
436 112 438 114 ’
490 141 674 178 LIBER
712 139 1051 177 SECUNDUS.
1407 141 1481 184 597

57 250 158 306 quid
196 250 348 306 cuique
381 248 440 290 rei
478 246 708 297 conveniat,
739 261 791 286 ex
830 245 1016 297 somniis,
1054 252 1096 286 et
1135 242 1239 300 quid
1274 258 1484 300 quamque

56 322 144 348 rem
164 314 374 362 sequatur,
395 303 662 357 intelligunt:
694 311 767 343 aut
782 315 929 342 eorum
953 310 1146 342 neutrum
1167 308 1244 350 est,
1267 300 1339 340 sed
1368 315 1484 354 quae-

56 363 155 404 dam
187 363 421 404 observatio
449 368 644 400 constans
677 368 803 413 atque
835 357 1031 398 diuturna
1059 366 1136 407 est,
1164 371 1263 397 cum
1299 356 1399 411 quid
1426 357 1484 396 vi-

58 433 152 460 sum
179 418 409 460 secundum
436 415 618 471 quietem
647 414 715 464 sit,
737 413 839 469 quid
869 413 1045 463 evenire,
1065 423 1107 453 et
1137 412 1237 467 quid
1267 412 1385 468 sequi
1416 427 1484 452 so—

56 475 153 516 leat.
214 475 398 516 Primum
436 472 566 527 igitur
604 469 925 525 intelligendum
965 478 1042 519 est,
1085 469 1243 508 nullam
1273 469 1354 509 vim
1395 482 1485 508 esse

57 532 238 573 divinam
264 529 515 571 effectricem
546 528 821 569 somniorum.
880 527 1026 581 Atque
1055 524 1161 565 illud
1191 525 1360 580 quidem
1392 539 1485 579 per-

58 588 251 643 spicuum
274 594 350 636 est,
371 585 486 626 nulla
507 583 591 626 visa
610 584 870 625 somniorum
900 581 1107 638 proficisci
1135 595 1159 621 a
1185 581 1353 621 numine
1383 581 1486 621 deo-

60 659 170 685 rum.
194 651 333 684 nostra
351 642 464 682 enim
490 655 617 682 causa
645 641 703 682 dii
733 639 776 680 id
802 639 999 688 facerent,
1028 647 1077 679 ut
1106 637 1322 692 providere
1347 638 1488 677 futura

57 713 288 755 possemus.
320 700 489 754 Quotus
509 697 638 752 igitur
653 706 716 738 est
734 696 924 752 quisque,
942 695 1014 750 qui
1036 694 1208 735 somniis
1223 695 1390 749 pareat?
1415 693 1484 748 qui
1503 693 1573 727 125

57 755 299 810 intelligat?
333 755 405 809 qui
436 754 701 795 meminerit?
744 767 870 808 quain
902 751 1023 792 multi
1055 765 1164 800 vero,
1195 750 1266 806 qui
1297 757 1487 790 contem·
1499 741 1529 770 b·

57 822 172 861 nant,
194 825 371 866 eamque
391 810 728 866 superstitionem
749 808 949 849 imbecilli
970 807 1097 848 animi
1122 816 1250 862 atque
1269 806 1388 847 anilis
1410 820 1488 860 pu-

56 870 181 910 tent?
227 867 326 923 quid
358 876 423 908 est
456 867 599 921 igitur,
631 880 706 906 cur
737 865 801 905 his
836 864 1078 905 hominibus
1112 863 1336 904 consulens
1369 862 1486 911 deus,

57 924 231 966 somniis
252 932 422 964 moneat
441 938 527 974 eos,
549 922 620 977 qui
640 922 712 963 illa
732 936 813 961 non
837 920 966 961 modo
988 934 1101 970 cura,
1123 919 1194 960 sed
1214 934 1265 960 ne
1284 919 1489 960 memoria

59 981 230 1036 quidem
261 980 389 1034 digna
417 979 603 1020 ducant?
636 993 712 1019 nec
737 977 847 1018 enim
882 977 1077 1032 ignorare
1104 975 1207 1016 deus
1230 985 1385 1031 potest,
1405 990 1489 1031 qua

58 1047 198 1078 mente
217 1037 393 1091 quisque
414 1036 469 1077 sit
489 1053 497 1077 :
530 1049 605 1076 nec
626 1035 778 1076 frustra
799 1048 846 1074 ac
870 1034 958 1075 sine
979 1047 1103 1073 causa
1122 1032 1223 1087 quid
1251 1032 1402 1082 facere,
1423 1032 1487 1073 di-

56 1108 191 1148 gnum
212 1093 293 1133 deo
316 1101 406 1133 est:
438 1092 555 1147 quod
575 1091 774 1133 abhorret
799 1090 925 1131 etiam
952 1090 1005 1130 ab
1036 1089 1216 1129 hominis
1238 1088 1486 1130 constantia.

59 1151 125 1191 Ita
145 1150 177 1190 si
197 1150 396 1204 pleraque
415 1149 576 1189 somnia
595 1156 667 1189 aut
697 1147 956 1203 ignorantur,
978 1154 1051 1187 aut
1080 1145 1355 1200 negliguntur
1372 1161 1384 1194 3
1415 1155 1488 1186 aut

58 1206 190 1247 nescit
220 1206 300 1246 hoc
326 1205 444 1256 deus,
465 1215 538 1246 aut
559 1205 712 1246 frustra
733 1204 991 1245 somniorum
1015 1202 1320 1257 significatione
1340 1201 1486 1242 utitur.

58 1263 142 1304 Sed
172 1262 324 1303 horum
355 1270 546 1303 neutrum
580 1262 622 1302 in
651 1260 778 1301 deum
800 1260 925 1301 cadit.
948 1259 1051 1299 nihil
1072 1258 1202 1314 igitur
1224 1273 1248 1298 a
1268 1258 1349 1298 deo
1372 1272 1486 1298 som-

59 1319 136 1360 niis
171 1318 392 1374 significari
424 1318 642 1359 fatendum
675 1327 752 1358 est.
814 1316 925 1357 Illud
959 1316 1084 1356 etiam
1117 1314 1298 1370 requiro,
1330 1329 1418 1363 cur,
1451 1313 1559 1365 si6]

61 1376 164 1416 deus
199 1375 277 1415 ista
298 1375 382 1415 visa
411 1375 531 1415 nobis
562 1373 806 1430 providendi
838 1386 963 1414 causa
994 1372 1079 1421 dat,
1113 1386 1196 1411 non
1220 1370 1487 1425 vigilantibus
1506 1387 1579 1424 126

59 1433 200 1487 potius
232 1431 317 1482 det,
345 1446 472 1486 quam
502 1431 820 1472 dormientibus.
880 1429 972 1469 Sive
993 1428 1104 1469 enim
1125 1437 1332 1478 externus,
1353 1436 1395 1467 et
1414 1426 1487 1467 ad-

58 1488 261 1529 venticius
283 1488 427 1543 pulsus
447 1487 609 1528 animos
631 1486 928 1527 dormientium
959 1495 1213 1534 commovet,
1234 1484 1317 1525 sive
1346 1498 1419 1539 per
1446 1497 1490 1524 se

57 1544 136 1600 ipsi
156 1544 281 1585 animi
305 1555 540 1595 moventur,
561 1544 643 1585 sive
673 1558 767 1597 quae
792 1557 918 1583 causa
943 1541 1024 1582 alia
1053 1550 1129 1591 est,
1152 1556 1227 1583 cur
1257 1540 1490 1582 secundum

60 1601 246 1656 quietem
269 1600 425 1656 aliquid
445 1601 596 1651 videre,
619 1600 777 1649 audire,
798 1613 923 1655 agere
944 1598 1169 1647 videamur,
1191 1597 1338 1638 eadem
1365 1611 1492 1638 causa

58 1657 328 1712 vigilantibus
354 1671 445 1698 esse
476 1664 671 1712 poterat:
702 1656 829 1711 idque
859 1657 894 1696 si
923 1663 1065 1695 nostra
1095 1668 1220 1694 causa
1251 1654 1310 1694 dii
1342 1667 1491 1694 secun-

61 1713 163 1754 dum
194 1713 378 1768 quietem
406 1714 605 1763 facerent,
632 1712 902 1767 vigilantibus
931 1711 1044 1752 idem
1074 1710 1285 1760 facerent3
1316 1724 1492 1765 praeser-

58 1770 135 1811 tim
169 1784 267 1810 cum
301 1769 579 1825 Chrysippus,
608 1768 890 1809 Academicos
921 1767 1129 1817 refellens,
1159 1766 1370 1821 permulto
1407 1765 1494 1806 cla-

59 1826 182 1876 riora,
223 1835 265 1866 et
305 1826 484 1866 certiora
522 1840 611 1866 esse
652 1824 778 1874 dicat,
820 1839 912 1880 quae
953 1823 1222 1878 vigilantibus
1262 1823 1493 1872 videantur,

60 1898 187 1937 quam
210 1897 304 1937 quae
325 1882 644 1923 somniantibus.
707 1881 803 1922 Fuit
821 1881 950 1936 igitur
978 1880 1117 1923 divina
1135 1879 1407 1921 beneficentia
1429 1878 1494 1919 di-

60 1940 201 1994 gnius„
223 1953 321 1979 cum
348 1939 583 1979 consuleret
613 1938 749 1987 nobis,
778 1937 955 1978 clariora
974 1937 1059 1977 visa
1089 1936 1187 1977 dare
1208 1935 1492 1991 vigilantibus,

61 2010 190 2051 quarn
211 1995 458 2035 obscuriora
479 2009 551 2049 per
571 1994 797 2035 somnium.
820 1993 934 2049 quod
964 1992 1165 2048 quoniam
1186 2007 1271 2033 non
1296 1992 1356 2042 fit,
1379 2006 1493 2032 som-

63 2052 131 2092 nia
160 2051 297 2092 divina
325 2051 509 2106 putanda
534 2065 617 2091 non
651 2060 761 2092 sunt.
819 2051 914 2091 Jam
940 2064 1038 2090 vero
1065 2049 1166 2104 quid
1191 2063 1297 2103 opus
1322 2057 1386 2089 est
1411 2048 1491 2088 cir·
1508 2045 1580 2087 127

63 2108 248 2148 cuitione
282 2116 322 2148 et
354 2109 575 2157 amfractu,
611 2116 659 2148 ut
690 2108 743 2148 sit
771 2106 974 2148 utendum
1009 2105 1304 2160 interpretibus
1332 2104 1494 2146 somni-

63 2179 185 2205 orum
217 2164 371 2219 potius,
403 2173 441 2195 25
458 2179 583 2219 quam
615 2164 806 2204 directo?
839 2164 942 2204 deus
973 2162 1006 2204 si
1036 2161 1208 2217 quidem
1239 2161 1359 2203 nobis
1389 2175 1494 2201 con-

64 2221 241 2269 sulebat,
266 2220 514 2276 Hocsaczssw,
538 2220 628 2261 Hoc
648 2219 873 2275 nefeceris,
897 2219 1081 2260 diceret?
1114 2218 1242 2274 idque
1271 2218 1405 2260 visum
1434 2217 1493 2258 vi-

63 2277 212 2331 gilanti
245 2277 400 2332 potiUS,
420 2292 545 2332 quam
574 2276 799 2317 dormienti
828 2276 977 2317 daret?
1005 2275 1095 2331 jam
1117 2289 1213 2316 vero
1241 2274 1334 2330 quis
1356 2273 1493 2315 dicere
1505 2286 1535 2316 P·
1552 2282 1624 2309 1³⁵·

65 2333 231 2383 audeat,
266 2348 360 2374 vera
393 2333 535 2374 omnia
565 2348 655 2374 esse
687 2333 876 2374 somnia?
912 2331 1083 2387 Aliquot
1108 2331 1263 2372 somnia
1290 2345 1399 2381 vera,
1429 2330 1535 2372 in-a·

65 2389 158 2444 quit
193 2390 377 2440 Ennius3
409 2390 478 2431 sed
507 2390 639 2430 omnia
669 2405 747 2430 non
777 2397 835 2430 est
864 2404 1030 2430 necesse.
1089 2389 1199 2445 Quae
1230 2397 1294 2429 est
1323 2386 1493 2429 tandem
1505 2362 1574 2416 62

65 2445 147 2486 ista
167 2444 379 2487 distinctio
398 2448 410 2486 ?
443 2461 537 2502 quae
558 2461 666 2497 vera,
689 2461 782 2502 quae
810 2445 914 2487 falsa
943 2445 1101 2487 habet?
1134 2453 1177 2486 et
1197 2445 1231 2485 si
1252 2459 1344 2485 vera
1365 2459 1390 2484 a
1414 2443 1496 2485 deo

66 2502 306 2551 mittuntur,
328 2503 430 2544 falsa
456 2503 566 2544 unde
595 2504 847 2544 naseuntur?
881 2517 977 2543 nam
1008 2502 1042 2543 si
1073 2516 1122 2543 ea
1147 2515 1316 2558 quoque
1344 2500 1496 2550 divina,

68 2557 170 2613 quid
209 2558 511 2601 inconstantius
550 2559 662 2600 deo?
710 2559 812 2615 quid
850 2558 1037 2599 inscitius
1070 2568 1211 2599 autem
1253 2566 1331 2608 est,
1367 2571 1496 2612 quam

69 2623 231 2655 mentes
263 2615 502 2656 mortalium
532 2616 645 2657 falsis
675 2625 717 2657 et
746 2615 1017 2657 mendacibus
1037 2615 1131 2656 visis
1160 2614 1400 2656 concitare?
1433 2612 1496 2653 sin

69 2685 165 2712 vera
185 2671 270 2712 visa
296 2670 431 2712 divina
452 2681 575 2723 sunt3
606 2672 710 2713 falsa
741 2681 884 2713 autem
915 2681 958 2714 et
985 2671 1136 2721 inania,
1157 2671 1369 2712 humana:
1402 2682 1498 2724 quae

69 2736 135 2768 est
158 2728 237 2769 ista
261 2726 507 2783 designandi
531 2728 712 2779 licentia,
740 2737 787 2769 ut
814 2728 895 2769 hoc
926 2728 1044 2779 deus,
1072 2728 1153 2769 hoc
1182 2735 1328 2768 natura
1354 2724 1500 2767 fecerit

488 2869 526 2893 25
552 2872 638 2903 quam
653 2860 771 2901 directo]
790 2861 829 2890 V.
848 2861 936 2891 Clav.
952 2861 985 2892 in
1000 2862 1034 2892 h.
1051 2870 1081 2891 v.

816 2915 938 2959 Qq3
