1778 3095
243 126 321 158 382
589 123 850 162 TUSCUL.
882 124 1337 163 QUAESTIONUM

240 227 370 270 modo
403 229 538 271 induit
566 245 789 286 personam
821 232 1081 288 philosophi,
1107 240 1149 274 et
1179 232 1257 274 sibi
1287 232 1375 288 ipse
1404 231 1487 272 hoc
1512 247 1666 274 nomen

239 283 464 341 inscripsit,
483 287 622 328 dicere
651 288 794 329 licebit
813 306 822 330 :
863 290 992 345 (quod
1017 289 1200 345 quidem,
1221 299 1268 330 ut
1289 289 1418 330 habet
1436 302 1479 329 se
1498 303 1579 340 res,
1598 303 1666 329 me

238 348 381 383 tamen
416 343 640 398 plaudente
672 344 788 398 dicit)
829 346 1009 387 Nullum
1044 346 1220 400 sapienti
1252 360 1341 387 esse
1373 353 1555 400 tempus,
1588 345 1666 386 etsi

238 407 397 450 uratur,
417 409 676 456 torqueatur,
696 412 872 450 secetur,
890 403 991 458 quin
1012 402 1143 457 possit
1161 402 1406 450 exclamare,
1428 402 1568 457 Quam
1588 415 1664 455 pro

237 454 369 495 nihilo
399 457 531 511 puto!
565 472 662 498 cum
692 459 922 512 praesertim
955 473 1079 499 omne
1110 458 1267 499 malum
1304 458 1448 499 dolore
1481 457 1664 507 definiat,

236 510 396 552 bonurn
418 513 643 568 voluptate,
666 513 756 554 haec
787 525 929 554 nostra
957 514 1148 564 honesta,
1169 515 1306 570 turpia
1326 513 1507 563 irrideat,
1529 513 1663 554 dicat-

235 581 332 622 que,
355 582 430 609 nos
460 569 502 610 in
532 570 702 610 vocibus
723 580 968 625 occupatos,
987 571 1127 610 inanes
1149 585 1272 611 sonos
1294 570 1467 612 fundere
1486 586 1495 611 ε
1527 583 1662 626 neque

236 623 464 679 quidquam
488 625 541 666 ad
562 641 636 666 nos
658 626 876 680 pertinere,
898 626 975 666 nisi
996 626 1110 681 quod
1139 636 1211 667 aut
1238 627 1353 677 laeve,
1374 635 1446 667 aut
1467 640 1660 681 asperum

235 679 277 719 in
298 695 476 735 corpore
496 682 709 722 sentiatur.
770 682 886 722 Huic
907 696 1025 736 ergO,
1046 692 1095 722 ut
1116 682 1214 732 dixi,
1235 698 1318 723 non
1340 683 1522 724 multum
1544 682 1664 724 diffe-

106 762 136 790 p.
150 757 222 782 ¹243.
235 736 341 777 renti
372 751 395 777 a
418 737 582 792 judicio
612 738 807 787 ferarum,
829 737 1016 778 oblivisci
1047 738 1189 778 licebit
1218 739 1309 779 sui?
1343 747 1385 779 et
1410 748 1501 780 turn
1526 740 1663 780 fortu-

193 803 222 824 a.
236 807 330 833 nam
354 803 638 843 contemnere,
661 808 757 834 cum
780 794 833 835 sit
855 803 893 828 94
907 808 1032 835 omne
1051 802 1093 834 et
1114 794 1271 834 bonum
1294 794 1399 850 ejus,
1431 804 1473 836 et
1500 795 1659 836 malum

232 848 275 889 in
295 858 503 904 potestate
522 849 718 899 fortunae,
741 859 831 891 tum
852 851 1004 901 dicere,
1025 865 1069 891 se
1096 851 1269 891 beatum
1300 851 1341 891 in
1370 866 1536 892 summo
1564 866 1659 892 cru-

231 904 344 946 ciatu
365 915 492 961 atque
512 906 746 957 tormentis,
767 922 862 947 cum
889 907 1169 957 constituerit,
1191 921 1273 947 non
1294 906 1424 947 modo
1446 922 1659 949 summum

168 971 218 1012 74
231 961 390 1002 malurn
410 976 499 1003 esse
519 962 723 1013 dolorem,
747 963 817 1004 sed
843 964 969 1004 etiam
990 963 1125 1004 solum
1145 965 1156 1003 ?
1191 978 1266 1003 nec
1287 977 1384 1004 vero
1404 963 1475 1004 illa
1495 964 1573 1004 sibi
1594 978 1659 1004 re-

229 1017 368 1058 media
387 1019 643 1073 comparavit
662 1019 715 1059 ad
741 1020 1003 1061 tolerandum
1028 1019 1232 1070 dolorem,
1254 1019 1494 1061 firmitatem
1517 1020 1660 1070 animi,

229 1074 499 1129 turpitudinis
529 1076 834 1127 verecundiam,
856 1076 1195 1117 exercitationem
1226 1076 1658 1133 consuetudinemque

227 1131 427 1185 patiendi,
450 1142 658 1187 praecepta
687 1132 959 1183 fortitudinis,
980 1132 1176 1173 duritiam
1206 1132 1378 1184 virilem,
1400 1133 1472 1174 sed
1501 1149 1585 1174 una
1614 1147 1658 1174 se

227 1186 331 1229 dicit
351 1188 641 1229 recordatione
661 1189 922 1244 acquiescere
941 1189 1245 1244 praeteritarum
1270 1189 1532 1244 voluptatum
1554 1207 1564 1231 ε
1595 1199 1657 1240 ut,

228 1243 263 1284 si
284 1244 377 1299 quis
398 1252 592 1294 aestuans,
614 1259 712 1285 cum
746 1245 826 1285 vim
858 1245 1007 1286 caloris
1038 1260 1121 1286 non
1150 1244 1272 1285 facile
1303 1246 1498 1299 patiatur,
1519 1261 1658 1287 recor-

227 1299 316 1341 dari
337 1301 449 1350 velit,
470 1315 514 1341 se
535 1300 761 1356 aliquando
790 1301 832 1342 in
860 1301 1056 1357 Arpinati
1079 1310 1223 1342 nostro
1243 1301 1393 1357 gelidis
1415 1302 1657 1343 fluminibus

226 1357 532 1398 circumfusum
552 1357 695 1398 fuisse.
727 1373 810 1399 non
838 1358 949 1399 enim
979 1357 1112 1408 video,
1134 1373 1219 1413 quo
1240 1358 1370 1399 modo
1392 1358 1536 1399 sedare
1556 1373 1656 1414 pos-

162 1423 210 1464 75
226 1413 310 1454 sint
331 1413 440 1454 mala
459 1414 680 1468 praesentia
704 1415 928 1470 praeteritae
947 1415 1198 1470 voluptates.
1252 1415 1335 1455 Sed
1355 1430 1452 1456 cum
1474 1415 1507 1456 is
1530 1415 1657 1465 dicat,

225 1484 392 1525 semper
421 1470 593 1511 beatum
623 1485 713 1512 esse
743 1472 987 1527 sapientem,
1008 1473 1077 1512 eui
1106 1471 1243 1512 dicere
1272 1471 1368 1523 hoc,
1389 1471 1422 1512 si
1452 1471 1532 1512 sibi
1552 1486 1655 1513 con—

222 1535 333 1567 stare
354 1526 491 1576 vellet,
514 1541 598 1568 non
618 1526 762 1568 liceret
780 1545 790 1568 :
822 1528 1022 1584 quidnam
1051 1527 1286 1569 faciendum
1315 1537 1379 1570 est
1397 1528 1477 1578 his,
1498 1528 1570 1584 qui
1590 1528 1654 1569 ni-

221 1581 283 1624 hil
318 1583 613 1639 expetendum,
646 1583 749 1624 nihil
778 1585 821 1625 in
852 1585 973 1626 bonis
1003 1584 1258 1635 ducendum,
1288 1584 1403 1640 quod
1434 1584 1652 1626 honestate

220 1648 375 1690 careat,
405 1639 674 1681 existimant?
708 1655 776 1681 me
808 1642 978 1696 quidem
1009 1650 1196 1691 auctore,
1228 1640 1355 1682 etiam
1391 1640 1655 1696 Peripatetici

220 1705 464 1751 veteresque
493 1696 739 1737 Academici
769 1697 976 1739 balbutire
1007 1697 1197 1738 desinant
1226 1697 1466 1753 aliquando,
1488 1706 1652 1752 aperte-

222 1766 305 1808 que
324 1761 367 1794 et
386 1753 497 1793 clara
518 1768 619 1793 voce
639 1753 821 1794 audeant
849 1754 1001 1804 dicere,
1021 1755 1188 1795 beatam
1210 1754 1338 1794 vitam
1358 1754 1400 1794 in
1423 1753 1652 1796 Phalaridis

137 1810 207 1866 27
222 1817 390 1850 taurum
421 1809 732 1850 descensuram.
793 1811 884 1852 Sint
911 1811 1022 1851 enim
1050 1810 1129 1851 tria
1158 1824 1312 1865 genera
1344 1811 1571 1861 bonorum,
1604 1819 1653 1852 ut

158 1880 210 1924 76
215 1864 307 1921 jam
335 1880 360 1906 a
385 1866 543 1921 laqueis
574 1866 830 1918 Stoicorum,
857 1867 1009 1922 quibus
1040 1881 1164 1908 usum
1194 1881 1263 1906 me
1292 1866 1497 1921 pluribus,
1525 1881 1653 1922 quam

220 1922 353 1972 soleo,
374 1922 581 1977 intelligo,
603 1923 876 1964 recedamus:
906 1924 988 1964 sint
1019 1938 1116 1964 sane
1145 1922 1218 1963 illa
1245 1936 1401 1977 genera
1425 1924 1652 1975 bonorum,

219 1978 322 2020 dum
362 1979 565 2034 corporiS,
602 1988 644 2020 et
682 1988 851 2020 externa
884 1979 1054 2036 jaceant
1089 1980 1223 2029 humi,
1259 1989 1301 2020 et
1338 1980 1652 2031 tantummodo,

220 2044 258 2069 ⁹⁵
277 2035 375 2091 quia
394 2035 598 2076 sumenda
617 2035 714 2087 sint,
734 2037 995 2091 appellentur
1014 2037 1126 2077 bona
1145 2052 1154 2076 ε
1189 2036 1272 2077 alia
1291 2045 1434 2077 autern
1455 2036 1526 2077 illa
1546 2036 1649 2078 divi—

219 2106 287 2142 na,
309 2091 438 2147 longe
458 2092 626 2148 lateque
647 2107 691 2133 se
711 2093 911 2148 pandant,
934 2099 972 2127 96
990 2093 1226 2149 caelumque
1246 2093 1509 2148 contingant,
1533 2101 1568 2130 97
1589 2104 1651 2145 ut,

218 2162 268 2189 ea
296 2148 368 2204 qui
400 2148 574 2204 adeptus
604 2148 671 2200 sit,
693 2164 768 2190 eur
795 2164 890 2190 eum
921 2150 1094 2191 beatum
1121 2149 1264 2200 modo,
1285 2159 1328 2190 et
1352 2165 1436 2190 non
1461 2150 1650 2191 beatissi-

218 2219 337 2246 mum
359 2205 486 2246 etiam
509 2205 714 2247 dixerim?
746 2206 938 2248 dolorem
959 2221 1054 2247 vero
1076 2206 1236 2261 sapiens
1255 2206 1527 2247 extimescet?
1561 2214 1599 2240 98
1614 2207 1647 2248 is

175 2261 331 2302 b.enim
352 2262 450 2304 huic
471 2263 651 2304 maxime
672 2263 888 2304 sententiae
910 2272 1132 2318 repugnat.
1167 2264 1281 2303 Nam
1301 2271 1447 2304 contra
1466 2273 1647 2304 mortem

219 2327 421 2370 nostram,
441 2326 568 2374 atque
601 2327 857 2371 nostrorum,
891 2329 1121 2376 contraque
1152 2318 1460 2374 aegritudinem,
1481 2328 1523 2360 et
1551 2319 1647 2361 reli-

261 2432 300 2457 94
324 2436 402 2455 omne
428 2425 527 2455 bonum
553 2424 624 2465 ejus]
656 2426 732 2456 Non
763 2427 909 2463 fortunae,
955 2436 1025 2456 cero
1041 2427 1155 2461 dicere,
1171 2433 1206 2455 ut
1228 2435 1264 2455 ea
1286 2426 1340 2465 qui
1363 2427 1494 2466 adeptus
1512 2428 1563 2464 sit,
1582 2438 1644 2459 non

217 2468 270 2498 sed
286 2468 366 2506 ejus,
383 2470 421 2498 de
436 2478 500 2508 quo
516 2469 666 2508 loquitur.
955 2471 1051 2499 modo
1066 2470 1187 2505 beatus,
1204 2470 1257 2498 sed
1273 2469 1367 2499 etiam
1387 2470 1585 2500 beatissimus
1601 2472 1648 2501 di—

261 2518 299 2543 95
324 2511 394 2551 quia
409 2512 542 2540 sumenda
557 2512 627 2547 sint,
644 2510 834 2551 appellenlur]
854 2511 911 2540 sin!
955 2514 983 2542 ci
999 2512 1109 2542 debeat
1124 2524 1130 2541 z
1154 2513 1207 2541 sed
1227 2512 1362 2551 figuram
1379 2514 1527 2543 orationis
1544 2522 1649 2545 muta-

216 2553 354 2593 postulat
384 2555 486 2584 forma
514 2555 674 2589 orationis,
705 2562 736 2584 et
764 2555 808 2584 sic
846 2555 909 2584 Ms.
953 2556 1009 2591 vit,
1027 2562 1062 2584 ut
1076 2555 1233 2585 efficacior
1248 2562 1339 2591 esset,
1356 2563 1386 2585 et
1401 2557 1492 2592 dixit,
1509 2557 1646 2586 cur—di.

216 2595 323 2627 Guelf.
347 2597 392 2626 sic
409 2603 438 2626 et
454 2597 549 2627 edidit
565 2597 713 2627 Davisius
729 2598 777 2626 ed.
795 2603 824 2626 2.
953 2598 1055 2626 xerim.
1073 2605 1174 2636 potest
1188 2599 1283 2628 etiam
1297 2598 1429 2637 intelligi
1441 2599 1573 2630 nesciam.
1587 2600 1646 2631 nisi

259 2644 298 2672 96
325 2638 427 2668 caelum
458 2639 639 2680 contingant]
670 2640 690 2669 i.
713 2650 741 2669 e.
769 2640 911 2669 maxima
955 2641 985 2670 id
1000 2641 1127 2671 excidit.
1527 2651 1529 2653 ·

213 2683 287 2712 sint.
305 2691 340 2711 v.
357 2682 444 2712 Clav.
463 2682 495 2712 in
511 2681 621 2712 celum.
997 2690 1035 2716 98
1060 2683 1084 2711 is
1106 2683 1134 2713 h.
1158 2683 1282 2712 maxime
1305 2694 1327 2712 5.
1351 2682 1504 2723 repugnat]
1523 2684 1646 2715 maxime

259 2730 295 2759 97
321 2732 353 2753 ut
376 2736 408 2753 ea
431 2725 482 2766 qui
505 2725 553 2754 ad.
576 2723 616 2764 s.]
643 2731 676 2753 ut
698 2725 817 2754 habent
840 2724 909 2755 libri
953 2727 1034 2757 edidi
1050 2735 1126 2756 cum
1143 2727 1271 2756 Davisio
1293 2736 1347 2765 pro
1371 2727 1518 2757 maximae.
1550 2726 1602 2757 Sic
1617 2735 1648 2760 et

214 2777 345 2798 ornnes:
364 2774 470 2797 tamen
486 2768 599 2798 delevit
612 2768 799 2803 Lambinus,
815 2768 909 2798 Bent-
953 2770 1016 2799 Ms.
1034 2769 1140 2800 Guelf.
1156 2777 1186 2799 et
1209 2769 1260 2800 alii
1284 2770 1368 2809 apud
1392 2770 1580 2808 Euhenum,
1597 2771 1644 2804 ed,

215 2811 294 2840 leius
310 2811 405 2840 etiam
421 2818 450 2840 et
466 2811 624 2842 Davisius,
663 2811 817 2841 Buherius
841 2820 908 2841 cor·
949 2812 1068 2843 Juntae.

215 2854 286 2893 tigit
300 2860 342 2883 at.
355 2854 478 2884 frustra.
516 2854 707 2894 Simpliciter
720 2860 839 2894 poterat
855 2853 906 2884 Ci-
