<?xml version="1.0" encoding="UTF-8"?>
<!DOCTYPE html PUBLIC "-//W3C//DTD XHTML 1.0 Transitional//EN"
    "http://www.w3.org/TR/xhtml1/DTD/xhtml1-transitional.dtd">
<html xmlns="http://www.w3.org/1999/xhtml" xml:lang="en" lang="en">
 <head>
  <title>
</title>
<meta http-equiv="Content-Type" content="text/html;charset=utf-8" />
  <meta name='ocr-system' content='tesseract 3.04.00' />
  <meta name='ocr-capabilities' content='ocr_page ocr_carea ocr_par ocr_line ocrx_word'/>
</head>
<body>
  <div class='ocr_page' id='page_1' title='image "./p1operaomnia04ciceuoft_0255.png"; bbox 0 0 1778 3095; ppageno 0'>
   <div class='ocr_carea' id='block_1_1' title="bbox 588 109 1571 151">
    <p class='ocr_par' dir='ltr' id='par_1_1' title="bbox 588 109 1571 151">
     <span class='ocr_line' id='line_1_1' title="bbox 588 109 1571 151; baseline -0.003 -4"><span class='ocrx_word' id='word_1_1' title='bbox 588 110 592 114; x_wconf 83' lang='lat'>&#39;</span> <span class='ocrx_word' id='word_1_2' title='bbox 625 111 803 148; x_wconf 88' lang='lat' dir='ltr'>LIBER</span> <span class='ocrx_word' id='word_1_3' title='bbox 838 109 1083 147; x_wconf 86' lang='lat' dir='ltr'>PRIMUS.</span> <span class='ocrx_word' id='word_1_4' title='bbox 1180 110 1184 113; x_wconf 52' lang='lat'><em>⁴</em></span> <span class='ocrx_word' id='word_1_5' title='bbox 1493 111 1571 151; x_wconf 81' lang='lat'><strong>247</strong></span> 
     </span>
    </p>
   </div>
   <div class='ocr_carea' id='block_1_2' title="bbox 127 214 1698 1973">
    <p class='ocr_par' dir='ltr' id='par_1_2' title="bbox 143 214 1569 330">
     <span class='ocr_line' id='line_1_2' title="bbox 143 214 1569 273; baseline -0.003 -13"><span class='ocrx_word' id='word_1_6' title='bbox 143 226 235 261; x_wconf 86' lang='lat' dir='ltr'><strong>tum</strong></span> <span class='ocrx_word' id='word_1_7' title='bbox 276 221 537 269; x_wconf 80' lang='lat' dir='ltr'>arbitramur,</span> <span class='ocrx_word' id='word_1_8' title='bbox 577 217 703 273; x_wconf 84' lang='lat' dir='ltr'><strong>idque</strong></span> <span class='ocrx_word' id='word_1_9' title='bbox 740 216 906 258; x_wconf 86' lang='lat' dir='ltr'><strong>sentire.</strong></span> <span class='ocrx_word' id='word_1_10' title='bbox 962 215 1107 271; x_wconf 82' lang='lat' dir='ltr'><strong>Atque</strong></span> <span class='ocrx_word' id='word_1_11' title='bbox 1143 214 1235 255; x_wconf 90' lang='lat' dir='ltr'><strong>haec</strong></span> <span class='ocrx_word' id='word_1_12' title='bbox 1276 214 1333 255; x_wconf 90' lang='lat' dir='ltr'><strong>ita</strong></span> <span class='ocrx_word' id='word_1_13' title='bbox 1368 214 1569 256; x_wconf 89' lang='lat' dir='ltr'><strong>sentimus</strong></span> 
     </span>
     <span class='ocr_line' id='line_1_3' title="bbox 143 272 1201 330; baseline -0.005 -13"><span class='ocrx_word' id='word_1_14' title='bbox 143 285 292 318; x_wconf 88' lang='lat' dir='ltr'><strong>natura</strong></span> <span class='ocrx_word' id='word_1_15' title='bbox 309 278 429 328; x_wconf 89' lang='lat' dir='ltr'><strong>duce,</strong></span> <span class='ocrx_word' id='word_1_16' title='bbox 451 276 563 317; x_wconf 91' lang='lat' dir='ltr'><strong>nulla</strong></span> <span class='ocrx_word' id='word_1_17' title='bbox 584 274 758 324; x_wconf 86' lang='lat' dir='ltr'><strong>ratione,</strong></span> <span class='ocrx_word' id='word_1_18' title='bbox 779 273 979 330; x_wconf 89' lang='lat' dir='ltr'><strong>nullaque</strong></span> <span class='ocrx_word' id='word_1_19' title='bbox 997 272 1201 314; x_wconf 87' lang='lat' dir='ltr'><strong>doctrina.</strong></span> 
     </span>
    </p>

    <p class='ocr_par' dir='ltr' id='par_1_3' title="bbox 127 314 1698 1842">
     <span class='ocr_line' id='line_1_4' title="bbox 201 314 1652 386; baseline -0.006 -11"><span class='ocrx_word' id='word_1_20' title='bbox 201 334 438 375; x_wconf 85' lang='lat' dir='ltr'><strong>Maximum</strong></span> <span class='ocrx_word' id='word_1_21' title='bbox 455 346 563 372; x_wconf 89' lang='lat' dir='ltr'><strong>·vero</strong></span> <span class='ocrx_word' id='word_1_22' title='bbox 594 340 895 386; x_wconf 80' lang='lat' dir='ltr'><strong>argumentum</strong></span> <span class='ocrx_word' id='word_1_23' title='bbox 914 339 992 381; x_wconf 90' lang='lat' dir='ltr'><strong>est,</strong></span> <span class='ocrx_word' id='word_1_24' title='bbox 1022 337 1214 370; x_wconf 89' lang='lat' dir='ltr'><strong>naturam</strong></span> <span class='ocrx_word' id='word_1_25' title='bbox 1241 327 1375 383; x_wconf 85' lang='lat' dir='ltr'>ipsam</span> <span class='ocrx_word' id='word_1_26' title='bbox 1406 326 1457 367; x_wconf 90' lang='lat' dir='ltr'><strong>de</strong></span> <span class='ocrx_word' id='word_1_27' title='bbox 1486 327 1566 368; x_wconf 88' lang='lat' dir='ltr'><strong>im·</strong></span> <span class='ocrx_word' id='word_1_28' title='bbox 1585 314 1652 362; x_wconf 75' lang='lat'><strong>14</strong></span> 
     </span>
     <span class='ocr_line' id='line_1_5' title="bbox 142 383 1626 443; baseline -0.006 -12"><span class='ocrx_word' id='word_1_29' title='bbox 142 390 398 431; x_wconf 86' lang='lat' dir='ltr'><strong>mortalitate</strong></span> <span class='ocrx_word' id='word_1_30' title='bbox 417 389 655 430; x_wconf 86' lang='lat' dir='ltr'><strong>animorum</strong></span> <span class='ocrx_word' id='word_1_31' title='bbox 684 387 854 428; x_wconf 76' lang='lat' dir='ltr'><strong>tacitam</strong></span> <span class='ocrx_word' id='word_1_32' title='bbox 877 386 1084 443; x_wconf 89' lang='lat' dir='ltr'><strong>judicare,</strong></span> <span class='ocrx_word' id='word_1_33' title='bbox 1107 385 1221 441; x_wconf 90' lang='lat' dir='ltr'><strong>quod</strong></span> <span class='ocrx_word' id='word_1_34' title='bbox 1240 383 1436 424; x_wconf 90' lang='lat' dir='ltr'><strong>omnibus</strong></span> <span class='ocrx_word' id='word_1_35' title='bbox 1456 388 1626 424; x_wconf 86' lang='lat' dir='ltr'><strong>curae3l</strong></span> 
     </span>
     <span class='ocr_line' id='line_1_6' title="bbox 141 439 1570 501; baseline -0.004 -14"><span class='ocrx_word' id='word_1_36' title='bbox 141 454 252 496; x_wconf 88' lang='lat' dir='ltr'><strong>sunt,</strong></span> <span class='ocrx_word' id='word_1_37' title='bbox 282 455 325 487; x_wconf 91' lang='lat' dir='ltr'><strong>et</strong></span> <span class='ocrx_word' id='word_1_38' title='bbox 353 445 532 487; x_wconf 81' lang='lat' dir='ltr'><strong>maxime</strong></span> <span class='ocrx_word' id='word_1_39' title='bbox 564 444 751 501; x_wconf 84' lang='lat' dir='ltr'><strong>quidem,</strong></span> <span class='ocrx_word' id='word_1_40' title='bbox 789 451 824 480; x_wconf 83' lang='lat'><strong>⁵7</strong></span> <span class='ocrx_word' id='word_1_41' title='bbox 840 458 934 499; x_wconf 88' lang='lat' dir='ltr'><strong>quae</strong></span> <span class='ocrx_word' id='word_1_42' title='bbox 969 451 1066 499; x_wconf 91' lang='lat' dir='ltr'><strong>post</strong></span> <span class='ocrx_word' id='word_1_43' title='bbox 1097 451 1279 482; x_wconf 88' lang='lat' dir='ltr'><strong>mortem</strong></span> <span class='ocrx_word' id='word_1_44' title='bbox 1309 440 1453 481; x_wconf 88' lang='lat' dir='ltr'><strong>futura</strong></span> <span class='ocrx_word' id='word_1_45' title='bbox 1472 439 1570 481; x_wconf 88' lang='lat' dir='ltr'><strong>sint.</strong></span> 
     </span>
     <span class='ocr_line' id='line_1_7' title="bbox 143 497 1571 557; baseline -0.005 -14"><span class='ocrx_word' id='word_1_46' title='bbox 143 502 251 543; x_wconf 80' lang='lat' dir='ltr'><strong>Serit</strong></span> <span class='ocrx_word' id='word_1_47' title='bbox 283 502 456 553; x_wconf 79' lang='lat' dir='ltr'><strong>arbores,</strong></span> <span class='ocrx_word' id='word_1_48' title='bbox 486 516 582 557; x_wconf 82' lang='lat' dir='ltr'><strong>quoe</strong></span> <span class='ocrx_word' id='word_1_49' title='bbox 616 500 739 542; x_wconf 80' lang='lat' dir='ltr'><strong>alteri</strong></span> <span class='ocrx_word' id='word_1_50' title='bbox 770 500 918 542; x_wconf 77' lang='lat' dir='ltr'><strong>soeculo</strong></span> <span class='ocrx_word' id='word_1_51' title='bbox 948 499 1123 555; x_wconf 78' lang='lat' dir='ltr'><strong>prosint,</strong></span> <span class='ocrx_word' id='word_1_52' title='bbox 1159 508 1208 540; x_wconf 92' lang='lat' dir='ltr'><strong>ut</strong></span> <span class='ocrx_word' id='word_1_53' title='bbox 1239 498 1297 538; x_wconf 89' lang='lat' dir='ltr'><strong>ait</strong></span> <span class='ocrx_word' id='word_1_54' title='bbox 1333 497 1490 537; x_wconf 83' lang='lat' dir='ltr'><strong>Statius</strong></span> <span class='ocrx_word' id='word_1_55' title='bbox 1529 497 1571 538; x_wconf 92' lang='lat' dir='ltr'><strong>in</strong></span> 
     </span>
     <span class='ocr_line' id='line_1_8' title="bbox 139 552 1572 615; baseline -0.004 -16"><span class='ocrx_word' id='word_1_56' title='bbox 139 558 420 615; x_wconf 82' lang='lat' dir='ltr'><strong>Synephebis:</strong></span> <span class='ocrx_word' id='word_1_57' title='bbox 451 557 552 614; x_wconf 92' lang='lat' dir='ltr'><strong>quid</strong></span> <span class='ocrx_word' id='word_1_58' title='bbox 574 567 780 613; x_wconf 85' lang='lat' dir='ltr'><strong>spectans,</strong></span> <span class='ocrx_word' id='word_1_59' title='bbox 808 556 885 598; x_wconf 88' lang='lat' dir='ltr'><strong>nisi</strong></span> <span class='ocrx_word' id='word_1_60' title='bbox 915 557 1041 598; x_wconf 89' lang='lat' dir='ltr'><strong>etiam</strong></span> <span class='ocrx_word' id='word_1_61' title='bbox 1076 563 1246 611; x_wconf 88' lang='lat' dir='ltr'><strong>postera</strong></span> <span class='ocrx_word' id='word_1_62' title='bbox 1276 553 1430 595; x_wconf 87' lang='lat' dir='ltr'><strong>saecula</strong></span> <span class='ocrx_word' id='word_1_63' title='bbox 1455 552 1508 594; x_wconf 93' lang='lat' dir='ltr'><strong>ad</strong></span> <span class='ocrx_word' id='word_1_64' title='bbox 1529 568 1572 595; x_wconf 89' lang='lat' dir='ltr'><strong>se</strong></span> 
     </span>
     <span class='ocr_line' id='line_1_9' title="bbox 138 610 1572 671; baseline -0.003 -16"><span class='ocrx_word' id='word_1_65' title='bbox 138 614 369 668; x_wconf 84' lang='lat' dir='ltr'><strong>pertinere?</strong></span> <span class='ocrx_word' id='word_1_66' title='bbox 403 616 519 671; x_wconf 84' lang='lat' dir='ltr'><strong>Ergo</strong></span> <span class='ocrx_word' id='word_1_67' title='bbox 538 615 708 656; x_wconf 90' lang='lat' dir='ltr'><strong>arbores</strong></span> <span class='ocrx_word' id='word_1_68' title='bbox 729 622 836 655; x_wconf 88' lang='lat' dir='ltr'><strong>seret</strong></span> <span class='ocrx_word' id='word_1_69' title='bbox 867 613 1047 669; x_wconf 86' lang='lat' dir='ltr'><strong>diligens</strong></span> <span class='ocrx_word' id='word_1_70' title='bbox 1076 611 1277 668; x_wconf 87' lang='lat' dir='ltr'><strong>agricola,</strong></span> <span class='ocrx_word' id='word_1_71' title='bbox 1299 625 1477 667; x_wconf 89' lang='lat' dir='ltr'><strong>quarum</strong></span> <span class='ocrx_word' id='word_1_72' title='bbox 1498 610 1572 651; x_wconf 90' lang='lat' dir='ltr'><strong>ad-</strong></span> 
     </span>
     <span class='ocr_line' id='line_1_10' title="bbox 139 667 1583 728; baseline -0.001 -18"><span class='ocrx_word' id='word_1_73' title='bbox 139 670 287 725; x_wconf 87' lang='lat' dir='ltr'><strong>spiciet</strong></span> <span class='ocrx_word' id='word_1_74' title='bbox 305 671 479 712; x_wconf 87' lang='lat' dir='ltr'><strong>baccam</strong></span> <span class='ocrx_word' id='word_1_75' title='bbox 495 672 585 727; x_wconf 91' lang='lat' dir='ltr'><strong>ipse</strong></span> <span class='ocrx_word' id='word_1_76' title='bbox 615 685 874 728; x_wconf 86' lang='lat' dir='ltr'><strong>numquam:</strong></span> <span class='ocrx_word' id='word_1_77' title='bbox 906 671 966 712; x_wconf 89' lang='lat' dir='ltr'><strong>vir</strong></span> <span class='ocrx_word' id='word_1_78' title='bbox 995 683 1175 725; x_wconf 88' lang='lat' dir='ltr'><strong>magnus</strong></span> <span class='ocrx_word' id='word_1_79' title='bbox 1202 668 1334 723; x_wconf 86' lang='lat' dir='ltr'><strong>legeS,</strong></span> <span class='ocrx_word' id='word_1_80' title='bbox 1363 667 1583 718; x_wconf 65' lang='lat' dir='ltr'><strong>instituta„</strong></span> 
     </span>
     <span class='ocr_line' id='line_1_11' title="bbox 136 724 1571 783; baseline -0.001 -17"><span class='ocrx_word' id='word_1_81' title='bbox 136 727 441 782; x_wconf 87' lang='lat' dir='ltr'><strong>rempublicam</strong></span> <span class='ocrx_word' id='word_1_82' title='bbox 472 743 556 770; x_wconf 91' lang='lat' dir='ltr'><strong>non</strong></span> <span class='ocrx_word' id='word_1_83' title='bbox 592 729 728 769; x_wconf 84' lang='lat' dir='ltr'><strong>seret?</strong></span> <span class='ocrx_word' id='word_1_84' title='bbox 773 727 892 770; x_wconf 78' lang='lat' dir='ltr'><strong>Quid</strong></span> <span class='ocrx_word' id='word_1_85' title='bbox 922 726 1158 783; x_wconf 85' lang='lat' dir='ltr'><strong>procreatio</strong></span> <span class='ocrx_word' id='word_1_86' title='bbox 1187 725 1432 775; x_wconf 88' lang='lat' dir='ltr'><strong>liberorum,</strong></span> <span class='ocrx_word' id='word_1_87' title='bbox 1468 724 1571 780; x_wconf 88' lang='lat' dir='ltr'><strong>quid</strong></span> 
     </span>
     <span class='ocr_line' id='line_1_12' title="bbox 135 781 1613 840; baseline -0.001 -17"><span class='ocrx_word' id='word_1_88' title='bbox 135 785 384 840; x_wconf 87' lang='lat' dir='ltr'><strong>propagatio</strong></span> <span class='ocrx_word' id='word_1_89' title='bbox 425 784 621 836; x_wconf 89' lang='lat' dir='ltr'><strong>nominis,</strong></span> <span class='ocrx_word' id='word_1_90' title='bbox 658 783 759 840; x_wconf 88' lang='lat' dir='ltr'><strong>quid</strong></span> <span class='ocrx_word' id='word_1_91' title='bbox 786 784 1036 839; x_wconf 89' lang='lat' dir='ltr'><strong>adoptiones</strong></span> <span class='ocrx_word' id='word_1_92' title='bbox 1071 782 1268 833; x_wconf 89' lang='lat' dir='ltr'><strong>filiorum,</strong></span> <span class='ocrx_word' id='word_1_93' title='bbox 1305 781 1406 838; x_wconf 79' lang='lat' dir='ltr'><strong>quid</strong></span> <span class='ocrx_word' id='word_1_94' title='bbox 1438 790 1570 822; x_wconf 88' lang='lat' dir='ltr'><strong>testa·</strong></span> <span class='ocrx_word' id='word_1_95' title='bbox 1611 795 1613 797; x_wconf 86' lang='grc'><strong><em>·</em></strong></span> 
     </span>
     <span class='ocr_line' id='line_1_13' title="bbox 133 840 1568 897; baseline -0.001 -17"><span class='ocrx_word' id='word_1_96' title='bbox 133 850 376 882; x_wconf 86' lang='lat' dir='ltr'><strong>mentorum</strong></span> <span class='ocrx_word' id='word_1_97' title='bbox 413 841 648 897; x_wconf 79' lang='lat' dir='ltr'><strong>diligentia,</strong></span> <span class='ocrx_word' id='word_1_98' title='bbox 682 840 785 897; x_wconf 92' lang='lat' dir='ltr'><strong>quid</strong></span> <span class='ocrx_word' id='word_1_99' title='bbox 823 840 915 896; x_wconf 91' lang='lat' dir='ltr'><strong>ipsa</strong></span> <span class='ocrx_word' id='word_1_100' title='bbox 949 840 1239 896; x_wconf 88' lang='lat' dir='ltr'><strong>sepulcrorum</strong></span> <span class='ocrx_word' id='word_1_101' title='bbox 1278 847 1568 890; x_wconf 86' lang='lat' dir='ltr'><strong>monumenta,</strong></span> 
     </span>
     <span class='ocr_line' id='line_1_14' title="bbox 134 895 1632 954; baseline 0.001 -17"><span class='ocrx_word' id='word_1_102' title='bbox 134 896 235 950; x_wconf 89' lang='lat' dir='ltr'><strong>quid</strong></span> <span class='ocrx_word' id='word_1_103' title='bbox 256 897 398 954; x_wconf 89' lang='lat' dir='ltr'><strong>elogia</strong></span> <span class='ocrx_word' id='word_1_104' title='bbox 416 897 665 953; x_wconf 87' lang='lat' dir='ltr'><strong>significant,</strong></span> <span class='ocrx_word' id='word_1_105' title='bbox 687 898 766 938; x_wconf 90' lang='lat' dir='ltr'><strong>nisi</strong></span> <span class='ocrx_word' id='word_1_106' title='bbox 785 911 861 938; x_wconf 93' lang='lat' dir='ltr'><strong>nos</strong></span> <span class='ocrx_word' id='word_1_107' title='bbox 889 897 1031 938; x_wconf 88' lang='lat' dir='ltr'><strong>futura</strong></span> <span class='ocrx_word' id='word_1_108' title='bbox 1057 896 1183 937; x_wconf 90' lang='lat' dir='ltr'><strong>etiam</strong></span> <span class='ocrx_word' id='word_1_109' title='bbox 1204 895 1420 951; x_wconf 87' lang='lat' dir='ltr'><strong>cogitare?</strong></span> <span class='ocrx_word' id='word_1_110' title='bbox 1453 895 1569 952; x_wconf 68' lang='lat' dir='ltr'><strong>Quid</strong></span> <span class='ocrx_word' id='word_1_111' title='bbox 1580 911 1632 944; x_wconf 87' lang='lat'><strong>32</strong></span> 
     </span>
     <span class='ocr_line' id='line_1_15' title="bbox 134 951 1698 1010; baseline -0.001 -18"><span class='ocrx_word' id='word_1_112' title='bbox 134 951 270 994; x_wconf 89' lang='lat' dir='ltr'><strong>illud?</strong></span> <span class='ocrx_word' id='word_1_113' title='bbox 303 969 405 995; x_wconf 90' lang='lat' dir='ltr'><strong>num</strong></span> <span class='ocrx_word' id='word_1_114' title='bbox 440 955 625 1005; x_wconf 81' lang='lat' dir='ltr'><strong>dubitas,</strong></span> <span class='ocrx_word' id='word_1_115' title='bbox 658 954 759 1010; x_wconf 91' lang='lat' dir='ltr'><strong>quin</strong></span> <span class='ocrx_word' id='word_1_116' title='bbox 798 962 835 986; x_wconf 81' lang='lat'><strong>⁵8</strong></span> <span class='ocrx_word' id='word_1_117' title='bbox 850 953 1062 1010; x_wconf 86' lang='lat' dir='ltr'><strong>specimen</strong></span> <span class='ocrx_word' id='word_1_118' title='bbox 1094 963 1253 994; x_wconf 87' lang='lat' dir='ltr'><strong>naturae</strong></span> <span class='ocrx_word' id='word_1_119' title='bbox 1288 952 1381 1007; x_wconf 91' lang='lat' dir='ltr'><strong>capi</strong></span> <span class='ocrx_word' id='word_1_120' title='bbox 1415 952 1568 994; x_wconf 88' lang='lat' dir='ltr'><strong>debeat</strong></span> <span class='ocrx_word' id='word_1_121' title='bbox 1580 967 1698 999; x_wconf 55' lang='lat' dir='ltr'><strong>pass.</strong></span> 
     </span>
     <span class='ocr_line' id='line_1_16' title="bbox 132 1009 1609 1068; baseline 0.001 -19"><span class='ocrx_word' id='word_1_122' title='bbox 132 1022 183 1050; x_wconf 85' lang='lat' dir='ltr'><strong>ex</strong></span> <span class='ocrx_word' id='word_1_123' title='bbox 202 1011 364 1066; x_wconf 87' lang='lat' dir='ltr'><strong>optima</strong></span> <span class='ocrx_word' id='word_1_124' title='bbox 381 1026 548 1068; x_wconf 91' lang='lat' dir='ltr'><strong>quaque</strong></span> <span class='ocrx_word' id='word_1_125' title='bbox 568 1013 743 1053; x_wconf 85' lang='lat' dir='ltr'><strong>natura?</strong></span> <span class='ocrx_word' id='word_1_126' title='bbox 777 1026 871 1067; x_wconf 87' lang='lat' dir='ltr'><strong>quae</strong></span> <span class='ocrx_word' id='word_1_127' title='bbox 887 1020 951 1052; x_wconf 87' lang='lat' dir='ltr'><strong>est</strong></span> <span class='ocrx_word' id='word_1_128' title='bbox 965 1010 1098 1066; x_wconf 88' lang='lat' dir='ltr'><strong>igitur</strong></span> <span class='ocrx_word' id='word_1_129' title='bbox 1112 1009 1263 1051; x_wconf 91' lang='lat' dir='ltr'><strong>melior</strong></span> <span class='ocrx_word' id='word_1_130' title='bbox 1283 1009 1325 1050; x_wconf 88' lang='lat' dir='ltr'><strong>in</strong></span> <span class='ocrx_word' id='word_1_131' title='bbox 1346 1009 1568 1051; x_wconf 90' lang='lat' dir='ltr'><strong>hominum</strong></span> <span class='ocrx_word' id='word_1_132' title='bbox 1579 1012 1609 1033; x_wconf 89' lang='lat' dir='ltr'><strong>a.</strong></span> 
     </span>
     <span class='ocr_line' id='line_1_17' title="bbox 131 1065 1569 1125; baseline 0.001 -19"><span class='ocrx_word' id='word_1_133' title='bbox 131 1079 290 1120; x_wconf 86' lang='lat' dir='ltr'><strong>genere</strong></span> <span class='ocrx_word' id='word_1_134' title='bbox 310 1076 472 1120; x_wconf 89' lang='lat' dir='ltr'><strong>natura,</strong></span> <span class='ocrx_word' id='word_1_135' title='bbox 494 1084 622 1125; x_wconf 90' lang='lat' dir='ltr'><strong>quam</strong></span> <span class='ocrx_word' id='word_1_136' title='bbox 643 1082 807 1118; x_wconf 89' lang='lat' dir='ltr'><strong>eorum,</strong></span> <span class='ocrx_word' id='word_1_137' title='bbox 829 1067 901 1124; x_wconf 91' lang='lat' dir='ltr'><strong>qui</strong></span> <span class='ocrx_word' id='word_1_138' title='bbox 922 1081 966 1108; x_wconf 91' lang='lat' dir='ltr'><strong>se</strong></span> <span class='ocrx_word' id='word_1_139' title='bbox 988 1075 1108 1108; x_wconf 90' lang='lat' dir='ltr'><strong>natos</strong></span> <span class='ocrx_word' id='word_1_140' title='bbox 1129 1066 1182 1108; x_wconf 88' lang='lat' dir='ltr'><strong>ad</strong></span> <span class='ocrx_word' id='word_1_141' title='bbox 1207 1065 1400 1107; x_wconf 89' lang='lat' dir='ltr'><strong>homines</strong></span> <span class='ocrx_word' id='word_1_142' title='bbox 1412 1065 1569 1122; x_wconf 87' lang='lat' dir='ltr'><strong>juvan-</strong></span> 
     </span>
     <span class='ocr_line' id='line_1_18' title="bbox 132 1122 1572 1177; baseline 0 -14"><span class='ocrx_word' id='word_1_143' title='bbox 132 1122 224 1174; x_wconf 91' lang='lat' dir='ltr'><strong>dos,</strong></span> <span class='ocrx_word' id='word_1_144' title='bbox 246 1125 461 1177; x_wconf 87' lang='lat' dir='ltr'><strong>tutandos,</strong></span> <span class='ocrx_word' id='word_1_145' title='bbox 493 1125 799 1167; x_wconf 86' lang='lat' dir='ltr'><strong>conservandos</strong></span> <span class='ocrx_word' id='word_1_146' title='bbox 826 1124 1081 1165; x_wconf 86' lang='lat' dir='ltr'><strong>arbitrantur</strong></span> <span class='ocrx_word' id='word_1_147' title='bbox 1100 1124 1113 1164; x_wconf 93' lang='lat'>?</span> <span class='ocrx_word' id='word_1_148' title='bbox 1145 1122 1249 1165; x_wconf 89' lang='lat' dir='ltr'><strong>abiit</strong></span> <span class='ocrx_word' id='word_1_149' title='bbox 1264 1123 1316 1164; x_wconf 90' lang='lat' dir='ltr'><strong>ad</strong></span> <span class='ocrx_word' id='word_1_150' title='bbox 1335 1123 1436 1164; x_wconf 83' lang='lat' dir='ltr'><strong>deos</strong></span> <span class='ocrx_word' id='word_1_151' title='bbox 1458 1124 1572 1164; x_wconf 88' lang='lat' dir='ltr'><strong>Her-</strong></span> 
     </span>
     <span class='ocr_line' id='line_1_19' title="bbox 133 1180 1589 1238; baseline 0 -18"><span class='ocrx_word' id='word_1_152' title='bbox 133 1180 263 1221; x_wconf 89' lang='lat' dir='ltr'><strong>cules.</strong></span> <span class='ocrx_word' id='word_1_153' title='bbox 286 1196 516 1238; x_wconf 90' lang='lat' dir='ltr'><strong>numquam</strong></span> <span class='ocrx_word' id='word_1_154' title='bbox 547 1182 731 1231; x_wconf 86' lang='lat' dir='ltr'><strong>abiisset,</strong></span> <span class='ocrx_word' id='word_1_155' title='bbox 758 1181 850 1233; x_wconf 88' lang='lat' dir='ltr'><strong>nisi,</strong></span> <span class='ocrx_word' id='word_1_156' title='bbox 871 1196 969 1222; x_wconf 92' lang='lat' dir='ltr'><strong>cum</strong></span> <span class='ocrx_word' id='word_1_157' title='bbox 991 1181 1098 1222; x_wconf 89' lang='lat' dir='ltr'><strong>inter</strong></span> <span class='ocrx_word' id='word_1_158' title='bbox 1119 1180 1310 1221; x_wconf 84' lang='lat' dir='ltr'><strong>homines</strong></span> <span class='ocrx_word' id='word_1_159' title='bbox 1331 1188 1457 1231; x_wconf 90' lang='lat' dir='ltr'><strong>esset,</strong></span> <span class='ocrx_word' id='word_1_160' title='bbox 1477 1185 1589 1221; x_wconf 72' lang='lat' dir='ltr'><strong>eam&#39;</strong></span> 
     </span>
     <span class='ocr_line' id='line_1_20' title="bbox 133 1236 1570 1294; baseline 0 -17"><span class='ocrx_word' id='word_1_161' title='bbox 133 1236 212 1278; x_wconf 88' lang='lat' dir='ltr'><strong>sibi</strong></span> <span class='ocrx_word' id='word_1_162' title='bbox 234 1238 340 1278; x_wconf 89' lang='lat' dir='ltr'><strong>viam</strong></span> <span class='ocrx_word' id='word_1_163' title='bbox 362 1239 620 1280; x_wconf 86' lang='lat' dir='ltr'><strong>munivisset.</strong></span> <span class='ocrx_word' id='word_1_164' title='bbox 678 1240 835 1279; x_wconf 86' lang='lat' dir='ltr'><strong>Vetera</strong></span> <span class='ocrx_word' id='word_1_165' title='bbox 847 1238 938 1294; x_wconf 89' lang='lat' dir='ltr'><strong>jam</strong></span> <span class='ocrx_word' id='word_1_166' title='bbox 968 1237 1062 1288; x_wconf 89' lang='lat' dir='ltr'><strong>ista,</strong></span> <span class='ocrx_word' id='word_1_167' title='bbox 1092 1245 1134 1278; x_wconf 90' lang='lat' dir='ltr'><strong>et</strong></span> <span class='ocrx_word' id='word_1_168' title='bbox 1155 1236 1358 1292; x_wconf 85' lang='lat' dir='ltr'><strong>religione</strong></span> <span class='ocrx_word' id='word_1_169' title='bbox 1379 1236 1570 1278; x_wconf 89' lang='lat' dir='ltr'><strong>omnium</strong></span> 
     </span>
     <span class='ocr_line' id='line_1_21' title="bbox 134 1293 1655 1349; baseline 0.001 -16"><span class='ocrx_word' id='word_1_170' title='bbox 134 1302 388 1335; x_wconf 88' lang='lat' dir='ltr'><strong>consecrata.</strong></span> <span class='ocrx_word' id='word_1_171' title='bbox 448 1295 566 1338; x_wconf 76' lang='lat' dir='ltr'><strong>Quid</strong></span> <span class='ocrx_word' id='word_1_172' title='bbox 598 1296 638 1336; x_wconf 89' lang='lat' dir='ltr'><strong>in</strong></span> <span class='ocrx_word' id='word_1_173' title='bbox 664 1295 742 1336; x_wconf 90' lang='lat' dir='ltr'><strong>hac</strong></span> <span class='ocrx_word' id='word_1_174' title='bbox 771 1294 986 1349; x_wconf 89' lang='lat' dir='ltr'><strong>republica</strong></span> <span class='ocrx_word' id='word_1_175' title='bbox 1015 1302 1094 1343; x_wconf 89' lang='lat' dir='ltr'><strong>tot,</strong></span> <span class='ocrx_word' id='word_1_176' title='bbox 1122 1302 1350 1349; x_wconf 87' lang='lat' dir='ltr'><strong>tantosque</strong></span> <span class='ocrx_word' id='word_1_177' title='bbox 1376 1294 1484 1334; x_wconf 90' lang='lat' dir='ltr'><strong>viros</strong></span> <span class='ocrx_word' id='word_1_178' title='bbox 1514 1293 1571 1334; x_wconf 93' lang='lat' dir='ltr'><strong>ob</strong></span> <span class='ocrx_word' id='word_1_179' title='bbox 1590 1293 1655 1342; x_wconf 85' lang='grc'><strong>15</strong></span> 
     </span>
     <span class='ocr_line' id='line_1_22' title="bbox 132 1349 1572 1406; baseline 0.001 -17"><span class='ocrx_word' id='word_1_180' title='bbox 132 1351 438 1405; x_wconf 89' lang='lat' dir='ltr'><strong>rempublicam</strong></span> <span class='ocrx_word' id='word_1_181' title='bbox 467 1352 723 1401; x_wconf 86' lang='lat' dir='ltr'><strong>interfectos,</strong></span> <span class='ocrx_word' id='word_1_182' title='bbox 748 1351 957 1406; x_wconf 84' lang='lat' dir='ltr'><strong>cogitasse</strong></span> <span class='ocrx_word' id='word_1_183' title='bbox 988 1351 1269 1391; x_wconf 85' lang='lat' dir='ltr'><strong>arbitramur?</strong></span> <span class='ocrx_word' id='word_1_184' title='bbox 1302 1349 1504 1390; x_wconf 90' lang='lat' dir='ltr'><strong>iisdemne</strong></span> <span class='ocrx_word' id='word_1_185' title='bbox 1523 1358 1572 1391; x_wconf 89' lang='lat' dir='ltr'><strong>ut</strong></span> 
     </span>
     <span class='ocr_line' id='line_1_23' title="bbox 134 1405 1570 1463; baseline 0.001 -17"><span class='ocrx_word' id='word_1_186' title='bbox 134 1405 283 1447; x_wconf 88' lang='lat' dir='ltr'><strong>finibus</strong></span> <span class='ocrx_word' id='word_1_187' title='bbox 305 1423 459 1449; x_wconf 88' lang='lat' dir='ltr'><strong>nomen</strong></span> <span class='ocrx_word' id='word_1_188' title='bbox 481 1423 621 1459; x_wconf 90' lang='lat' dir='ltr'><strong>suurn,</strong></span> <span class='ocrx_word' id='word_1_189' title='bbox 644 1407 799 1463; x_wconf 89' lang='lat' dir='ltr'><strong>quibus</strong></span> <span class='ocrx_word' id='word_1_190' title='bbox 822 1407 918 1457; x_wconf 84' lang='lat' dir='ltr'><strong>vita,</strong></span> <span class='ocrx_word' id='word_1_191' title='bbox 952 1407 1276 1448; x_wconf 86' lang='lat' dir='ltr'><strong>terminaretur?</strong></span> <span class='ocrx_word' id='word_1_192' title='bbox 1309 1407 1452 1447; x_wconf 83' lang='lat' dir='ltr'><strong>Nemo</strong></span> <span class='ocrx_word' id='word_1_193' title='bbox 1473 1421 1570 1447; x_wconf 87' lang='lat' dir='ltr'><strong>urn-</strong></span> 
     </span>
     <span class='ocr_line' id='line_1_24' title="bbox 131 1462 1570 1520; baseline 0.001 -18"><span class='ocrx_word' id='word_1_194' title='bbox 131 1476 257 1518; x_wconf 91' lang='lat' dir='ltr'><strong>quam</strong></span> <span class='ocrx_word' id='word_1_195' title='bbox 279 1463 368 1504; x_wconf 90' lang='lat' dir='ltr'><strong>sine</strong></span> <span class='ocrx_word' id='word_1_196' title='bbox 389 1478 543 1519; x_wconf 89' lang='lat' dir='ltr'><strong>magna</strong></span> <span class='ocrx_word' id='word_1_197' title='bbox 563 1479 634 1520; x_wconf 88' lang='lat' dir='ltr'><strong>spe</strong></span> <span class='ocrx_word' id='word_1_198' title='bbox 654 1463 981 1505; x_wconf 82' lang='lat' dir='ltr'><strong>immortalitatis</strong></span> <span class='ocrx_word' id='word_1_199' title='bbox 1003 1478 1045 1503; x_wconf 92' lang='lat' dir='ltr'><strong>se</strong></span> <span class='ocrx_word' id='word_1_200' title='bbox 1074 1478 1152 1518; x_wconf 90' lang='lat' dir='ltr'><strong>pro</strong></span> <span class='ocrx_word' id='word_1_201' title='bbox 1172 1464 1307 1518; x_wconf 84' lang='lat' dir='ltr'><strong>patria</strong></span> <span class='ocrx_word' id='word_1_202' title='bbox 1328 1463 1496 1504; x_wconf 86' lang='lat' dir='ltr'><strong>offerret</strong></span> <span class='ocrx_word' id='word_1_203' title='bbox 1516 1462 1570 1504; x_wconf 89' lang='lat' dir='ltr'><strong>ad</strong></span> 
     </span>
     <span class='ocr_line' id='line_1_25' title="bbox 130 1519 1628 1575; baseline 0.001 -16"><span class='ocrx_word' id='word_1_204' title='bbox 130 1526 328 1560; x_wconf 91' lang='lat' dir='ltr'><strong>mortem.</strong></span> <span class='ocrx_word' id='word_1_205' title='bbox 369 1520 511 1561; x_wconf 85' lang='lat' dir='ltr'><strong>Licuit</strong></span> <span class='ocrx_word' id='word_1_206' title='bbox 526 1535 616 1561; x_wconf 91' lang='lat' dir='ltr'><strong>esse</strong></span> <span class='ocrx_word' id='word_1_207' title='bbox 637 1520 776 1561; x_wconf 91' lang='lat' dir='ltr'><strong>otioso</strong></span> <span class='ocrx_word' id='word_1_208' title='bbox 794 1520 1087 1570; x_wconf 80' lang='lat' dir='ltr'><strong>Themistocli,</strong></span> <span class='ocrx_word' id='word_1_209' title='bbox 1107 1519 1227 1560; x_wconf 91' lang='lat' dir='ltr'><strong>licuit</strong></span> <span class='ocrx_word' id='word_1_210' title='bbox 1248 1519 1628 1575; x_wconf 85' lang='lat' dir='ltr'><strong>Epaminondae,33</strong></span> 
     </span>
     <span class='ocr_line' id='line_1_26' title="bbox 131 1574 1569 1633; baseline 0.001 -18"><span class='ocrx_word' id='word_1_211' title='bbox 131 1574 264 1626; x_wconf 90' lang='lat' dir='ltr'><strong>licuit,</strong></span> <span class='ocrx_word' id='word_1_212' title='bbox 300 1591 353 1617; x_wconf 92' lang='lat' dir='ltr'><strong>ne</strong></span> <span class='ocrx_word' id='word_1_213' title='bbox 385 1584 427 1618; x_wconf 88' lang='lat' dir='ltr'><strong>et</strong></span> <span class='ocrx_word' id='word_1_214' title='bbox 460 1586 599 1618; x_wconf 86' lang='lat' dir='ltr'><strong>vetera</strong></span> <span class='ocrx_word' id='word_1_215' title='bbox 631 1587 674 1618; x_wconf 93' lang='lat' dir='ltr'><strong>et</strong></span> <span class='ocrx_word' id='word_1_216' title='bbox 704 1586 876 1618; x_wconf 84' lang='lat' dir='ltr'><strong>externa</strong></span> <span class='ocrx_word' id='word_1_217' title='bbox 905 1591 1107 1633; x_wconf 89' lang='lat' dir='ltr'><strong>quaeram,</strong></span> <span class='ocrx_word' id='word_1_218' title='bbox 1141 1575 1273 1617; x_wconf 90' lang='lat' dir='ltr'><strong>mihi:</strong></span> <span class='ocrx_word' id='word_1_219' title='bbox 1318 1575 1389 1616; x_wconf 86' lang='lat' dir='ltr'><strong>sed</strong></span> <span class='ocrx_word' id='word_1_220' title='bbox 1425 1576 1569 1617; x_wconf 89' lang='lat' dir='ltr'><strong>nescio</strong></span> 
     </span>
     <span class='ocr_line' id='line_1_27' title="bbox 127 1632 1570 1689; baseline 0.002 -17"><span class='ocrx_word' id='word_1_221' title='bbox 127 1632 346 1688; x_wconf 89' lang='lat' dir='ltr'><strong>quomodo</strong></span> <span class='ocrx_word' id='word_1_222' title='bbox 376 1632 555 1675; x_wconf 87' lang='lat' dir='ltr'><strong>inhaeret</strong></span> <span class='ocrx_word' id='word_1_223' title='bbox 585 1634 627 1674; x_wconf 85' lang='lat' dir='ltr'><strong>in</strong></span> <span class='ocrx_word' id='word_1_224' title='bbox 659 1633 873 1674; x_wconf 88' lang='lat' dir='ltr'><strong>mentibus</strong></span> <span class='ocrx_word' id='word_1_225' title='bbox 910 1632 1030 1689; x_wconf 89' lang='lat' dir='ltr'><strong>quasi</strong></span> <span class='ocrx_word' id='word_1_226' title='bbox 1066 1632 1319 1674; x_wconf 89' lang='lat' dir='ltr'><strong>saeculorum</strong></span> <span class='ocrx_word' id='word_1_227' title='bbox 1355 1632 1570 1688; x_wconf 84' lang='lat' dir='ltr'><strong>quoddam</strong></span> 
     </span>
     <span class='ocr_line' id='line_1_28' title="bbox 127 1689 1569 1746; baseline 0 -17"><span class='ocrx_word' id='word_1_228' title='bbox 127 1689 354 1744; x_wconf 89' lang='lat' dir='ltr'><strong>augurium</strong></span> <span class='ocrx_word' id='word_1_229' title='bbox 376 1691 617 1732; x_wconf 82' lang='lat' dir='ltr'><strong>futurorum</strong></span> <span class='ocrx_word' id='word_1_230' title='bbox 635 1707 643 1731; x_wconf 92' lang='lat'>:</span> <span class='ocrx_word' id='word_1_231' title='bbox 675 1690 803 1746; x_wconf 90' lang='lat' dir='ltr'><strong>idque</strong></span> <span class='ocrx_word' id='word_1_232' title='bbox 827 1690 870 1731; x_wconf 90' lang='lat' dir='ltr'><strong>in</strong></span> <span class='ocrx_word' id='word_1_233' title='bbox 903 1689 1096 1731; x_wconf 84' lang='lat' dir='ltr'><strong>maximis</strong></span> <span class='ocrx_word' id='word_1_234' title='bbox 1118 1689 1312 1746; x_wconf 89' lang='lat' dir='ltr'><strong>ingeniis,</strong></span> <span class='ocrx_word' id='word_1_235' title='bbox 1334 1689 1569 1730; x_wconf 85' lang='lat' dir='ltr'><strong>altissimis-</strong></span> 
     </span>
     <span class='ocr_line' id='line_1_29' title="bbox 128 1746 1568 1842; baseline 0.001 -56"><span class='ocrx_word' id='word_1_236' title='bbox 128 1759 210 1842; x_wconf 53' lang='lat' dir='ltr'><strong>que</strong></span> <span class='ocrx_word' id='word_1_237' title='bbox 232 1746 380 1789; x_wconf 89' lang='lat' dir='ltr'><strong>animis</strong></span> <span class='ocrx_word' id='word_1_238' title='bbox 400 1757 443 1789; x_wconf 90' lang='lat' dir='ltr'><strong>et</strong></span> <span class='ocrx_word' id='word_1_239' title='bbox 463 1747 604 1788; x_wconf 85' lang='lat' dir='ltr'><strong>existit</strong></span> <span class='ocrx_word' id='word_1_240' title='bbox 624 1747 821 1798; x_wconf 82' lang='lat' dir='ltr'><strong>maxime,</strong></span> <span class='ocrx_word' id='word_1_241' title='bbox 852 1755 894 1788; x_wconf 87' lang='lat' dir='ltr'><strong>et</strong></span> <span class='ocrx_word' id='word_1_242' title='bbox 923 1755 1097 1802; x_wconf 86' lang='lat' dir='ltr'><strong>apparet</strong></span> <span class='ocrx_word' id='word_1_243' title='bbox 1126 1746 1340 1788; x_wconf 88' lang='lat' dir='ltr'><strong>facillime.</strong></span> <span class='ocrx_word' id='word_1_244' title='bbox 1366 1760 1452 1802; x_wconf 91' lang='lat' dir='ltr'><strong>quo</strong></span> <span class='ocrx_word' id='word_1_245' title='bbox 1474 1746 1568 1802; x_wconf 90' lang='lat' dir='ltr'><strong>qui-</strong></span> 
     </span>
    </p>

    <p class='ocr_par' dir='ltr' id='par_1_4' title="bbox 128 1802 1629 1973">
     <span class='ocr_line' id='line_1_30' title="bbox 158 1802 1566 1860; baseline 0.001 -18"><span class='ocrx_word' id='word_1_246' title='bbox 158 1816 225 1842; x_wconf 87' lang='lat' dir='ltr'><strong>em</strong></span> <span class='ocrx_word' id='word_1_247' title='bbox 247 1802 408 1855; x_wconf 87' lang='lat' dir='ltr'><strong>demto,</strong></span> <span class='ocrx_word' id='word_1_248' title='bbox 425 1804 518 1860; x_wconf 90' lang='lat' dir='ltr'><strong>quis</strong></span> <span class='ocrx_word' id='word_1_249' title='bbox 545 1813 631 1845; x_wconf 82' lang='lat' dir='ltr'><strong>tam</strong></span> <span class='ocrx_word' id='word_1_250' title='bbox 660 1812 770 1845; x_wconf 91' lang='lat' dir='ltr'><strong>esset</strong></span> <span class='ocrx_word' id='word_1_251' title='bbox 798 1818 957 1853; x_wconf 85' lang='lat' dir='ltr'><strong>amens,</strong></span> <span class='ocrx_word' id='word_1_252' title='bbox 987 1804 1059 1859; x_wconf 92' lang='lat' dir='ltr'><strong>qui</strong></span> <span class='ocrx_word' id='word_1_253' title='bbox 1087 1818 1251 1860; x_wconf 90' lang='lat' dir='ltr'><strong>semper</strong></span> <span class='ocrx_word' id='word_1_254' title='bbox 1272 1804 1312 1844; x_wconf 91' lang='lat' dir='ltr'><strong>in</strong></span> <span class='ocrx_word' id='word_1_255' title='bbox 1334 1803 1566 1853; x_wconf 87' lang='lat' dir='ltr'><strong>laboribus,</strong></span> 
     </span>
     <span class='ocr_line' id='line_1_31' title="bbox 128 1859 1629 1916; baseline 0.002 -18"><span class='ocrx_word' id='word_1_256' title='bbox 128 1866 171 1898; x_wconf 89' lang='lat' dir='ltr'><strong>et</strong></span> <span class='ocrx_word' id='word_1_257' title='bbox 200 1859 396 1914; x_wconf 88' lang='lat' dir='ltr'><strong>periculis</strong></span> <span class='ocrx_word' id='word_1_258' title='bbox 428 1860 612 1902; x_wconf 89' lang='lat' dir='ltr'><strong>viveret?</strong></span> <span class='ocrx_word' id='word_1_259' title='bbox 644 1860 798 1916; x_wconf 91' lang='lat' dir='ltr'><strong>loquor</strong></span> <span class='ocrx_word' id='word_1_260' title='bbox 830 1860 882 1901; x_wconf 89' lang='lat' dir='ltr'><strong>de</strong></span> <span class='ocrx_word' id='word_1_261' title='bbox 916 1860 1190 1916; x_wconf 87' lang='lat' dir='ltr'><strong>principibus.</strong></span> <span class='ocrx_word' id='word_1_262' title='bbox 1249 1859 1366 1916; x_wconf 68' lang='lat' dir='ltr'><strong>Quid</strong></span> <span class='ocrx_word' id='word_1_263' title='bbox 1396 1861 1629 1914; x_wconf 72' lang='lat' dir='ltr'><strong>poetae?34</strong></span> 
     </span>
     <span class='ocr_line' id='line_1_32' title="bbox 129 1916 1439 1973; baseline 0.002 -17"><span class='ocrx_word' id='word_1_264' title='bbox 129 1928 268 1957; x_wconf 88' lang='lat' dir='ltr'><strong>nonne</strong></span> <span class='ocrx_word' id='word_1_265' title='bbox 286 1927 386 1972; x_wconf 86' lang='lat' dir='ltr'><strong>post</strong></span> <span class='ocrx_word' id='word_1_266' title='bbox 405 1926 587 1958; x_wconf 91' lang='lat' dir='ltr'><strong>mortem</strong></span> <span class='ocrx_word' id='word_1_267' title='bbox 608 1917 820 1959; x_wconf 90' lang='lat' dir='ltr'><strong>nobilitari</strong></span> <span class='ocrx_word' id='word_1_268' title='bbox 840 1918 986 1959; x_wconf 82' lang='lat' dir='ltr'><strong>volunt</strong></span> <span class='ocrx_word' id='word_1_269' title='bbox 1003 1919 1016 1958; x_wconf 88' lang='lat'>?</span> <span class='ocrx_word' id='word_1_270' title='bbox 1049 1917 1161 1958; x_wconf 90' lang='lat' dir='ltr'><strong>unde</strong></span> <span class='ocrx_word' id='word_1_271' title='bbox 1181 1931 1284 1973; x_wconf 89' lang='lat' dir='ltr'><strong>ergo</strong></span> <span class='ocrx_word' id='word_1_272' title='bbox 1303 1916 1439 1959; x_wconf 87' lang='lat' dir='ltr'><strong>illud?</strong></span> 
     </span>
    </p>
   </div>
   <div class='ocr_carea' id='block_1_3' title="bbox 234 2007 1124 2112">
    <p class='ocr_par' dir='ltr' id='par_1_5' title="bbox 234 2007 1124 2112">
     <span class='ocr_line' id='line_1_33' title="bbox 234 2007 1124 2058; baseline 0.003 -15"><span class='ocrx_word' id='word_1_273' title='bbox 234 2007 409 2057; x_wconf 80' lang='lat' dir='ltr'><strong>Adspicitc</strong></span> <span class='ocrx_word' id='word_1_274' title='bbox 427 2023 444 2044; x_wconf 88' lang='lat'><em>0</em></span> <span class='ocrx_word' id='word_1_275' title='bbox 463 2009 553 2045; x_wconf 68' lang='lat' dir='ltr'><strong>cives</strong></span> <span class='ocrx_word' id='word_1_276' title='bbox 573 2009 657 2045; x_wconf 60' lang='lat' dir='ltr'><strong>senis</strong></span> <span class='ocrx_word' id='word_1_277' title='bbox 677 2009 781 2045; x_wconf 84' lang='lat' dir='ltr'><strong>Ennii</strong></span> <span class='ocrx_word' id='word_1_278' title='bbox 798 2008 1124 2058; x_wconf 73' lang='lat' dir='ltr'><strong>imagini&#39;formam.</strong></span> 
     </span>
     <span class='ocr_line' id='line_1_34' title="bbox 286 2061 1086 2112; baseline 0 -14"><span class='ocrx_word' id='word_1_279' title='bbox 286 2061 357 2098; x_wconf 73' lang='lat' dir='ltr'><strong>Hic</strong></span> <span class='ocrx_word' id='word_1_280' title='bbox 372 2071 522 2098; x_wconf 81' lang='lat' dir='ltr'><strong>vestrum</strong></span> <span class='ocrx_word' id='word_1_281' title='bbox 535 2062 645 2112; x_wconf 80' lang='lat' dir='ltr'><strong>pinxit</strong></span> <span class='ocrx_word' id='word_1_282' title='bbox 659 2062 806 2098; x_wconf 75' lang='lat' dir='ltr'><strong>maxima</strong></span> <span class='ocrx_word' id='word_1_283' title='bbox 811 2062 918 2109; x_wconf 79' lang='lat' dir='ltr'><strong>facta</strong></span> <span class='ocrx_word' id='word_1_284' title='bbox 935 2072 1086 2112; x_wconf 81' lang='lat' dir='ltr'><strong>patrum.</strong></span> 
     </span>
    </p>
   </div>
   <div class='ocr_carea' id='block_1_4' title="bbox 123 2135 1589 2250">
    <p class='ocr_par' dir='ltr' id='par_1_6' title="bbox 123 2135 1589 2250">
     <span class='ocr_line' id='line_1_35' title="bbox 129 2135 1589 2196; baseline 0.003 -19"><span class='ocrx_word' id='word_1_285' title='bbox 129 2135 375 2177; x_wconf 87' lang='lat' dir='ltr'><strong>Mercedem</strong></span> <span class='ocrx_word' id='word_1_286' title='bbox 413 2137 563 2194; x_wconf 83' lang='lat' dir='ltr'><strong>gloriae</strong></span> <span class='ocrx_word' id='word_1_287' title='bbox 598 2139 762 2194; x_wconf 84' lang='lat' dir='ltr'><strong>flagitat</strong></span> <span class='ocrx_word' id='word_1_288' title='bbox 796 2139 849 2179; x_wconf 85' lang='lat' dir='ltr'><strong>ab</strong></span> <span class='ocrx_word' id='word_1_289' title='bbox 887 2139 951 2190; x_wconf 88' lang='lat' dir='ltr'><strong>iis,</strong></span> <span class='ocrx_word' id='word_1_290' title='bbox 981 2154 1161 2195; x_wconf 88' lang='lat' dir='ltr'><strong>quorum</strong></span> <span class='ocrx_word' id='word_1_291' title='bbox 1193 2148 1333 2196; x_wconf 87' lang='lat' dir='ltr'><strong>patres</strong></span> <span class='ocrx_word' id='word_1_292' title='bbox 1368 2139 1589 2181; x_wconf 57' lang='lat' dir='ltr'><strong>affecerat!</strong></span> 
     </span>
     <span class='ocr_line' id='line_1_36' title="bbox 123 2192 505 2250; baseline 0.005 -16"><span class='ocrx_word' id='word_1_293' title='bbox 123 2192 275 2250; x_wconf 87' lang='lat' dir='ltr'><strong>gloria,</strong></span> <span class='ocrx_word' id='word_1_294' title='bbox 294 2193 505 2250; x_wconf 90' lang='lat' dir='ltr'><strong>idemque,</strong></span> 
     </span>
    </p>
   </div>
   <div class='ocr_carea' id='block_1_5' title="bbox 232 2284 1062 2390">
    <p class='ocr_par' dir='ltr' id='par_1_7' title="bbox 232 2284 1062 2390">
     <span class='ocr_line' id='line_1_37' title="bbox 232 2284 1055 2335; baseline 0.002 -15"><span class='ocrx_word' id='word_1_295' title='bbox 232 2284 338 2321; x_wconf 81' lang='lat' dir='ltr'><strong>Nemo</strong></span> <span class='ocrx_word' id='word_1_296' title='bbox 358 2298 407 2321; x_wconf 81' lang='lat' dir='ltr'><strong>me</strong></span> <span class='ocrx_word' id='word_1_297' title='bbox 426 2285 580 2334; x_wconf 71' lang='lat' dir='ltr'><strong>lacrymis</strong></span> <span class='ocrx_word' id='word_1_298' title='bbox 600 2284 738 2330; x_wconf 78' lang='lat' dir='ltr'><strong>decoret,</strong></span> <span class='ocrx_word' id='word_1_299' title='bbox 759 2299 815 2323; x_wconf 85' lang='lat' dir='ltr'><strong>nec</strong></span> <span class='ocrx_word' id='word_1_300' title='bbox 822 2286 955 2335; x_wconf 75' lang='lat' dir='ltr'><strong>funera</strong></span> <span class='ocrx_word' id='word_1_301' title='bbox 962 2286 1055 2332; x_wconf 80' lang='lat' dir='ltr'><strong>fletu</strong></span> 
     </span>
     <span class='ocr_line' id='line_1_38' title="bbox 283 2336 1062 2390; baseline 0.001 -16"><span class='ocrx_word' id='word_1_302' title='bbox 283 2338 399 2375; x_wconf 84' lang='lat' dir='ltr'><strong>Faxit.</strong></span> <span class='ocrx_word' id='word_1_303' title='bbox 417 2352 478 2375; x_wconf 79' lang='lat' dir='ltr'><strong>cur</strong></span> <span class='ocrx_word' id='word_1_304' title='bbox 494 2342 514 2374; x_wconf 67' lang='grc' dir='ltr'><em>Ρ</em></span> <span class='ocrx_word' id='word_1_305' title='bbox 544 2339 648 2376; x_wconf 75' lang='lat' dir='ltr'><strong>volito</strong></span> <span class='ocrx_word' id='word_1_306' title='bbox 665 2336 764 2376; x_wconf 75' lang='lat' dir='ltr'><strong>vivu&#39;</strong></span> <span class='ocrx_word' id='word_1_307' title='bbox 779 2350 840 2390; x_wconf 82' lang='lat' dir='ltr'><strong>per</strong></span> <span class='ocrx_word' id='word_1_308' title='bbox 859 2353 917 2376; x_wconf 83' lang='lat' dir='ltr'><strong>ora</strong></span> <span class='ocrx_word' id='word_1_309' title='bbox 935 2339 1062 2376; x_wconf 69' lang='lat' dir='ltr'><strong>virzlm.</strong></span> 
     </span>
    </p>
   </div>
   <div class='ocr_carea' id='block_1_6' title="bbox 123 2409 1561 2583">
    <p class='ocr_par' dir='ltr' id='par_1_8' title="bbox 123 2409 1561 2583">
     <span class='ocr_line' id='line_1_39' title="bbox 124 2409 1559 2469; baseline 0.001 -18"><span class='ocrx_word' id='word_1_310' title='bbox 124 2409 208 2452; x_wconf 77' lang='lat' dir='ltr'><strong>Sed</strong></span> <span class='ocrx_word' id='word_1_311' title='bbox 245 2411 348 2467; x_wconf 91' lang='lat' dir='ltr'><strong>quid</strong></span> <span class='ocrx_word' id='word_1_312' title='bbox 381 2414 563 2468; x_wconf 72' lang='lat' dir='ltr'><strong>poetas?</strong></span> <span class='ocrx_word' id='word_1_313' title='bbox 596 2413 767 2469; x_wconf 86' lang='lat' dir='ltr'><strong>opifices</strong></span> <span class='ocrx_word' id='word_1_314' title='bbox 801 2422 898 2469; x_wconf 89' lang='lat' dir='ltr'><strong>post</strong></span> <span class='ocrx_word' id='word_1_315' title='bbox 931 2421 1112 2455; x_wconf 87' lang='lat' dir='ltr'><strong>mortem</strong></span> <span class='ocrx_word' id='word_1_316' title='bbox 1148 2411 1362 2454; x_wconf 88' lang='lat' dir='ltr'><strong>nobilitari</strong></span> <span class='ocrx_word' id='word_1_317' title='bbox 1396 2411 1559 2454; x_wconf 87' lang='lat' dir='ltr'><strong>volunt.</strong></span> 
     </span>
     <span class='ocr_line' id='line_1_40' title="bbox 125 2466 1560 2526; baseline 0.002 -18"><span class='ocrx_word' id='word_1_318' title='bbox 125 2466 227 2522; x_wconf 84' lang='lat' dir='ltr'><strong>quid</strong></span> <span class='ocrx_word' id='word_1_319' title='bbox 255 2468 367 2510; x_wconf 87' lang='lat' dir='ltr'><strong>enim</strong></span> <span class='ocrx_word' id='word_1_320' title='bbox 399 2468 565 2510; x_wconf 89' lang='lat' dir='ltr'><strong>Phidias</strong></span> <span class='ocrx_word' id='word_1_321' title='bbox 602 2470 666 2511; x_wconf 89' lang='lat' dir='ltr'><strong>sui</strong></span> <span class='ocrx_word' id='word_1_322' title='bbox 699 2469 880 2511; x_wconf 89' lang='lat' dir='ltr'><strong>similem</strong></span> <span class='ocrx_word' id='word_1_323' title='bbox 917 2469 1099 2525; x_wconf 90' lang='lat' dir='ltr'><strong>speciem</strong></span> <span class='ocrx_word' id='word_1_324' title='bbox 1130 2469 1301 2511; x_wconf 86' lang='lat' dir='ltr'><strong>inclusit</strong></span> <span class='ocrx_word' id='word_1_325' title='bbox 1334 2468 1377 2510; x_wconf 90' lang='lat' dir='ltr'><strong>in</strong></span> <span class='ocrx_word' id='word_1_326' title='bbox 1407 2469 1560 2526; x_wconf 91' lang='lat' dir='ltr'><strong>clypeo</strong></span> 
     </span>
     <span class='ocr_line' id='line_1_41' title="bbox 123 2523 1561 2583; baseline 0.001 -18"><span class='ocrx_word' id='word_1_327' title='bbox 123 2523 342 2577; x_wconf 87' lang='lat' dir='ltr'><strong>Minervae,</strong></span> <span class='ocrx_word' id='word_1_328' title='bbox 366 2534 405 2560; x_wconf 86' lang='lat'><strong>⁵9</strong></span> <span class='ocrx_word' id='word_1_329' title='bbox 419 2540 517 2567; x_wconf 91' lang='lat' dir='ltr'><strong>cum</strong></span> <span class='ocrx_word' id='word_1_330' title='bbox 538 2526 762 2568; x_wconf 89' lang='lat' dir='ltr'><strong>inscribere</strong></span> <span class='ocrx_word' id='word_1_331' title='bbox 780 2541 866 2568; x_wconf 90' lang='lat' dir='ltr'><strong>non</strong></span> <span class='ocrx_word' id='word_1_332' title='bbox 890 2526 1061 2568; x_wconf 85' lang='lat' dir='ltr'><strong>liceret?</strong></span> <span class='ocrx_word' id='word_1_333' title='bbox 1095 2525 1198 2583; x_wconf 91' lang='lat' dir='ltr'><strong>quid</strong></span> <span class='ocrx_word' id='word_1_334' title='bbox 1219 2526 1351 2568; x_wconf 87' lang='lat' dir='ltr'><strong>nostri</strong></span> <span class='ocrx_word' id='word_1_335' title='bbox 1371 2525 1561 2582; x_wconf 85' lang='lat' dir='ltr'><strong>philoso-</strong></span> 
     </span>
    </p>
   </div>
   <div class='ocr_carea' id='block_1_7' title="bbox 128 2668 1560 2754">
    <p class='ocr_par' dir='ltr' id='par_1_9' title="bbox 128 2668 1560 2754">
     <span class='ocr_line' id='line_1_42' title="bbox 166 2668 1560 2711; baseline 0.003 -12"><span class='ocrx_word' id='word_1_336' title='bbox 166 2675 202 2705; x_wconf 73' lang='grc'><strong>57</strong></span> <span class='ocrx_word' id='word_1_337' title='bbox 229 2670 442 2711; x_wconf 82' lang='lat' dir='ltr'><strong>quae—-futura</strong></span> <span class='ocrx_word' id='word_1_338' title='bbox 457 2668 529 2711; x_wconf 80' lang='lat' dir='ltr'><strong>sint]</strong></span> <span class='ocrx_word' id='word_1_339' title='bbox 545 2671 622 2702; x_wconf 89' lang='lat' dir='ltr'><strong>Edd.</strong></span> <span class='ocrx_word' id='word_1_340' title='bbox 634 2671 650 2700; x_wconf 91' lang='lat' dir='ltr'>J</span> <span class='ocrx_word' id='word_1_341' title='bbox 655 2677 742 2701; x_wconf 86' lang='lat' dir='ltr'><strong>untae</strong></span> <span class='ocrx_word' id='word_1_342' title='bbox 759 2672 817 2700; x_wconf 74' lang='grc' dir='ltr'><strong>δίς.</strong></span> <span class='ocrx_word' id='word_1_343' title='bbox 908 2678 946 2703; x_wconf 85' lang='grc'><strong>59</strong></span> <span class='ocrx_word' id='word_1_344' title='bbox 969 2681 1032 2700; x_wconf 86' lang='lat' dir='ltr'><strong>cum</strong></span> <span class='ocrx_word' id='word_1_345' title='bbox 1047 2670 1199 2701; x_wconf 78' lang='lat' dir='ltr'><strong>inscribere</strong></span> <span class='ocrx_word' id='word_1_346' title='bbox 1213 2682 1266 2701; x_wconf 86' lang='lat' dir='ltr'><strong>non</strong></span> <span class='ocrx_word' id='word_1_347' title='bbox 1279 2668 1392 2711; x_wconf 78' lang='lat' dir='ltr'><strong>liceret]</strong></span> <span class='ocrx_word' id='word_1_348' title='bbox 1409 2672 1560 2703; x_wconf 84' lang='lat' dir='ltr'><strong>Videatur</strong></span> 
     </span>
     <span class='ocr_line' id='line_1_43' title="bbox 128 2713 1559 2754; baseline 0.005 -15"><span class='ocrx_word' id='word_1_349' title='bbox 128 2717 201 2741; x_wconf 59' lang='lat' dir='ltr'><strong>mnf.</strong></span> <span class='ocrx_word' id='word_1_350' title='bbox 218 2713 295 2742; x_wconf 78' lang='lat' dir='ltr'><strong>forte</strong></span> <span class='ocrx_word' id='word_1_351' title='bbox 308 2713 434 2743; x_wconf 84' lang='lat' dir='ltr'><strong>rectius.</strong></span> <span class='ocrx_word' id='word_1_352' title='bbox 861 2713 1013 2744; x_wconf 83' lang='lat' dir='ltr'><strong>excidisse</strong></span> <span class='ocrx_word' id='word_1_353' title='bbox 1043 2725 1140 2744; x_wconf 81' lang='lat' dir='ltr'><strong>nomen</strong></span> <span class='ocrx_word' id='word_1_354' title='bbox 1174 2721 1247 2745; x_wconf 83' lang='lat' dir='ltr'><strong>ante</strong></span> <span class='ocrx_word' id='word_1_355' title='bbox 1277 2725 1341 2744; x_wconf 81' lang='lat' dir='ltr'><strong>non.</strong></span> <span class='ocrx_word' id='word_1_356' title='bbox 1378 2715 1511 2754; x_wconf 82' lang='lat' dir='ltr'><strong>intelligi</strong></span> <span class='ocrx_word' id='word_1_357' title='bbox 1540 2725 1559 2746; x_wconf 91' lang='lat' dir='ltr'><strong>e</strong></span> 
     </span>
    </p>
   </div>
   <div class='ocr_carea' id='block_1_8' title="bbox 124 2754 1556 2934">
    <p class='ocr_par' dir='ltr' id='par_1_10' title="bbox 124 2754 1556 2882">
     <span class='ocr_line' id='line_1_44' title="bbox 140 2754 1556 2797; baseline 0.003 -13"><span class='ocrx_word' id='word_1_358' title='bbox 140 2768 142 2770; x_wconf 97' lang='lat'>·</span> <span class='ocrx_word' id='word_1_359' title='bbox 168 2760 206 2784; x_wconf 72' lang='lat'><strong>58</strong></span> <span class='ocrx_word' id='word_1_360' title='bbox 229 2754 367 2793; x_wconf 75' lang='lat' dir='ltr'><strong>specimen</strong></span> <span class='ocrx_word' id='word_1_361' title='bbox 392 2767 421 2786; x_wconf 87' lang='lat' dir='ltr'><strong>n.</strong></span> <span class='ocrx_word' id='word_1_362' title='bbox 444 2756 509 2795; x_wconf 78' lang='lat' dir='ltr'><strong>capi</strong></span> <span class='ocrx_word' id='word_1_363' title='bbox 529 2755 645 2797; x_wconf 80' lang='lat' dir='ltr'><strong>debeat]</strong></span> <span class='ocrx_word' id='word_1_364' title='bbox 675 2757 727 2786; x_wconf 92' lang='lat' dir='ltr'><strong>Sic</strong></span> <span class='ocrx_word' id='word_1_365' title='bbox 752 2766 819 2787; x_wconf 86' lang='lat' dir='ltr'><strong>cor·</strong></span> <span class='ocrx_word' id='word_1_366' title='bbox 860 2757 956 2787; x_wconf 89' lang='lat' dir='ltr'><strong>verbo</strong></span> <span class='ocrx_word' id='word_1_367' title='bbox 972 2756 1124 2787; x_wconf 81' lang='lat' dir='ltr'><strong>inscribere</strong></span> <span class='ocrx_word' id='word_1_368' title='bbox 1140 2764 1251 2797; x_wconf 82' lang='lat' dir='ltr'><strong>potest.</strong></span> <span class='ocrx_word' id='word_1_369' title='bbox 1268 2757 1347 2788; x_wconf 85' lang='lat' dir='ltr'><strong>illud</strong></span> <span class='ocrx_word' id='word_1_370' title='bbox 1363 2763 1472 2788; x_wconf 84' lang='lat' dir='ltr'><strong>tamen</strong></span> <span class='ocrx_word' id='word_1_371' title='bbox 1489 2767 1556 2788; x_wconf 87' lang='lat' dir='ltr'><strong>me·</strong></span> 
     </span>
     <span class='ocr_line' id='line_1_45' title="bbox 124 2797 1431 2836; baseline 0.005 -11"><span class='ocrx_word' id='word_1_372' title='bbox 124 2797 368 2836; x_wconf 83' lang='lat' dir='ltr'><strong>texivulgatum</strong></span> <span class='ocrx_word' id='word_1_373' title='bbox 389 2799 499 2835; x_wconf 72' lang='lat' dir='ltr'><strong>deceat,</strong></span> <span class='ocrx_word' id='word_1_374' title='bbox 523 2809 599 2830; x_wconf 89' lang='lat' dir='ltr'><strong>cum</strong></span> <span class='ocrx_word' id='word_1_375' title='bbox 616 2800 773 2831; x_wconf 87' lang='lat' dir='ltr'><strong>Lambino</strong></span> <span class='ocrx_word' id='word_1_376' title='bbox 788 2806 820 2830; x_wconf 88' lang='lat' dir='ltr'><strong>et</strong></span> <span class='ocrx_word' id='word_1_377' title='bbox 860 2799 922 2830; x_wconf 87' lang='lat' dir='ltr'><strong>lius</strong></span> <span class='ocrx_word' id='word_1_378' title='bbox 937 2800 1072 2830; x_wconf 85' lang='lat' dir='ltr'><strong>videtur.</strong></span> <span class='ocrx_word' id='word_1_379' title='bbox 1428 2821 1431 2823; x_wconf 24' lang='grc' dir='ltr'><strong>Δ</strong></span> 
     </span>
     <span class='ocr_line' id='line_1_46' title="bbox 125 2838 528 2882; baseline 0.012 -14"><span class='ocrx_word' id='word_1_380' title='bbox 125 2838 266 2877; x_wconf 85' lang='lat' dir='ltr'><strong>Davisio‚</strong></span> <span class='ocrx_word' id='word_1_381' title='bbox 281 2847 318 2870; x_wconf 91' lang='lat' dir='ltr'><strong>ut</strong></span> <span class='ocrx_word' id='word_1_382' title='bbox 332 2840 406 2872; x_wconf 84' lang='lat' dir='ltr'><strong>alibi</strong></span> <span class='ocrx_word' id='word_1_383' title='bbox 421 2851 528 2882; x_wconf 85' lang='lat' dir='ltr'><strong>supra.</strong></span> 
     </span>
    </p>

    <p class='ocr_par' dir='ltr' id='par_1_11' title="bbox 876 2895 953 2934">
     <span class='ocr_line' id='line_1_47' title="bbox 876 2895 953 2934; baseline 0 0"><span class='ocrx_word' id='word_1_384' title='bbox 876 2896 905 2923; x_wconf 76' lang='lat' dir='ltr'>R</span> <span class='ocrx_word' id='word_1_385' title='bbox 924 2895 953 2934; x_wconf 87' lang='lat'>4</span> 
     </span>
    </p>
   </div>
  </div>
 </body>
</html>
