1778 3095
594 39 777 79 LIBER
810 35 1151 75 SECUNDUS.
1511 37 1585 79 291

212 150 246 187 O
260 150 430 195 Patrocle,
449 149 607 198 (inquit)
628 146 680 183 ad
694 160 754 182 «vos
772 145 969 188 adveniens,
987 143 1157 179 auxilium
1172 151 1203 178 et
1217 150 1351 178 vestras
1370 154 1488 178 manus
1500 150 1588 191 peto,

209 208 249 234 ⁶2
267 205 470 255 Priusquam
488 211 636 252 oppetam
654 201 780 236 malam
792 208 930 249 pestem,
950 196 1148 234 mandatam
1168 194 1279 232 hostili
1296 207 1399 231 manu
1416 211 1427 230 .-

209 258 328 307 Neque
345 256 486 305 sanguis
505 254 571 290 ullo
583 254 669 304 potis
687 262 737 289 est
751 262 850 303 pacto
862 251 1030 302 prcy‘luens
1048 250 1220 285 consistere
1234 264 1246 284 .-

210 311 250 348 δι’
267 324 336 361 qua
352 308 516 359 sapientia
535 308 645 356 magis
664 314 782 343 vestra
801 305 950 342 devitari
970 317 1054 340 mors
1069 309 1186 353 potest.

208 365 366 413 Namque
384 360 562 411 AEsclapz'i
581 360 758 397 liberorum
775 359 882 396 saracii
900 358 1028 409 opplent
1038 356 1187 407 porticus
1205 370 1217 390 .-

208 418 287 454 Non
297 424 403 466 potest
424 414 548 451 accedi.

159 489 286 530 Certe
313 486 558 542 Eurypylus
588 484 657 527 hic
686 485 857 541 quidem
887 492 965 525 est.
996 482 1214 523 hominem
1237 485 1275 512 63
1292 478 1564 520 exercitatum
1585 478 1591 518 !
1612 479 1672 532 17

156 545 230 586 ubi
263 552 426 584 tantum
458 544 597 584 luctus
633 542 933 583 continuatur?
970 539 1096 590 Vide,
1129 552 1255 594 quam
1287 551 1371 576 non
1401 535 1657 593 flebiliter39

154 599 430 696 resplondeat:
470 599 675 640 rationem
702 599 830 640 etiam
850 598 1008 648 afferat,
1029 611 1105 637 cur
1125 609 1249 652 aequo
1269 593 1412 634 animo
1433 593 1513 634 sibi
1533 593 1596 633 fe-

150 671 224 698 ren
257 671 330 697 um
350 664 404 697 slt

311 757 365 764 —
381 736 439 787 qui
457 736 557 773 alteri
573 736 711 773 exitium
724 742 845 786 parat,

206 790 298 827 Eum
316 790 399 826 scire
416 798 537 840 oportet
556 795 596 820 64
611 789 676 826 sibi
687 796 852 840 paratam
865 796 1005 839 pestem,
1023 796 1061 824 ut
1073 785 1255 837 participet
1268 794 1401 836 parem.

152 863 354 905 Abducet
375 862 603 914 Patrocles,
623 862 764 913 credo,
785 870 833 903 ut
850 861 1034 902 collocet
1054 861 1095 901 in
1116 859 1260 909 cubili,
1281 867 1329 899 ut
1348 857 1498 899 vulnus
1519 856 1595 898 ob—

153 920 274 976 liget,
301 927 339 952 65
358 921 392 961 si
423 919 595 976 quidem
626 920 757 960 homo
787 928 913 960 esset.
945 924 985 949 66
1007 917 1115 972 [sed]
1151 915 1256 957 nihil
1291 915 1409 969 [vidi]
1442 915 1597 956 minus.

152 978 305 1033 quaerit
322 977 450 1028 enim,
469 976 570 1032 quid
589 985 731 1017 actum
753 977 817 1017 sit.

207 1056 370 1107 Eloquere
387 1072 394 1093 :
424 1069 478 1093 res
495 1055 673 1105 Argivdm
686 1055 808 1106 proelio
827 1061 866 1091 ut
886 1067 919 1090 se
938 1053 1092 1090 sustinet.

154 1130 315 1227 i⁷qun
344 1137 486 1185 potest
516 1129 643 1170 ecfari
671 1137 838 1169 tantum
869 1127 1007 1179 dictis,
1028 1133 1235 1183 quantum
1263 1124 1385 1166 factis
1416 1123 1601 1180 suppetit

171 1201 195 1227 a
227 1200 324 1227 orls.

207 1272 249 1297 68
269 1266 405 1316 Quiesce
423 1267 542 1316 igitur,
563 1275 595 1302 et
612 1265 740 1302 vulnus
760 1264 883 1315 alliga.
1610 1260 1641 1289 b.

155 1341 295 1383 Etiam
317 1340 351 1381 si
371 1339 619 1397 Eurypylus
640 1348 800 1396 posset,
821 1353 906 1380 non
925 1344 1067 1394 posset
1088 1336 1291 1392 AEsopus.

314 1453 368 1461 —-
381 1431 598 1479 ubifhrtuna
619 1430 773 1467 Hectoris

209 1487 374 1524 Nostram
394 1498 504 1522 acrem
524 1485 627 1521 aciem
644 1483 841 1520 inclinatam
854 1498 924 1518 .·-—

155 1580 198 1614 et
218 1578 358 1612 cetera
377 1569 559 1624 explicat
579 1568 622 1609 in
653 1567 813 1609 dolore.
845 1567 903 1608 sic
925 1574 988 1608 est
1009 1566 1120 1608 enim
1141 1566 1424 1622 intemperans
1444 1566 1600 1608 milita-=

155 1629 211 1670 ris
233 1628 276 1668 in
296 1627 395 1667 forti
413 1626 500 1666 viro
521 1625 671 1681 gloria.
702 1639 805 1680 ergo
827 1623 919 1664 haee
939 1633 1157 1665 veteranus
1178 1623 1299 1664 miles
1321 1624 1458 1664 facere
1478 1633 1600 1679 pote-

155 1686 211 1727 rit
232 1701 242 1726 ι
273 1683 423 1724 doctus
444 1682 517 1732 vir,
537 1681 787 1737 sapiensque
815 1695 900 1721 non
929 1681 1111 1736 poterit?
1147 1679 1225 1721 Ille
1245 1695 1342 1721 vero
1365 1680 1530 1732 melius,
1552 1695 1600 1721 ac

155 1756 243 1783 non
264 1740 407 1795 paullo
429 1738 614 1795 quidem.
674 1738 758 1779 Sed
778 1737 830 1779 de
851 1738 1156 1779 consuetudine
1175 1737 1314 1778 adhuc
1334 1738 1599 1779 exercitatio·
1611 1742 1666 1775 40

159 1797 221 1838 nis
242 1798 395 1852 loquor
415 1813 423 1837 :
456 1795 646 1836 nondum
667 1795 719 1835 de
747 1795 910 1835 ratione
935 1803 979 1835 et
1006 1794 1222 1850 sapientia.
1272 1793 1469 1835 Aniculae
1489 1809 1602 1850 saepe

156 1853 340 1895 inediam
372 1852 564 1902 biduum,
592 1860 665 1892 aut
694 1851 883 1892 triduum
912 1851 1068 1893 ferunt.
1100 1851 1262 1893 subduc
1292 1851 1436 1892 cibum
1467 1866 1599 1892 unum

158 1910 269 1951 diem
292 1909 463 1950 athletae
481 1926 489 1949 :
521 1909 670 1950 Jovem
694 1907 959 1963 Olympium,
981 1923 1079 1948 eum
1100 1908 1256 1963 ipsum,
1278 1909 1346 1949 cui
1368 1922 1411 1948 se
1432 1922 1601 1949 exerce-

158 1967 237 2017 bit,
272 1965 543 2021 implorabit:
590 1965 696 2006 ferre
731 1979 816 2004 non
849 1978 973 2019 posse
1005 1965 1219 2005 clamabit.
1269 1964 1604 2005 Consuetudinis

158 2037 315 2079 magna
336 2023 393 2063 vis
413 2031 490 2063 est.
520 2029 771 2077 pernoctant
790 2031 1007 2061 venatores
1027 2021 1068 2061 in
1091 2022 1205 2062 nive:
1237 2021 1279 2062 in
1300 2022 1518 2062 montibus
1539 2021 1604 2062 uri

158 2094 202 2121 se
217 2080 448 2135 patiuntur.
477 2085 517 2112 69
533 2078 638 2118 Inde
654 2077 820 2133 pugiles
836 2078 1034 2118 caestibus
1051 2079 1234 2126 contusi,
1251 2092 1301 2118 ne
1318 2079 1605 2132 ingemiscunt

159 2137 346 2192 quidem.
399 2135 483 2176 Sed
504 2134 606 2191 quid
626 2134 719 2184 hos,
741 2134 892 2189 quibus
917 2134 1218 2190 Olympiorum
1240 2134 1428 2184 victoria,
1449 2144 1662 2176 consu-41

159 2193 270 2234 latus
291 2193 361 2233 ille
383 2192 581 2247 antiquus
601 2190 793 2231 videtur?
826 2190 1096 2246 gladiatores,
1119 2199 1192 2232 aut
1220 2191 1374 2245 perditi
1396 2191 1605 2240 homines,

159 2258 232 2290 aut
251 2249 432 2301 barbari,
453 2263 556 2305 quas
578 2247 725 2303 plagas
752 2248 999 2303 perferunt?
1034 2262 1119 2303 quo
1149 2248 1280 2288 modo
1307 2247 1382 2297 illi,
1406 2248 1478 2302 qui
1498 2248 1606 2288 bene

203 2379 242 2405 62
268 2373 443 2415 Priusquam
465 2371 610 2414 oppetam]
633 2373 696 2403 Ms.
719 2373 804 2403 Leid.
829 2380 859 2403 et
902 2372 980 2402 nihil
994 2371 1100 2402 minus.
1139 2372 1201 2402 Sed
1213 2380 1320 2403 ortum
1336 2378 1382 2402 est
1398 2382 1414 2401 e
1430 2372 1553 2412 syllaba
1569 2373 1607 2402 fi-

160 2418 209 2447 ed.
224 2423 313 2446 vetus
329 2417 373 2446 sic
389 2417 509 2447 habent
524 2427 579 2456 pro
594 2416 724 2456 vulgato
740 2422 837 2456 oppeto
848 2428 858 2446 .·
903 2416 967 2446 nali
987 2416 1190 2456 praecedentis
1211 2416 1310 2446 verbi.
1351 2415 1421 2445 Vidi
1442 2416 1530 2446 abest
1545 2423 1575 2446 et
1591 2426 1608 2446 a

160 2460 255 2499 idque
269 2460 364 2489 etiam
380 2459 476 2489 latine
493 2460 609 2490 melius
625 2467 682 2489 est.
904 2459 956 2489 Ms
974 2459 1082 2489 Guelf.

204 2508 242 2532 63
267 2502 468 2541 exercitatum]
489 2503 572 2533 Libri
594 2503 727 2542 quidam
750 2502 859 2531 exerci-
949 2507 985 2538 67
1014 2503 1080 2532 Non
1089 2506 1184 2541 potest
1199 2500 1304 2541 ecfari]
1325 2501 1369 2530 Hi
1389 2511 1518 2541 quoque
1533 2508 1610 2532 sunt

162 2552 235 2582 tum,
251 2546 337 2584 quod
353 2545 465 2584 placet.
858 2573 873 2584 Q
902 2555 1011 2576 versus
1025 2553 1054 2574 et
1067 2546 1201 2584 poetica.
1226 2546 1286 2575 Sed
1301 2552 1393 2584 potest
1405 2555 1471 2575 non
1485 2552 1610 2575 rectum

198 2593 244 2618 ‘64
260 2588 314 2617 sibi
325 2594 465 2626 paratam
477 2594 587 2627 pestem
603 2586 678 2627 δία]
697 2587 860 2618 Bentleius
883 2617 888 2622 ,
903 2589 1044 2626 videtui-3
1062 2596 1140 2618 nam
1157 2588 1249 2629 ecfari
1265 2598 1330 2617 non
1347 2590 1469 2628 passive
1484 2589 1609 2618 dicitur.

162 2631 287 2669 corrigit
302 2630 355 2659 sihi
367 2637 521 2669 paratum,
532 2637 641 2670 pestem
657 2637 691 2660 ut
707 2632 766 2661 &c.
906 2632 1018 2671 Itaque
1034 2632 1115 2661 bene
1130 2631 1291 2661 Bentleius
1307 2643 1360 2660 non
1370 2631 1459 2671 potis.

206 2677 245 2703 65
270 2673 294 2701 εἰ
308 2673 422 2713 quidem
439 2673 516 2702 homo
532 2673 613 2712 esset]
633 2674 741 2704 Immo
757 2681 808 2704 est.
951 2680 990 2705 68
1016 2675 1136 2705 Quiesce
1154 2673 1261 2714 igitur]
1283 2674 1353 2705 Hoc
1369 2682 1416 2705 est
1432 2673 1598 2713 Eurypyli.

207 2719 247 2745 66
269 2715 318 2744 sed
337 2715 414 2744 nihil
433 2716 500 2745 vidi
523 2716 631 2757 minus]
650 2717 802 2747 Formula
818 2716 864 2746 nil
949 2723 989 2750 69
1018 2718 1088 2746 Inde
1114 2717 1245 2758 pugiles]
1281 2718 1349 2747 Inde
1379 2718 1523 2747 alienum
1555 2725 1610 2745 est.

164 2755 231 2786 vidi
247 2757 338 2787 minus
358 2759 411 2789 hic
429 2759 532 2790 aliena
548 2766 605 2791 est.
652 2759 761 2791 Cicero
776 2761 862 2790 dedit
904 2761 956 2790 An
976 2760 1075 2790 Wden'
1089 2761 1106 2790 .P

898 2814 929 2841 ti
954 2814 977 2840 2
