1778 3095
201 177 283 214 466
580 174 656 211 DE
685 171 949 210 NATURA
977 169 1240 208 DEORUM

206 282 257 325 Id
276 292 420 324 autem
440 290 582 338 caput,

312 365 494 456 ‘ffingms
513 364 642 412 defessa
660 363 757 400 velut
774 363 941 401 maerentz's
960 363 1084 412 image.

348 426 467 455 ertztur
485 434 494 462 3

209 507 334 549 quam
359 492 528 548 quidem
548 491 688 532 Graeei

318 573 512 622 Engonasin
530 572 694 615 vocitant,
709 569 852 620 genibus
872 569 952 619 quia
971 568 1212 616 nixafiratur.

317 626 386 663 Hic
404 626 464 662 illa
483 626 600 662 eximio
612 625 722 675 posita
740 633 787 660 est
790 623 932 672 fulgore
955 622 1094 659 Corona.

126 706 200 784 1Οὲ
211 699 354 755 Atque
376 700 467 740 haec
490 698 660 755 quidem
690 711 714 736 a
743 706 892 750 tergo:
922 705 1091 749 p1opter
1118 701 1245 749 caput
1263 701 1404 735 autem
1423 689 1635 747 Anguite-

213 770 343 797 nens:

326 836 431 885 Quem
449 833 539 870 claro
555 830 725 881 perhibent
748 829 956 880 Ophiuchum
975 829 1102 865 nomine
1120 829 1231 877 Graji.

318 889 386 924 Hic
399 899 511 937 pressu
530 885 654 935 duplici
666 884 859 934 palmarum
878 883 1015 919 continu
1032 896 1190 932 anguem,

319 941 405 988 Ejus
422 949 453 976 et
473 940 540 989 ipse
559 947 669 975 manet
689 937 851 987 religatus
870 948 997 987 corpore
1016 945 1108 972 toto:

319 995 477 1044 Namque
492 993 607 1030 virum
627 990 767 1027 ηιιᾶἱτινη
786 1001 913 1040 serpens
938 995 974 1020 16
986 989 1047 1026 suh
1064 999 1196 1039 pectora
1213 987 1330 1038 cingit

320 1048 381 1084 Ille
394 1056 505 1083 tamen
524 1046 629 1082 nitens
643 1044 803 1094 graviter
820 1044 966 1093 vestigia
983 1043 1086 1094 ponit,

320 1102 432 1151 Atque
449 1099 555 1137 oculos
574 1108 669 1148 urget
686 1097 839 1149 pedibus,
854 1106 1030 1147 pectusque
1050 1096 1173 1147 Nepai.

213 1176 384 1232 Septem
405 1182 546 1215 autem
569 1172 723 1214 triones
744 1171 931 1228 sequitur

319 1255 561 1305 Arctoplffllax,
580 1254 686 1303 vulgo
703 1253 760 1304 qui
779 1252 900 1290 dicitur
917 1265 983 1288 esse
1002 1253 1147 1289 Bootes.-

326 1309 425 1360 Quod
442 1308 539 1359 quasi
557 1317 678 1343 temone
696 1305 890 1354 achunctam
905 1317 982 1356 prae
1001 1318 1034 1341 se
1052 1304 1164 1355 quatit
1181 1304 1338 1340 Arctum.

128 1385 326 1432 110Dein
346 1399 440 1441 quae
463 1388 710 1438 sequuntur.
770 1379 886 1420 Huic
905 1393 1016 1419 emm
1036 1377 1163 1420 Booti

319 1483 425 1493 -—-
447 1461 572 1499 Subter
584 1458 771 1511 praecordia
777 1457 862 1504 fixa
880 1458 1018 1495 videtur

321 1516 432 1555 Stella
452 1516 577 1552 micans
595 1513 700 1550 radiis
719 1514 888 1550 Arcturus
907 1512 1032 1549 nomine
1049 1511 1139 1548 claro
1153 1526 1167 1547 .·

213 1590 282 1632 cui
301 1589 494 1646 subjecta
514 1588 659 1639 fertur,

325 1670 459 1720 Spicum
479 1669 609 1705 illustre
627 1678 738 1706 tenens
756 1667 938 1719 splendenti
953 1678 1081 1719 corpore
1102 1666 1140 1704 V
1138 1667 1223 1717 irgO.

135 1742 204 1793 43
217 1744 361 1800 Atque
381 1744 441 1786 ita
465 1744 677 1785 demetata
705 1743 826 1798 signa
854 1751 966 1793 sunt,
986 1751 1035 1783 ut
1066 1741 1108 1782 in
1135 1738 1263 1781 tantis
1292 1736 1645 1795 descriptionibus·

217 1800 355 1842 divina
374 1800 559 1842 sollertia
578 1806 791 1856 appareat.

320 1882 368 1917 Ec
386 1890 480 1917 natos
500 1880 653 1917 Geminos
672 1879 795 1916 invises
813 1877 876 1915 sub
892 1886 994 1928 caput
1015 1877 1125 1913 Arcti.

324 1934 501 1981 Subjcctus
520 1933 629 1970 media
648 1942 696 1969 est
715 1945 843 1975 cancer,
862 1931 1068 1982 pedibusque
1086 1939 1213 1967 tenetur

320 1989 471 2038 Magnu'
492 1988 573 2032 Leo,
590 1986 766 2024 tremulam
784 1987 936 2036 quatiens
952 1998 969 2022 e
984 1995 1112 2035 corpore
1117 1983 1317 2031 flammam.

219 2063 386 2119 Auriga

324 2144 396 2183 Sub
416 2146 510 2182 laeva
533 2144 743 2181 Geminorum
760 2141 919 2178 obductus
931 2151 1034 2191 parte
1038 2142 1190 2189 feretur.

320 2198 516 2237 Adversum
534 2207 635 2248 caput
654 2196 731 2233 huic
754 2196 869 2232 Helice
885 2194 1073 2231 truculenta
1093 2203 1218 2233 tuetur.

322 2255 372 2289 At
397 2251 511 2302 Capra
530 2252 660 2288 laevum
679 2249 851 2286 humerum
870 2249 967 2286 clara
985 2248 1120 2285 obtinet.

217 2329 329 2371 Tum
351 2344 446 2386 quae
468 2334 716 2383 sequuntur,

327 2412 452 2447 Verum
472 2408 544 2445 haec
563 2415 611 2443 est
630 2417 752 2454 magno
769 2412 870 2454 atque
890 2401 1015 2439 illustri
1029 2400 1179 2452 praedita
1197 2401 1304 2451 signo.

328 2463 453 2501 Contra
474 2460 578 2498 Haedi
596 2459 755 2509 exiguum
763 2457 900 2504 jaciunt
918 2454 1114 2493 mortalibus
1132 2455 1252 2504 ignem.

221 2537 359 2593 Cujus
382 2535 460 2577 sub
481 2533 659 2590 pedibus

331 2616 492 2664 Corniger
509 2622 556 2651 est
576 2611 876 2650 validoconnexus
892 2617 1022 2659 corpore
1041 2608 1189 2646 Taurus.

137 2697 205 2729 111
222 2691 326 2749 Ejus
347 2697 475 2745 caput
495 2685 626 2728 stellis
646 2693 918 2739 conspersum
940 2691 1003 2723 est
1023 2681 1313 2738 frequentibus

114 2755 146 2786 P·
160 2751 213 2818 43:
331 2771 410 2808 Has
432 2768 545 2813 Graeci
563 2767 692 2811 stellas,
715 2764 860 2815 Hyadas
877 2765 1027 2801 vocitare
1044 2770 1184 2801 suerunt·
1197 2780 1211 2802 .-

267 2903 306 2929 16
321 2896 371 2927 sub
379 2896 510 2938 pectora]
527 2895 610 2928 Puto
619 2901 754 2937 pec-mn
777 2893 837 2925 nisi
852 2891 902 2924 sub
918 2899 946 2923 et
960 2891 1052 2932 cingit
1066 2891 1213 2924 distincte
1227 2893 1379 2923 dicuntur
1393 2901 1449 2931 pro
1463 2891 1613 2934 accingit.
1652 2923 1656 2925 Α
