1778 3095
232 160 312 196 432
619 159 696 198 DE
726 159 991 199 NATURA
1019 160 1286 200 DEORUM

227 263 395 319 Quibus
427 265 657 321 explicatiS,
691 266 744 307 ad
776 267 1062 323 rationemque
1097 267 1315 317 revocatis,
1346 281 1484 310 rerum
1516 268 1654 326 magis

145 319 214 367 43
229 329 377 362 natura
394 323 678 378 cognoscitur,
700 338 824 379 quam
843 323 1032 365 deorum.
1090 325 1203 366 Mihi
1225 324 1395 379 quidem
1416 324 1542 366 etiam
1561 326 1652 368 De·

141 378 445 429 120mocritUS,
482 379 542 419 vir
576 394 755 435 magnus
792 380 835 421 in
872 380 1031 435 primis,
1067 382 1187 436 cujus
1222 380 1408 421 fontibus
1445 382 1650 436 Epicurus

227 433 419 476 hortulos
455 450 553 477 suos
588 436 785 491 irrigavit,
820 445 967 477 nutare
1001 436 1164 478 videtur
1198 437 1238 477 in
1275 446 1422 478 natura
1458 437 1650 480 deorum.

225 490 337 531 Tum
358 491 467 532 enim
491 500 633 533 censet
662 493 866 548 imagines
886 492 1099 533 divinitate
1121 493 1315 547 praeditas
1336 494 1469 534 inesse
1489 494 1652 536 univer-

227 546 340 588 sitati
373 563 541 590 rerum:
573 557 613 581 40
630 558 720 589 tum
756 548 957 604 principia
988 550 1154 600 mentis,
1183 565 1277 605 quae
1307 559 1403 591 sunt
1431 550 1472 591 in
1502 550 1651 592 eodem

117 602 432 656 p·2⁵·universo,
453 604 555 646 deos
586 619 676 645 esse
706 605 836 645 dicit:
868 613 958 645 tum
988 605 1216 646 animantes
1236 607 1456 662 imagines,
1476 622 1569 662 quae
1589 607 1652 648 vel

184 657 425 713 a‘prodesse
457 661 578 702 nobis
613 660 764 711 solent,
797 660 859 701 vel
890 674 1068 701 nocere:
1102 671 1191 702 tum
1224 662 1416 718 ingentes
1448 662 1650 719 quasdam

222 715 444 771 imagines,
475 726 710 772 tantasque,
736 726 784 757 ut
815 716 1053 757 universum
1085 717 1288 760 mundum
1317 719 1652 774 complectantur

223 773 495 814 extrinsecus.
551 775 659 829 Quae
698 772 869 828 quidem
909 773 1051 814 omnia
1090 783 1188 814 sunt
1226 776 1360 829 patria
1396 776 1646 827 Democriti,

136 850 205 882 121
222 843 348 884 quam
370 829 620 870 Democrito
640 828 846 884 digniora.
904 830 1012 886 Quis
1038 829 1151 869 enim
1183 829 1281 871 istas
1307 832 1510 887 imagines
1531 847 1649 873 com-

220 885 477 940 prehendere
495 885 637 926 animo
657 887 823 940 potest?
857 886 950 941 quis
970 885 1188 927 admirari?
1221 887 1313 943 quis
1334 898 1407 930 aut
1423 889 1554 939 cultu,
1577 896 1650 930 aut

220 940 422 997 religione
455 941 605 997 dignas
631 940 854 996 judicare?
888 942 1095 998 Epicurus
1125 958 1222 984 vero
1251 958 1301 984 ex
1331 944 1478 985 animis
1508 945 1646 987 homi-

221 1011 323 1038 num
353 997 530 1039 extraxit
557 997 756 1040 radicitus
786 998 1047 1054 religionem,
1069 1008 1105 1031 41
1123 1014 1220 1040 cum
1242 999 1320 1041 diis
1339 1000 1648 1043 immortalibus

219 1061 262 1094 et
280 1068 403 1109 opem
427 1063 470 1095 et
487 1054 667 1110 gratiam
690 1055 873 1096 sustulit.
904 1070 1001 1096 cum
1022 1056 1131 1096 enim
1160 1056 1363 1112 optimam
1386 1066 1428 1098 et
1447 1066 1649 1112 praestan-

219 1109 424 1151 tissimam
460 1120 650 1152 naturam
688 1111 756 1152 dei
785 1112 898 1153 dicat
931 1127 1036 1163 esse,
1071 1122 1198 1167 negat
1229 1113 1342 1154 idem
1372 1128 1461 1154 esse
1494 1114 1535 1155 in
1567 1114 1650 1155 deo

216 1167 413 1222 gratiam.
443 1167 554 1208 tollit
583 1167 640 1219 id,
671 1167 786 1223 quod
814 1168 994 1209 maxime
1025 1169 1240 1224 proprium
1267 1180 1332 1211 est
1349 1170 1521 1225 optimae
1542 1185 1649 1226 prae-

219 1223 570 1279 stantissimaeque
591 1234 765 1266 naturae.
796 1224 898 1279 quid
927 1224 1038 1266 enim
1059 1235 1122 1265 est
1141 1225 1306 1276 melius,
1326 1235 1399 1266 aut
1418 1226 1518 1281 quid
1539 1241 1648 1282 prae-

218 1280 395 1321 stantius
417 1281 605 1321 bonitate
625 1290 668 1322 et
687 1281 988 1322 beneficentia?
1022 1295 1104 1337 qua
1133 1296 1230 1322 cum
1251 1297 1390 1323 carere
1410 1282 1536 1323 deum
1556 1284 1647 1324 vul-

215 1335 284 1386 tis,
304 1336 514 1377 neminem
536 1336 618 1378 deo
640 1351 716 1378 nec
737 1337 881 1388 deum,
903 1352 978 1379 nec
1000 1337 1214 1379 hominem
1234 1353 1377 1379 carum
1395 1355 1405 1380 z
1437 1339 1645 1381 neminem

216 1392 270 1433 ab
305 1406 358 1434 eo
389 1394 534 1443 amari,
556 1394 765 1435 neminem
797 1393 918 1450 diligi
947 1394 1084 1435 vultis.
1145 1395 1210 1435 Ita
1242 1395 1302 1445 fit,
1322 1404 1370 1436 ut
1401 1410 1485 1436 non
1514 1396 1646 1437 modo

216 1448 408 1490 homines
428 1464 454 1491 a
472 1449 564 1501 diis,
586 1450 659 1492 sed
680 1451 760 1507 ipsi
782 1450 839 1491 dii
860 1451 968 1492 inter
998 1465 1040 1492 se
1070 1451 1124 1492 ab
1152 1451 1242 1492 aliis
1264 1452 1334 1492 alii
1359 1452 1645 1507 negligantur.

135 1504 206 1554 44
217 1505 391 1548 Quanto
411 1506 542 1548 Stoici
572 1508 735 1559 melius,
758 1508 829 1563 qui
845 1521 870 1547 a
890 1507 1008 1549 vobis
1037 1507 1427 1563 reprehenduntur?
1462 1509 1646 1550 Censent

216 1571 374 1613 autem,
396 1563 603 1619 sapientes
623 1565 880 1619 sapientibus
901 1565 1026 1606 etiam
1048 1564 1206 1620 ignotis
1226 1579 1317 1606 esse
1337 1565 1509 1606 amieos.
1543 1565 1645 1606 nihil

215 1627 281 1659 est
301 1620 413 1660 enim
434 1620 584 1661 virtute
613 1621 848 1662 amabilius.
879 1635 1005 1676 quam
1037 1622 1109 1676 qui
1137 1621 1313 1677 adeptus
1334 1621 1424 1672 erit,
1447 1621 1642 1663 ubicum-

130 1685 203 1718 122
217 1689 299 1730 que
328 1676 405 1717 erit
437 1677 643 1732 gentium,
663 1691 687 1717 a
709 1677 830 1717 nobis
860 1677 1072 1732 diligetur.
1131 1679 1220 1719 Vos
1250 1686 1391 1718 autem
1419 1678 1520 1733 quid
1541 1677 1642 1719 mali

213 1731 338 1784 datis,
359 1741 399 1764 42
413 1747 510 1773 cum
543 1733 584 1773 in
616 1733 920 1784 imbecillitate,
948 1734 1298 1788 gratificationem
1328 1743 1369 1774 et
1399 1733 1643 1775 benivolen-

212 1788 315 1829 tiam
346 1788 534 1844 ponitis?
569 1790 632 1830 Ut
664 1789 776 1830 enim
808 1790 1002 1831 omittam
1033 1791 1129 1840 vim,
1150 1800 1193 1831 et
1222 1798 1409 1831 naturam
1441 1790 1642 1832 deorum:

211 1859 264 1885 ne
283 1844 474 1886 homines
496 1845 667 1901 quidem
684 1846 876 1896 censetis,
896 1846 974 1886 nisi
993 1846 1190 1888 imbecilli
1212 1856 1364 1897 essent,
1384 1847 1548 1888 futuros
1568 1847 1643 1887 be-

210 1900 380 1952 neficos,
401 1910 444 1943 et
463 1902 674 1958 benignos
693 1902 819 1943 fuisse
838 1904 850 1943 ?
884 1902 1018 1943 Nulla
1036 1911 1099 1943 est
1127 1903 1277 1944 caritas
1308 1903 1504 1944 naturalis
1534 1902 1644 1945 inter

209 1957 377 2000 bonos?
409 1973 554 2000 carum
584 1959 738 2014 ipsum,
758 1959 930 2000 verbum
962 1969 1024 2000 est
1053 1959 1234 2010 amoris;
1264 1974 1315 2000 ex
1340 1974 1425 2015 quo
1445 1959 1641 2001 amicitiae

211 2027 365 2055 nomen
383 2024 448 2056 est
467 2014 642 2056 ductum
661 2031 670 2056 ε
700 2030 826 2070 quam
848 2015 881 2056 si
901 2015 953 2056 ad
974 2016 1158 2057 fructum
1189 2025 1379 2057 nostrum
1399 2016 1640 2067 referemus,

210 2084 296 2111 non
317 2071 369 2112 ad
387 2071 498 2112 illius
518 2071 758 2122 commoda,
777 2086 904 2127 quern
934 2072 1173 2128 diligimus3
1206 2087 1289 2113 non
1319 2073 1399 2114 erit
1425 2072 1506 2113 ista
1537 2072 1642 2114 ami-

167 2125 324 2178 scitia,
346 2127 418 2169 sed
448 2137 684 2170 mercatura
714 2129 906 2184 quaedam
936 2129 1167 2171 utilitatum
1197 2144 1382 2171 suarum.
1444 2129 1578 2180 Prata,
1598 2139 1641 2170 et

209 2196 321 2234 arva,
341 2192 383 2225 et
402 2184 614 2239 pecudum
633 2199 786 2241 greges
807 2185 1043 2241 diliguntur
1066 2186 1146 2228 isto
1175 2185 1322 2237 modo,
1342 2185 1457 2241 quod
1478 2185 1640 2227 fructus

209 2253 260 2280 ex
281 2240 340 2281 eis
358 2241 595 2296 capiuntur.
640 2242 878 2283 Hominum
898 2242 1062 2292 caritas,
1082 2251 1125 2283 et
1145 2242 1342 2293 amicitia,
1361 2242 1546 2297 gratuita
1562 2250 1639 2283 est.

210 2295 387 2338 Quanto
413 2297 543 2352 igitur
570 2298 705 2353 magis
727 2298 903 2339 deorum
922 2299 935 2340 ?
967 2299 1041 2354 qui
1066 2299 1179 2341 nulla
1199 2314 1243 2340 re
1263 2309 1450 2354 egenteS,
1470 2307 1512 2338 et
1530 2298 1638 2339 inter

210 2367 255 2393 se
284 2352 483 2409 diligunt,
515 2362 558 2395 et
587 2354 830 2396 hominibus
860 2355 1098 2396 consulunt.
1157 2355 1285 2412 Quod
1311 2355 1352 2395 ni
1371 2354 1428 2395 ita
1448 2354 1515 2404 sit,
1535 2354 1638 2410 quid

208 2423 469 2460 veneramur,
499 2410 602 2465 quid
629 2425 851 2466 precamur
880 2411 1013 2452 deos?
1046 2426 1121 2454 eur
1150 2412 1276 2452 sacris
1305 2410 1538 2465 pontifices,
1564 2425 1640 2452 cur

210 2465 407 2520 auspiciis
434 2480 618 2522 augures
649 2469 868 2523 praesunt?
901 2467 1000 2523 quid
1029 2476 1224 2523 optamus
1243 2482 1268 2508 a
1287 2467 1365 2508 diis
1386 2466 1637 2508 immortali-

250 2630 293 2655 4ο
318 2629 378 2653 rum
396 2623 545 2663 principia
567 2622 681 2662 mentis]
707 2623 758 2654 Sic
780 2633 819 2653 ex
834 2625 902 2654 Au·
945 2625 1057 2665 Recepi
1070 2627 1295 2656 correctionem
1307 2627 1448 2656 virorum
1460 2626 1639 2658 doctorum.

207 2666 335 2705 gustino
351 2667 485 2697 restituit
501 2667 669 2702 Buherius,
687 2667 819 2705 probant
838 2667 901 2696 Da·
943 2668 1071 2706 Vulgati
1088 2679 1150 2698 cum
1165 2668 1403 2699 imbecillitatem.
1446 2669 1563 2699 Sensus
1578 2676 1637 2707 est,

205 2709 303 2739 visius
318 2715 348 2739 et
363 2708 575 2740 Alemannus.
612 2709 716 2747 Vulgo
732 2716 905 2750 mentesque.
944 2719 1021 2740 cum
1052 2713 1181 2750 putatis,
1208 2712 1450 2751 gratg’ficationem
1482 2719 1509 2741 et
1538 2712 1635 2741 beni-v.

205 2751 286 2782 illud
301 2758 332 2782 et
348 2751 411 2782 Ms.
428 2753 460 2782 in
477 2761 576 2791 marg.
595 2752 706 2782 Lamb.
944 2754 1015 2784 oriri
1030 2754 1069 2784 ab
1086 2754 1299 2784 imbecillitate
1315 2755 1445 2794 ejusque
1459 2764 1565 2791 sensu,
1583 2764 1637 2794 per

248 2801 287 2825 41
305 2805 368 2824 cum
383 2795 439 2824 diis
453 2793 706 2833 imm—sustulit]
723 2795 775 2824 An
798 2805 860 2824 cum
882 2806 901 2825 a
944 2807 1041 2835 quem
1058 2797 1160 2827 aliena
1175 2809 1232 2837 ope
1249 2807 1305 2828 nos
1322 2799 1458 2838 indigere
1479 2798 1638 2828 videmue.

209 2837 281 2867 Diis
295 2838 353 2868 ὅτε.
367 2838 380 2867 ‚²
945 2840 986 2871 cf.
1003 2840 1073 2871 libri
1089 2841 1186 2880 hujus
1203 2841 1314 2871 finem.

247 2886 289 2911 42
316 2891 379 2911 eum
408 2879 440 2910 in
468 2878 667 2910 imbecillitate
688 2879 899 2921 gr.—ponitis]
