1778 3095
597 118 779 159 LIBER
809 115 1103 156 QUINTUS.
1476 120 1555 161 219

122 235 199 280 est,
220 243 294 270 cur
314 244 398 271 non
419 236 532 270 recte
552 226 793 282 pulcritudo
813 225 938 267 etiam
963 224 1051 279 ipsa
1067 230 1241 278 propter
1262 236 1306 262 se
1323 223 1558 277 expetenda

123 285 327 327 ducatur?
380 300 474 325 nam
515 284 547 323 si
587 283 848 338 pravitatem,
889 280 1313 334 imminutionemque
1351 281 1554 333 corporis,

121 353 293 397 propter
314 357 358 383 se
385 339 629 395 fugiendam
654 348 882 394 putamus:
914 352 989 378 cur
1017 351 1102 377 non
1131 335 1274 386 etiam,
1306 348 1355 375 ac
1378 336 1556 378 fortasse

122 399 273 454 magis,
313 407 483 452 propter
513 411 557 437 se
592 396 741 437 formae
774 395 1025 451 dignitatem
1068 392 1330 448 sequamur?
1373 400 1431 442 et,
1470 399 1508 424 82
1521 393 1556 435 si

122 455 426 510 turpitudinem
447 452 635 508 fugimus
657 453 699 493 in
726 460 853 502 statu,
884 460 927 492 et
956 459 1078 491 motu
1108 448 1297 504 corporis
1313 463 1325 499 3
1357 446 1458 503 quid
1479 458 1557 500 est,

122 526 197 552 cur
215 509 539 566 pulcritudinem
562 524 646 550 non
669 509 922 564 sequamur?
955 517 1082 563 atque
1112 506 1239 547 etiam
1268 504 1557 555 valitudinem,

121 568 237 617 vireS,
258 566 509 607 vacuitatem
537 566 696 607 doloris
727 580 811 606 non
841 574 1014 621 propter
1042 563 1269 604 utilitatem
1300 561 1452 612 solum,
1482 561 1558 603 sed

122 624 247 665 etiam
268 622 378 678 ipsas
399 631 571 678 propter
591 637 634 663 se
653 630 912 677 expetemus.
941 620 1139 677 quoniam
1169 619 1281 660 enim
1302 626 1451 659 natura
1471 618 1558 660 suis

122 679 317 721 omnibus
340 680 496 734 expleri
525 679 715 735 partibus
745 679 849 730 vult,
879 678 991 719 hunc
1022 685 1179 719 statum
1210 674 1398 731 corporis
1419 689 1494 730 per
1512 689 1558 717 se

120 736 256 791 ipsum
278 737 450 792 expetit,
469 737 542 792 qui
560 745 624 777 est
642 735 823 777 maxime
845 750 868 777 e
888 744 1034 776 natura
1052 751 1061 775 ε
1094 748 1189 789 quae
1218 741 1309 774 tota
1335 732 1557 787 perturba-

121 801 204 843 tur,
227 793 260 832 si
281 803 354 834 aut
383 807 546 849 aegrum
576 808 730 848 corpus
762 802 841 842 est,
872 801 946 833 aut
981 790 1110 842 dolet,
1147 798 1220 831 aut
1254 797 1368 830 caret
1388 788 1556 830 viribus.

121 849 352 891 Videamus
388 849 516 890 animi
555 858 723 905 partes;
767 863 944 905 quarum
978 857 1042 888 est
1075 847 1299 902 adspectus
1331 845 1554 887 illustrior:
1574 837 1641 886 18

122 920 216 960 quae
246 920 331 962 quo
360 916 460 947 sunt
488 906 751 957 excelsiores,
778 920 829 946 eo
864 904 965 945 dant
996 904 1173 945 clariora
1201 902 1354 944 indicia
1383 911 1620 945 naturae.48

121 963 282 1004 Tantus
324 973 388 1004 est
425 962 556 1018 igitur
594 962 761 1004 innatus
797 963 839 1002 in
879 961 1001 1002 nobis
1046 960 1301 1016 cognitionis
1341 974 1475 1010 amor,
1514 960 1602 1000 etb-

122 1020 321 1070 scientiae,
342 1028 390 1060 ut
411 1034 537 1060 nemo
558 1019 750 1060 dubitare
768 1019 916 1074 possit,
947 1018 1048 1074 quin
1076 1018 1130 1058 ad
1159 1031 1228 1057 eas
1250 1031 1314 1056 res
1334 1015 1557 1057 hominum

125 1085 272 1117 natura
289 1076 407 1117 nullo
435 1076 725 1117 emolumento
756 1076 929 1117 invitata
959 1074 1156 1130 rapiatur.
1215 1072 1562 1124 Videmusne,·ut

122 1133 240 1188 pueri
262 1147 312 1174 ne
338 1133 578 1175 verberibus
609 1132 781 1189 quidem
812 1148 837 1173 a
865 1130 1203 1187 contemplandis
1234 1130 1360 1171 rebus
1391 1129 1560 1186 perqui-

124 1190 348 1245 rendisque
386 1189 703 1232 deterreantur?
755 1197 793 1221 83
810 1198 859 1231 ut
898 1188 1009 1244 pulsi
1058 1188 1283 1243 requirant,
1321 1194 1364 1227 et
1403 1185 1562 1242 aliquid

124 1246 228 1286 scire
247 1261 289 1286 se
304 1246 545 1301 gaudeant?
579 1256 627 1287 ut
647 1246 737 1286 aliis
759 1260 924 1286 narrare
945 1244 1156 1301 gestiant?
1190 1253 1238 1284 ut
1257 1257 1427 1298 pompa,
1448 1243 1561 1284 ludis

124 1311 251 1357 atque
279 1303 488 1359 ejusmodi
517 1302 767 1358 spectaculis
800 1312 1034 1351 teneantur,
1071 1301 1127 1341 ob
1163 1314 1342 1355 eamque
1377 1314 1466 1340 rem
1496 1298 1562 1341 vel

126 1359 296 1409 famem,
317 1368 360 1400 et
378 1360 488 1400 sitim
511 1359 748 1415 perferant?
781 1358 896 1415 Quid
913 1372 1009 1399 vero
1029 1359 1043 1398 ?
1076 1357 1164 1414 Qui
1178 1356 1373 1411 ingenuis
1395 1355 1561 1406 studiis,

125 1423 251 1470 atque
271 1416 429 1456 artibus
450 1415 724 1466 delectantur,
745 1429 883 1456 nonne
902 1414 1091 1455 videmus
1118 1428 1189 1454 eos
1211 1426 1287 1454 nec
1308 1412 1562 1463 valitudinis,

126 1485 203 1512 nec
225 1472 285 1512 rei
310 1472 523 1512 familiaris
554 1472 708 1512 habere
738 1471 976 1512 rationem?
1010 1470 1235 1525 omniaque
1266 1470 1442 1525 perpeti,
1471 1469 1562 1525 ipsa

125 1528 386 1583 cognitione,
421 1536 464 1568 et
496 1527 669 1568 scientia
704 1529 881 1582 captos?
922 1535 965 1567 et
996 1541 1094 1567 cum
1127 1525 1320 1567 maximis
1355 1526 1482 1574 curis,
1518 1536 1561 1567 et

124 1584 340 1625 laboribus
379 1598 653 1638 compensare
699 1598 808 1633 eam,
855 1598 982 1639 quam
1028 1597 1077 1623 ex
1128 1582 1330 1623 discendo
1376 1582 1559 1637 capiant,

124 1640 414 1696 voluptatem?
449 1640 561 1681 Mihi
591 1640 762 1696 quidem
794 1641 1010 1680 Homerus
1040 1647 1077 1670 84
1093 1638 1339 1695 hujusmodi
1359 1638 1559 1693 quiddam
1572 1642 1623 1685 49

124 1697 273 1738 vidisse
294 1697 457 1738 videtur
486 1697 528 1738 in
558 1697 623 1749 iis,
654 1712 749 1753 quae
779 1696 832 1737 de
862 1696 1057 1738 Sirenum
1078 1695 1270 1737 cantibus
1291 1695 1468 1736 finxerit.
1489 1709 1561 1735 ne-

127 1768 209 1810 que
238 1754 350 1795 enim
383 1768 534 1795 vocum
568 1755 769 1795 suavitate
799 1753 1006 1805 videntur,
1041 1761 1114 1794 aut
1151 1752 1334 1793 novitate
1363 1751 1563 1807 quadam,

126 1820 169 1851 et
202 1811 398 1852 varietate
430 1810 626 1851 cantandi
658 1825 852 1851 revocare
887 1824 961 1851 eos
997 1809 1146 1859 solitae,
1181 1809 1256 1865 qui
1288 1807 1565 1865 praetervehe-

127 1867 295 1918 bantur,
326 1866 398 1908 sed
428 1867 525 1923 quia
553 1867 689 1908 multa
723 1881 767 1908 se
801 1866 906 1908 scire
937 1866 1242 1922 profitebantur
1258 1884 1270 1916 3
1301 1875 1350 1907 ut
1370 1865 1564 1907 homines

127 1923 180 1964 ad
215 1938 359 1964 earum
387 1938 485 1964 saxa
510 1923 698 1964 discendi
727 1923 957 1978 cupiditate
987 1922 1334 1964 adhaerescerent.
1363 1921 1422 1963 ita
1451 1921 1563 1962 enim

128 1979 302 2021 invitant
322 1980 549 2036 Ulyssem:
585 1983 698 2029 (nam
719 1980 835 2031 verti,
855 1990 903 2022 ut
924 1979 1118 2037 quaedam
1137 1980 1333 2032 Homeri,
1354 1979 1413 2020 sic
1434 1978 1563 2021 istum

128 2037 267 2091 ipsum
287 2036 446 2089 locum)

238 2127 272 2163 Ο
289 2126 387 2163 decus
406 2127 616 2176 Argolimm,
637 2127 717 2177 quin
731 2126 867 2176 puppim
875 2126 987 2174 flectis
1012 2126 1158 2176 Ulysses,

235 2179 390 2217 Auribus
411 2190 449 2216 ut
469 2190 592 2217 nostros
608 2181 713 2230 possis
732 2193 907 2229 agnoscere
925 2190 1058 2217 cantus.

238 2235 332 2273 Nam
352 2246 441 2276 nemo
459 2233 532 2269 haec
550 2248 709 2283 umquam
730 2243 776 2269 est
796 2241 1008 2269 transvectus
1027 2232 1155 2270 caerula
1174 2245 1290 2277 cursu,

236 2287 336 2335 Qin
349 2287 443 2337 prius
463 2286 632 2325 adstiterit
651 2300 770 2323 vocum
789 2285 959 2323 dulcedine
978 2296 1096 2337 captus
1111 2302 1123 2332 5

239 2341 318 2378 Post
336 2341 447 2377 variis
465 2340 569 2380 avido
586 2341 733 2377 satiatus
743 2349 874 2390 pectore
891 2340 1006 2384 musis,

236 2393 376 2437 Doctior
392 2397 442 2436 ad
450 2395 586 2444 patrias
604 2394 718 2443 lapsus
730 2394 922 2444 pervenerit
942 2407 1028 2430 oras.

237 2447 308 2485 Nos
317 2460 433 2497 grave
450 2457 613 2485 certamen
634 2446 723 2492 belli,
741 2454 778 2478 85
790 2446 982 2498 clademque
999 2456 1155 2490 tenemus,

175 2564 214 2588 82
238 2557 262 2586 si
277 2557 647 2599 turpitudinemfugt'amus
658 2555 824 2597 incorpore]
869 2556 980 2587 Simile
997 2556 1075 2586 illud
1100 2555 1236 2592 Horatii,
1257 2555 1295 2584 de
1313 2552 1477 2585 Homero:
1496 2554 1569 2595 pla·

133 2601 170 2631 In
187 2600 278 2640 priori
295 2608 341 2630 est
351 2607 503 2640 putamus,
529 2602 635 2640 itaque
659 2602 711 2630 hic
736 2601 827 2630 debet
870 2601 933 2629 nius
957 2607 983 2628 et
1007 2599 1108 2628 melius
1135 2598 1291 2639 Chrysippo
1314 2604 1342 2626 et
1359 2597 1501 2628 Crantore
1515 2599 1569 2628 vi-

133 2643 342 2682 essesugimus
356 2655 366 2681 ;
390 2652 485 2683 atque
508 2645 552 2673 sic
574 2645 665 2674 edere
686 2653 751 2673 non
768 2644 828 2673 du·
870 2643 914 2671 dit
928 2654 937 2671 :
961 2644 994 2672 in
1010 2652 1074 2682 quo
1090 2648 1120 2672 et
1135 2642 1259 2672 dicendi
1273 2641 1348 2670 ratio
1364 2640 1568 2680 intelligenda

133 2685 238 2715 bitavi.
283 2686 335 2716 Sic
351 2693 381 2716 et
397 2687 430 2717 P.
449 2687 631 2716 Manutius.
871 2693 927 2716 est.
973 2686 1005 2715 Si
1021 2685 1097 2725 quid
1110 2685 1305 2715 mutandum
1321 2684 1412 2721 foret,
1428 2684 1567 2724 legerem

179 2734 215 2758 83
240 2735 272 2756 ut
288 2728 368 2768 pulsi
395 2728 561 2770 requirant]
592 2730 725 2760 Videtur
762 2739 829 2759 esse
871 2728 1006 2758 voluisse.
1053 2728 1112 2757 Sed
1129 2737 1195 2758 non
1210 2734 1256 2758 est
1271 2736 1363 2766 opus,

135 2770 247 2800 debere
262 2777 293 2799 ut
309 2778 336 2800 et
351 2779 407 2802 aut
418 2779 450 2801 ul
462 2771 522 2802 vel.
917 2778 955 2801 85
980 2770 1146 2812 clademque
1162 2769 1298 2808 tenemus]
1319 2770 1405 2799 Bene
1428 2775 1567 2804 tenemus,

179 2820 217 2842 84
241 2812 396 2851 hujusmodi
410 2815 546 2856 quiddam
562 2813 687 2855 vidisse]
706 2815 830 2844 Frustra
871 2824 926 2853 pro
953 2825 1084 2843 canemus
1107 2814 1230 2843 edidere
1252 2812 1423 2848 Victorius,
1453 2811 1567 2841 Lamb.

133 2861 233 2886 tentat
255 2855 400 2887 Davisius
424 2857 562 2887 iudicasse
585 2858 633 2888 vel
651 2857 827 2897 providisse.
875 2857 974 2888 Aldus
997 2856 1070 2896 jun.
1093 2857 1179 2897 apud
1204 2856 1387 2888 Homerum
1409 2860 1457 2885 est
1478 2851 1567 2892 ἴδμεν,
