1768 3095
469 95 471 97 ’
517 89 697 128 LIBER
736 88 1018 126 TERTIUS.
1164 113 1167 116 ·
1408 89 1481 126 165

49 201 229 258 pinquis,
261 215 287 242 a
316 199 437 241 bonis
465 199 591 239 etiam
622 197 732 249 viris,
753 196 879 252 idque
909 203 1081 251 propter
1108 208 1195 236 rem
1228 194 1375 249 ipsam,
1395 211 1479 237 non

48 267 221 314 propter
258 271 409 298 usum:
455 255 698 310 dicuntque,
740 263 788 294 ut
826 252 966 294 liberis
1005 250 1247 293 consultum
1290 251 1478 301 velimus,

49 316 176 356 etiam
207 315 240 356 si
270 312 454 368 postumi
486 312 616 352 futuri
648 311 743 361 sint,
764 319 936 365 propter
962 309 1102 363 ipsos:
1132 308 1190 348 sic
1211 307 1364 347 futurae
1385 320 1479 363 post

46 380 227 413 mortem
248 371 370 410 famae
395 375 412 399 ⁶³
433 381 572 409 tamen
592 381 683 408 esse
704 376 875 422 propter
901 380 1004 415 rem,
1027 365 1152 406 etiam
1174 364 1364 405 detracto
1384 379 1478 414 usu,

48 426 364 469 consulendum.
999 443 1003 446 ,

103 483 200 533 Sed,
221 497 334 532 curn,
355 480 467 536 quod
498 480 722 521 honesturn
746 479 814 529 sit,
834 479 877 520 id
903 478 1039 523 solum
1072 478 1234 518 bonum
1253 490 1343 518 esse
1363 476 1537 523 dica-‚58

45 555 165 582 mus:
197 547 524 580 consentaneum
558 547 698 578 tamen
733 545 810 586 est,
845 535 967 591 fungi
998 534 1150 585 officio,
1181 548 1280 575 cum
1310 533 1353 574 id
1385 533 1476 574 offi-

44 597 170 645 cium,
192 609 269 636 nec
290 595 332 635 in
351 594 473 635 bonis
493 608 714 649 ponamus,
735 607 810 633 nec
842 592 884 633 in
915 592 1051 633 malis.
1081 599 1144 632 est
1174 591 1287 631 enim
1317 589 1478 645 aliquid

40 652 84 693 in
119 652 183 692 his
215 651 337 692 rebus
368 650 600 706 probabile,
636 658 678 690 et
710 649 879 704 quidem
913 648 985 698 ita,
1016 656 1065 691 ut
1099 647 1191 703 ejus
1221 646 1329 688 ratio
1360 646 1477 688 reddi

41 709 186 764 possit.
217 722 322 763 ergo
340 717 389 748 ut
409 707 535 748 etiam
556 706 831 762 probabiliter
846 705 928 747 acti
947 704 1054 746 ratio
1075 704 1191 745 reddi
1211 703 1360 759 possit.
1401 705 1479 744 Est

39 774 180 806 autem
212 765 411 815 officium,
433 763 546 819 quod
566 763 626 804 ita
645 763 803 804 factum
837 772 915 813 est,
935 771 985 803 ut
1013 761 1103 817 ejus
1123 760 1224 801 facti
1244 760 1476 816 probabilis

39 821 146 863 ratio
165 821 282 862 reddi
302 820 450 876 possit.
470 835 521 861 ex
542 825 626 876 qu'o
643 818 908 874 intelligitur,
928 818 1112 859 officium
1130 816 1318 858 medium
1339 816 1477 873 quod—

40 877 136 918 dam
158 892 263 928 esse,
284 876 398 933 quod
418 891 553 933 neque
583 877 625 916 in
656 876 776 916 bonis
807 883 1003 931 ponatur,
1025 888 1160 929 neque
1181 874 1223 914 in
1243 873 1476 914 contrariis.

40 934 322 990 quoniamque
355 935 396 975 in
427 933 475 974 iis
507 934 647 984 rebus,
669 947 763 987 quae
785 947 922 987 neque
954 931 996 972 in
1025 930 1250 971 virtutibus
1270 938 1382 981 sunt,
1403 944 1477 970 ne-

39 1005 122 1046 que
141 992 182 1032 in
205 990 327 1041 vitiis,
348 1000 413 1032 est
431 999 572 1031 tamen
592 988 809 1045 quiddam,
833 988 949 1044 quod
970 987 1065 1029 usui
1084 987 1218 1042 possit
1245 1001 1360 1028 esse:
1392 986 1477 1028 tol-

38 1047 210 1089 lendum
243 1047 285 1088 id
316 1063 399 1088 non
433 1056 509 1088 est.
569 1048 645 1087 Est
674 1054 815 1086 autem
847 1045 937 1101 ejus
971 1044 1137 1099 generis
1166 1043 1278 1084 actio
1306 1057 1476 1099 quoque

38 1104 246 1158 quaedam,
269 1114 312 1145 et
331 1103 502 1160 quidem
524 1103 633 1153 talis,
653 1113 703 1145 ut
723 1103 829 1143 ratio
851 1102 1039 1157 postulet
1063 1109 1077 1136 7
1098 1114 1224 1156 agere
1254 1099 1413 1156 aliquid
1434 1109 1477 1141 et

35 1161 175 1201 facere
195 1175 355 1202 eorum.
385 1160 499 1217 quod
529 1170 669 1201 autem
694 1159 854 1200 ratione
883 1168 1026 1199 actum
1045 1158 1113 1208 sit,
1135 1157 1177 1198 id
1197 1157 1382 1198 officium
1402 1170 1478 1212 ap-

36 1217 257 1272 pellamus.
316 1219 392 1258 Est
421 1217 552 1272 igitur
582 1216 767 1257 officium
788 1215 878 1271 ejus
897 1214 1078 1270 generis,
1099 1213 1216 1269 quod
1237 1227 1314 1254 nec
1333 1213 1376 1254 in
1397 1213 1486 1262 bo-.

37 1273 100 1314 nis
122 1282 316 1329 ponatur,
337 1288 412 1314 nec
433 1274 476 1313 in
495 1273 728 1313 contrariis.
776 1272 910 1326 Atqui
929 1270 1198 1326 perspicuum
1220 1270 1350 1311 etiam
1369 1269 1475 1311 illud
1497 1265 1560 1313 18

38 1338 115 1380 est,
153 1330 194 1370 in
227 1329 316 1371 istis
353 1331 476 1370 rebus
508 1329 656 1370 mediis
691 1327 848 1383 aliquid
868 1341 1005 1382 agere
1037 1326 1284 1382 sapientem.
1309 1325 1476 1382 judicat
1490 1341 1541 1382 59

37 1386 182 1441 igitur,
214 1401 311 1427 cum
347 1387 449 1441 agit,
483 1386 667 1426 officium
700 1384 806 1425 illud
836 1398 941 1424 esse.
973 1383 1089 1438 quod
1119 1383 1320 1438 quoniam
1351 1398 1475 1423 num-

36 1457 164 1498 quam
197 1442 355 1483 fallitur
386 1444 427 1483 in
453 1442 702 1498 judicando,
735 1442 814 1481 erit
845 1441 889 1481 in
919 1439 1068 1480 mediis
1105 1440 1231 1480 rebus
1258 1438 1474 1480 officium:

36 1499 150 1554 quod
190 1499 367 1539 efficitur
405 1501 533 1540 etiam
572 1499 651 1539 hac
693 1497 963 1538 conclusione
1003 1496 1192 1537 rationis.
1259 1496 1488 1551 Quoniam.

34 1555 147 1595 enim
169 1556 355 1597 videmus
376 1569 466 1596 esse
488 1555 705 1610 quiddam,
727 1553 842 1609 quod
871 1562 982 1594 recte
1011 1554 1171 1593 factum
1201 1551 1478 1607 appellernu5‚

33 1611 77 1653 id
98 1620 235 1653 autem
260 1621 325 1652 est
345 1612 579 1667 perfectum
611 1610 797 1652 officium
818 1627 826 1651 :
854 1618 870 1641 S
887 1610 966 1650 erit
991 1618 1132 1650 autem
1155 1608 1282 1649 etiam
1304 1608 1483 1649 inchoa-

35 1677 155 1709 tum:
186 1679 249 1720 ut,
269 1669 302 1710 si
320 1668 432 1725 juste
454 1668 695 1724 depositum
730 1666 915 1717 reddere,
948 1666 991 1706 in
1021 1674 1136 1707 recte
1170 1665 1289 1705 factis
1321 1665 1402 1706 sit:
1435 1665 1476 1706 in

34 1725 180 1766 officiis
200 1734 395 1781 ponatur,
415 1725 655 1780 depositum
686 1723 887 1764 reddere:
920 1722 993 1763 illo
1026 1723 1140 1763 enim
1162 1721 1324 1772 addito,
1344 1721 1477 1777 juste,

35 1790 53 1815 9
77 1782 177 1822 facit
211 1792 324 1823 recte
358 1782 548 1823 factum:
580 1796 655 1837 per
690 1795 734 1822 se
766 1790 910 1821 autem
942 1779 1025 1820 hoc
1054 1780 1194 1834 ipsum
1224 1778 1411 1829 reddere,
1434 1779 1474 1820 in

34 1838 173 1878 officio
193 1840 382 1894 ponitur:
405 1838 690 1893 quoniamque
711 1851 796 1878 non
815 1836 992 1877 dubium
1013 1846 1091 1885 est,
1111 1836 1213 1891 quin
1232 1834 1275 1876 in
1295 1835 1360 1885 iis,
1380 1851 1476 1890 quae

33 1894 172 1935 media
211 1895 404 1945 dicimus,
444 1895 498 1935 sit
534 1894 647 1934 aliud
695 1893 966 1942 sumendum,
1006 1892 1120 1933 aliud
1169 1891 1473 1947 rejiciendum:

34 1951 240 2006 quidquid
272 1951 330 1991 ita
358 1951 418 2001 fit,
439 1961 512 1992 aut
541 1951 707 2000 dicitur,
727 1950 945 1991 communi
976 1949 1114 1990 officio
1136 1949 1392 1990 continetur.
1425 1963 1476 1990 ex

33 2022 118 2063 quo
151 2008 414 2062 intelligitur,
453 2007 651 2062 quoniam
686 2021 730 2047 se
763 2006 876 2062 ipsos
905 2020 1053 2046 omnes
1090 2016 1239 2046 natura
1274 2005 1474 2061 diligunt,

32 2072 119 2104 tam
152 2064 434 2119 insipientem,
467 2079 594 2120 quam
632 2063 879 2118 sapientem,
911 2070 1166 2113 sumturum,
1198 2077 1294 2117 quae
1326 2076 1476 2103 secun-

34 2119 136 2161 dum
163 2130 353 2161 naturam
389 2121 486 2170 sint,
517 2121 857 2176 rejecturumque
888 2119 1109 2160 contraria.
1169 2120 1235 2159 Ita
1255 2127 1319 2159 est
1338 2119 1475 2174 quod-

34 2176 130 2217 dam
165 2192 394 2218 commune
427 2177 612 2218 officium
647 2176 861 2231 sapientis,
898 2184 942 2216 et
973 2175 1220 2231 insipientis.
1254 2184 1291 2207 10
1304 2190 1354 2216 ex
1385 2190 1471 2230 quo

33 2233 222 2284 efficitur,
243 2234 394 2275 versari
413 2235 455 2274 in
478 2234 541 2283 iis,
558 2248 653 2288 quae
674 2233 815 2273 media
844 2231 1049 2273 dicamus.
1108 2231 1192 2271 Sed
1206 2230 1309 2273 vcum
1329 2231 1383 2273 ab
1405 2232 1470 2272 his
1482 2229 1534 2266 60

33 2290 175 2331 omnia
193 2290 510 2346 proficiscantur
532 2289 684 2340 officia,
708 2304 794 2330 non
816 2289 905 2329 sine
924 2302 1051 2329 causa
1076 2287 1245 2338 dicitur,
1265 2287 1318 2328 ad
1337 2301 1387 2328 ea
1406 2302 1472 2329 re-

75 2395 92 2420 6
109 2397 204 2420 tamen
226 2390 293 2430 esse]
321 2398 416 2420 tamen
438 2391 581 2420 alienum
600 2391 639 2420 ab
656 2390 690 2420 h.
707 2389 729 2420 l.
777 2388 945 2431 (amicitia)
961 2389 998 2418 sit
1013 2401 1049 2418 ex
1064 2400 1092 2417 eo
1105 2399 1208 2428 genere
1220 2399 1285 2430 quae
1296 2388 1421 2428 prosint.

33 2434 162 2472 putabat
177 2435 336 2464 Davisius.
352 2435 437 2473 quod
454 2443 518 2463 non
533 2440 588 2463 est.
600 2435 731 2463 refertur
818 2439 834 2466 Β
851 2433 906 2462 erit
928 2439 1024 2462 autem
1040 2432 1128 2461 etiam
1147 2431 1322 2469 inchoatum]
1340 2433 1406 2462 Aut
1420 2432 1473 2462 de-

31 2476 71 2505 ad
83 2476 203 2515 futurae
222 2484 288 2516 post
312 2484 429 2506 mortem
442 2489 451 2505 :
476 2477 509 2506 in
533 2486 597 2515 quo
614 2477 666 2505 etsi
681 2477 730 2505 in·
773 2475 907 2506 lendum
923 2482 1089 2508 testantem,
1106 2475 1192 2513 quod
1215 2474 1309 2512 plane
1328 2473 1471 2505 alienum

32 2518 130 2558 telligi
149 2526 271 2558 potest:
297 2527 437 2558 suntque
460 2527 491 2549 et
513 2520 573 2549 alia
596 2520 678 2555 loca,
697 2520 730 2549 in
773 2526 831 2555 est,
849 2526 903 2548 aut
919 2519 988 2548 ite-m
1004 2518 1189 2557 legendum,
1207 2517 1308 2547 deleto
1325 2518 1424 2547 etiam.

31 2562 147 2599 quibus
169 2564 214 2593 sic
237 2570 332 2592 tamen
355 2563 482 2602 ponitur
497 2573 527 2592 v.
545 2562 632 2592 Clav.
651 2572 728 2592 mox
817 2569 835 2594 9
848 2562 935 2602 facit
958 2567 1031 2590 recte
1045 2559 1181 2601 factum]
1202 2561 1314 2591 Facilis
1335 2568 1381 2590 est
1404 2570 1471 2590 eor-

32 2604 146 2635 iterum
161 2606 206 2636 sic
223 2607 283 2636 fere
298 2607 412 2636 dicitur
428 2612 534 2636 tamen.
771 2606 866 2634 rectio
884 2605 1030 2635 Lambini
1037 2603 1083 2643 fit
1099 2603 1401 2643 rectefhctum.fi1cit
1416 2613 1471 2643 po-

75 2652 90 2681 7
109 2659 138 2678 a.
157 2647 273 2690 aliquid
292 2655 344 2678 aut
356 2649 463 2690 facere
486 2647 593 2686 eorum]
621 2658 726 2684 eorum,
769 2647 867 2677 stulat
882 2647 959 2677 illud
979 2646 1123 2677 additum.
1168 2647 1317 2676 Davisius
1333 2646 1473 2676 malebat

30 2688 55 2718 si
81 2696 170 2720 esta
199 2692 363 2727 Cicerone,
391 2692 591 2722 referendum
617 2698 663 2721 est
688 2691 729 2720 ad
772 2690 886 2721 evadit.

32 2730 90 2778 gius
113 2734 235 2771 generis,
265 2735 383 2774 aliquid
408 2744 533 2771 eorum,
564 2743 636 2773 quae
666 2734 730 2763 sint
817 2741 855 2764 10
879 2745 915 2763 ex
937 2743 990 2774 quo
1014 2731 1149 2773 efficitur,
1164 2732 1281 2763 versari
1296 2731 1326 2760 in
1341 2731 1376 2760 iis
1394 2729 1467 2770 δια]

31 2783 102 2812 ejus
131 2779 268 2813 generis:
304 2778 358 2808 sed
387 2784 434 2807 est
461 2785 570 2807 tamen
604 2777 726 2812 durius,
770 2777 887 2806 versari
903 2777 959 2806 int.
973 2776 1130 2807 officium.

34 2817 210 2859 malimque
231 2819 337 2850 deleri.
381 2821 433 2851 Sic
452 2821 533 2851 infra
548 2829 575 2849 c.
596 2827 645 2851 21.
658 2819 727 2861 quia

765 2873 848 2914 ΜΒ
