1768 3095
255 108 327 141 142
558 105 629 141 DE
660 105 815 142 FINIB.
836 104 1035 142 BONOR.
1057 105 1123 141 ET
1150 103 1360 140 MALOR.

166 219 237 252 114
251 211 464 262 virtutum,
499 197 571 252 sed
601 211 780 253 ministri
810 212 934 253 etiam
970 212 1232 253 videbuntur.
1292 210 1424 262 Quid,
1447 210 1481 251 si
1512 207 1554 251 in
1587 210 1679 266 ipso

249 282 424 323 corpore
455 277 491 305 87
510 269 645 310 multa
676 269 882 324 voluptati
914 269 1196 325 praeponenda
1224 278 1334 318 sunt,
1362 276 1410 308 ut
1438 267 1556 317 vires,
1579 266 1688 307 vali-·

248 325 369 376 tudo,
390 325 603 375 velocitas,
625 325 866 381 pulcritudo
885 327 898 365 ?
931 325 1031 380 quid
1063 325 1232 367 tandem
1260 325 1300 365 in
1331 324 1479 364 animis
1501 337 1644 364 censes
1663 325 1676 363 ?

249 382 290 422 in
321 382 472 437 quibus
503 382 736 422 doctissimi
771 381 831 422 illi
864 392 1020 422 veteres
1054 383 1185 422 inesse
1217 380 1418 437 quiddam
1448 380 1614 420 caeleste
1638 387 1683 420 et

249 438 434 479 divinum
456 447 717 493 putaverunt.
750 437 865 492 quod
886 438 919 478 si
939 448 1049 479 esset
1069 439 1109 478 in
1132 439 1345 493 voluptate
1367 451 1580 477 summum
1602 436 1681 476 bo-

250 511 349 535 num
378 497 442 546 (ut
474 494 642 545 dicitis,)
674 494 860 548 optabile
889 503 1012 543 esset,
1033 495 1073 534 in
1102 495 1314 549 voluptate
1341 493 1538 543 maxima,
1564 491 1682 533 nullo

251 551 466 592 intervallo
487 551 720 606 interjecto,
741 549 827 589 dies
848 560 1078 604 noctesque
1107 551 1272 601 versari,
1293 565 1391 590 cum
1419 564 1565 590 omnes
1587 562 1683 589 sen-

250 623 320 648 sus
341 606 562 647 dulcedine
582 607 698 646 omni
718 606 835 661 quasi
866 606 1022 660 perfusi
1051 618 1330 647 moverentur.
1391 606 1499 648 Quis
1522 615 1586 646 est
1605 619 1680 645 au-

251 674 337 705 tem
359 663 512 719 dignus
532 663 700 703 nomine
725 662 921 712 hominis,
943 663 1014 717 qui
1036 678 1164 703 unum
1185 662 1294 702 diem
1317 672 1455 704 totum
1477 662 1573 703 velit
1593 675 1684 702 esse

168 721 294 761 usin
325 722 404 761 isto
436 734 591 774 genere
620 718 876 773 voluptatis?
913 718 1136 774 Cyrenaici
1167 719 1337 774 quidem
1359 734 1443 760 non
1474 726 1683 759 recusant.

250 777 373 817 vestri
394 776 484 816 haec
506 775 778 816 verecundius
798 792 806 815 :
840 783 878 806 85
893 775 952 815 illi
973 776 1148 816 fortasse
1168 776 1441 816 constantius.

307 832 389 872 Sed
420 833 646 873 lustremus
676 832 817 872 animo
849 846 932 873 non
962 831 1036 872 has
1065 832 1268 872 maximas
1295 842 1419 882 artes,
1441 830 1592 886 quibus
1611 830 1684 886 qui

250 889 461 938 carebant,
501 889 652 929 inertes
687 903 712 928 a
744 889 974 944 majoribus
1014 889 1367 929 nominabantur:
1414 887 1487 929 sed
1525 901 1686 942 quaero,

252 961 352 986 num
374 945 584 986 existimes
607 960 690 985 non
709 944 805 985 dico
827 947 1081 995 Homerum,
1098 944 1421 996 Archilochum,
1443 943 1684 994 Pindarum,

252 1002 325 1042 sed
348 1001 551 1051 Phidiam,
574 1001 854 1057 polycletum,
877 1003 1051 1052 Zeuxin,
1077 1001 1128 1042 ad
1159 1001 1418 1056 voluptatem
1449 1009 1558 1041 artes
1589 1014 1686 1041 suas

252 1058 479 1099 direxisse?
525 1060 641 1113 Ergo
682 1058 820 1113 opifex
857 1058 950 1113 plus
989 1059 1066 1099 sibi
1104 1066 1311 1113 proponet
1347 1057 1400 1098 ad
1437 1057 1685 1107 formarum,

253 1130 380 1171 quam
398 1115 495 1156 civis
516 1115 722 1155 excellens
741 1114 790 1155 ad
814 1116 1021 1156 sactorum
1041 1113 1365 1170 pulcritudinem
1382 1116 1394 1154 ?
1429 1129 1522 1168 quae
1541 1122 1684 1153 autem

251 1182 315 1212 est
346 1171 427 1212 alia
460 1187 587 1212 causa
617 1171 766 1211 erroris
797 1172 915 1221 tanti,
946 1181 1030 1212 tam
1064 1171 1205 1225 longe,
1233 1171 1399 1226 lateque
1428 1169 1582 1218 diffusi,
1607 1169 1687 1210 nisi

252 1228 367 1284 quod
389 1229 436 1279 is,
457 1229 528 1283 qui
548 1228 806 1282 voluptatem
839 1243 1053 1268 summum
1085 1228 1244 1267 bonum
1265 1241 1354 1267 esse
1380 1225 1580 1276 decernit,
1600 1240 1686 1266 non

253 1300 351 1325 cum
370 1299 418 1324 ea
437 1294 553 1339 parte
575 1285 716 1334 animi,
738 1284 779 1324 in
810 1299 893 1340 qua
923 1284 1032 1324 inest
1061 1284 1182 1333 ratio,
1203 1292 1329 1338 atque
1355 1282 1592 1331 consilium,
1613 1280 1686 1322 sed

253 1356 351 1382 cum
371 1341 616 1396 cupiditate,
638 1340 680 1380 id
700 1349 778 1389 est,
799 1355 895 1381 cum
917 1341 1043 1380 animi
1065 1339 1273 1381 levissima
1300 1348 1418 1394 parte
1448 1339 1652 1380 deliberat
1670 1339 1684 1379 ?

169 1398 242 1436 116
255 1399 415 1440 Quaero
447 1397 558 1438 enim
587 1397 640 1437 de
675 1405 745 1437 te:
777 1398 810 1438 si
841 1408 939 1438 sunt
970 1397 1043 1447 dii,
1073 1406 1121 1437 ut
1151 1411 1224 1437 vos
1254 1397 1381 1436 etiam
1411 1396 1582 1451 putatis,
1613 1394 1687 1450 qui

147 1478 177 1507 p.
193 1463 431 1510 89.possunt
461 1468 550 1494 esse
585 1454 712 1505 beati,
749 1469 848 1494 cum
881 1454 1115 1508 voluptates
1147 1467 1324 1508 corpore
1358 1452 1571 1507 percipere
1601 1465 1687 1492 non

215 1519 244 1539 Β·
257 1511 447 1566 possint?
481 1518 553 1550 aut
573 1510 606 1550 si
627 1510 714 1551 sine
748 1525 799 1551 eo
826 1524 981 1565 genere
1009 1509 1236 1565 voluptatis
1267 1509 1381 1550 beati
1404 1518 1515 1559 sunt,
1535 1522 1610 1548 cur
1630 1508 1688 1548 si-

169 1567 397 1622 35milem
433 1567 561 1607 animi
596 1582 719 1607 usum
758 1568 798 1607 in
835 1567 1022 1621 sapiente
1057 1580 1148 1607 esse
1182 1565 1355 1606 nolitis?
1389 1567 1507 1620 Lege
1539 1563 1687 1605 lauda-

253 1624 404 1674 tiones,
435 1624 664 1679 Torquate,
686 1638 769 1664 non
801 1637 964 1673 eorum,
987 1623 1059 1678 qui
1090 1632 1187 1663 sunt
1216 1623 1269 1662 ab
1300 1623 1493 1663 Homero
1511 1620 1687 1671 laudati,

254 1695 338 1721 non
359 1679 477 1736 Cyri,
500 1695 582 1720 non
603 1680 809 1736 Agesilai,
831 1695 914 1720 non
933 1679 1146 1729 Aristidis,
1165 1694 1249 1720 non
1265 1677 1579 1728 Themistoclis,
1601 1690 1685 1717 non

254 1737 450 1792 Philippi,
491 1751 573 1776 non
600 1734 864 1777 Alexandri:
904 1736 1000 1791 lege
1036 1745 1276 1776 nostrorum
1316 1735 1555 1785 hominum,
1591 1733 1687 1789 lege

252 1804 398 1834 vestrae
427 1793 624 1833 familiae:
659 1793 867 1834 neminem
903 1792 1062 1833 videbis
1098 1793 1157 1833 ita
1193 1791 1426 1842 laudatum,
1456 1799 1505 1831 ut
1537 1790 1688 1831 artifex

252 1849 431 1891 callidus
462 1850 838 1904 comparandarum
870 1849 1136 1904 voluptatum
1172 1848 1392 1889 diceretur.
1427 1862 1510 1888 non
1546 1846 1689 1901 elogia

252 1915 625 1947 monumentorum
645 1906 687 1946 id
708 1906 960 1961 significant,
981 1915 1019 1940 89
1035 1905 1148 1946 velut
1162 1905 1244 1945 hoc
1265 1904 1317 1944 ad
1339 1904 1534 1959 portam?
1569 1903 1684 1944 UNo

256 1976 354 2004 ORE
398 1977 483 2004 cm
527 1976 773 2004 PLURIMAE
827 1974 1191 2004 CONSENTIUNT
1245 1974 1458 2010 GENTES,
1501 1972 1684 2000 popum

166 2031 238 2072 117
256 2033 556 2060 PRIMARIUM
585 2033 759 2060 FUISSE
783 2033 970 2060 v1RUM.
1020 2018 1123 2059 Idne
1142 2017 1398 2059 consensisse
1417 2016 1469 2057 de
1489 2015 1687 2057 Calatino

250 2076 452 2131 plurimas
480 2084 628 2131 gentes
657 2076 922 2127 arbitramur,
952 2075 1198 2131 primarium
1223 2073 1372 2129 populi
1399 2073 1542 2123 fuisse,
1568 2071 1687 2127 quod

248 2132 617 2187 praestantissimus
639 2132 786 2173 fuisset
805 2133 846 2173 in
867 2131 1134 2173 conficiendis
1153 2130 1439 2185 voluptatibus
1458 2130 1471 2170 ?
1504 2130 1622 2183 Ergo
1643 2129 1687 2169 in

247 2189 297 2229 iis
317 2188 656 2230 adolescentibus
677 2188 834 2229 bonam
857 2203 974 2244 spem
995 2203 1086 2230 esse
1115 2187 1317 2238 dicemus,
1337 2196 1380 2227 et
1397 2200 1599 2241 magnam
1622 2185 1686 2225 in-

248 2324 334 2354 nistri
362 2323 449 2353 etiam
474 2320 665 2361 videbuntur]
694 2323 824 2361 Optime
850 2322 946 2352 Davi—

248 2368 314 2397 sius
334 2367 468 2396 correxit
489 2365 674 2404 voluptatum
696 2372 727 2394 et
749 2365 946 2394 videbantur.-

249 2420 326 2440 nam
343 2410 422 2439 illud
438 2419 485 2439 res
500 2409 663 2438 desiderat.
687 2409 747 2438 hoc
765 2415 795 2437 et
812 2409 843 2437 in
860 2408 944 2437 libris

248 2453 370 2491 aliquot
394 2459 552 2491 repertum
577 2458 634 2487 est,
651 2459 759 2490 estque
778 2452 810 2480 in
834 2451 882 2480 ed.
899 2461 944 2489 pr.

249 2496 330 2526 Ven.
350 2496 408 2524 ἃς.

292 2545 328 2572 87
358 2536 450 2565 multa
475 2535 622 2573 voluptati
644 2535 836 2574 praepone'nda
862 2534 941 2573 sunt]

247 2581 329 2611 Haec
345 2587 390 2609 est
405 2587 477 2608 vera
499 2578 603 2607 lectio.
629 2579 659 2607 in
684 2580 732 2609 ed.
750 2579 803 2607 Gr.
820 2584 944 2616 esrpro-

239 2623 385 2664 ponenda,
402 2622 489 2656 vitio,
505 2621 628 2659 opinor,
645 2631 823 2659 operarum.

293 2672 331 2695 88
349 2665 394 2694 illi
406 2665 440 2704 f.
464 2662 652 2702 constantius]
676 2664 778 2702 Magis
794 2663 944 2692 conveni-

247 2715 335 2739 enter
350 2707 508 2747 principiis
531 2705 740 2746 philosophiae
755 2712 785 2735 et
802 2706 943 2745 opinioni

245 2753 287 2782 de
303 2760 435 2781 summo
450 2751 546 2779 bono.

292 2801 331 2827 89
347 2793 429 2823 velut
445 2793 493 2821 hoc
505 2792 546 2821 ad
558 2796 674 2830 portam
691 2790 764 2829 δια]
784 2792 875 2821 Varie
892 2791 944 2821 hic

247 2838 337 2868 locus
361 2842 509 2867 tentatur.
531 2846 563 2867 v.
588 2834 740 2865 Burman.
766 2835 804 2864 V.
821 2835 857 2865 C.
877 2834 945 2864 An-

989 2321 1069 2351 thol.
1084 2322 1123 2352 T.
1139 2321 1165 2350 Ι.
1182 2330 1212 2359 p.
1231 2327 1303 2350 210.
1336 2320 1402 2358 Ego
1418 2319 1463 2349 nil
1479 2326 1581 2349 muto.
1615 2320 1687 2350 Fuit

988 2371 1096 2394 autem
1123 2363 1258 2394 Calatini
1285 2363 1468 2402 sepulcrum
1495 2363 1534 2392 ad
1561 2369 1684 2402 portam

988 2407 1163 2446 Capenam,
1180 2412 1309 2436 auctore·
1329 2405 1480 2435 Cicerone
1493 2406 1591 2436 Tusc.
1610 2406 1636 2441 Ι,
1655 2412 1685 2440 7.

987 2458 1017 2479 et
1033 2450 1109 2479 forte
1131 2449 1304 2487 legendum
1327 2449 1379 2477 hic
1400 2448 1440 2476 ad
1456 2455 1571 2487 portam
1592 2448 1686 2488 Cape-

987 2504 1067 2522 nam.
1111 2493 1194 2522 Bene
1226 2492 1387 2521 Fabrettus
1418 2492 1451 2520 in
1482 2492 1625 2531 Inscript.
1653 2501 1686 2531 p.

989 2540 1062 2565 461.
1086 2535 1217 2570 notavit,
1235 2535 1267 2563 in
1285 2535 1346 2564 hoc
1367 2533 1469 2573 elogio
1492 2543 1558 2564 esse
1581 2534 1686 2564 imita-

988 2579 1108 2607 tionem
1133 2579 1213 2616 ejus,
1238 2578 1324 2615 quod
1350 2584 1395 2607 est
1421 2578 1453 2606 in
1472 2576 1608 2607 lamellis
1631 2577 1687 2606 Ti-

988 2621 1121 2651 burtinis
1135 2633 1140 2649 t
1170 2621 1253 2650 Hunc
1267 2630 1354 2648 unum
1372 2619 1495 2658 plurimi
1511 2619 1686 2649 consentiunt

989 2664 1100 2700 Romae,
1126 2664 1267 2692 Bonorum
1291 2663 1429 2700 optimum
1445 2662 1544 2702 fuisse
1569 2663 1683 2699 virum,

990 2706 1026 2736 L.
1057 2706 1228 2743 Scipionem.
1274 2705 1367 2735 Unde
1393 2705 1486 2735 liceat
1514 2705 1684 2743 conjicere,

988 2750 1072 2788 apud
1096 2749 1282 2779 Ciceronem
1308 2748 1499 2788 legendum:
1524 2749 1610 2778 Hunc
1631 2759 1684 2777 uno

988 2803 1034 2820 ore
1053 2791 1110 2830 pl„
1138 2798 1193 2821 aut
1215 2791 1311 2821 etiam
1337 2803 1382 2820 ore
1401 2790 1574 2822 delendum
1594 2796 1624 2820 et
1641 2790 1684 2820 le-

988 2836 1130 2875 gendum
1147 2835 1232 2866 Hunc
1246 2844 1334 2864 unum
1347 2836 1407 2865 ὅτε.
