<?xml version="1.0" encoding="UTF-8"?>
<!DOCTYPE html PUBLIC "-//W3C//DTD XHTML 1.0 Transitional//EN"
    "http://www.w3.org/TR/xhtml1/DTD/xhtml1-transitional.dtd">
<html xmlns="http://www.w3.org/1999/xhtml" xml:lang="en" lang="en">
 <head>
  <title>
</title>
<meta http-equiv="Content-Type" content="text/html;charset=utf-8" />
  <meta name='ocr-system' content='tesseract 3.04.00' />
  <meta name='ocr-capabilities' content='ocr_page ocr_carea ocr_par ocr_line ocrx_word'/>
</head>
<body>
  <div class='ocr_page' id='page_1' title='image "./p1operaomnia04ciceuoft_0562.png"; bbox 0 0 1778 3095; ppageno 0'>
   <div class='ocr_carea' id='block_1_1' title="bbox 133 138 1694 2389">
    <p class='ocr_par' dir='ltr' id='par_1_1' title="bbox 165 138 1678 373">
     <span class='ocr_line' id='line_1_1' title="bbox 246 138 1235 187; baseline -0.009 0"><span class='ocrx_word' id='word_1_1' title='bbox 246 152 326 187; x_wconf 83' lang='lat'>554</span> <span class='ocrx_word' id='word_1_2' title='bbox 686 143 766 181; x_wconf 90' lang='lat' dir='ltr'>DE</span> <span class='ocrx_word' id='word_1_3' title='bbox 806 138 1235 180; x_wconf 88' lang='lat' dir='ltr'>DIVINATIONE</span> 
     </span>
     <span class='ocr_line' id='line_1_2' title="bbox 166 245 1678 315; baseline -0.003 -19"><span class='ocrx_word' id='word_1_4' title='bbox 166 266 235 315; x_wconf 83' lang='lat'>53</span> <span class='ocrx_word' id='word_1_5' title='bbox 249 269 344 311; x_wconf 87' lang='lat' dir='ltr'>quae</span> <span class='ocrx_word' id='word_1_6' title='bbox 384 252 535 303; x_wconf 84' lang='lat' dir='ltr'>absint,</span> <span class='ocrx_word' id='word_1_7' title='bbox 572 251 774 293; x_wconf 86' lang='lat' dir='ltr'>interisse.</span> <span class='ocrx_word' id='word_1_8' title='bbox 832 248 1078 305; x_wconf 86' lang='lat' dir='ltr'>Eademque</span> <span class='ocrx_word' id='word_1_9' title='bbox 1116 248 1243 289; x_wconf 88' lang='lat' dir='ltr'>efficit</span> <span class='ocrx_word' id='word_1_10' title='bbox 1279 247 1322 288; x_wconf 88' lang='lat' dir='ltr'>in</span> <span class='ocrx_word' id='word_1_11' title='bbox 1358 245 1502 289; x_wconf 85' lang='lat' dir='ltr'>avibus</span> <span class='ocrx_word' id='word_1_12' title='bbox 1541 247 1678 292; x_wconf 77' lang='lat' dir='ltr'>divina</span> 
     </span>
     <span class='ocr_line' id='line_1_3' title="bbox 165 303 1676 373; baseline -0.003 -21"><span class='ocrx_word' id='word_1_13' title='bbox 165 341 239 373; x_wconf 85' lang='lat'>120</span> <span class='ocrx_word' id='word_1_14' title='bbox 251 325 368 352; x_wconf 88' lang='lat' dir='ltr'>mens</span> <span class='ocrx_word' id='word_1_15' title='bbox 385 326 396 362; x_wconf 84' lang='lat'><em>3</em></span> <span class='ocrx_word' id='word_1_16' title='bbox 428 320 475 352; x_wconf 88' lang='lat' dir='ltr'>ut</span> <span class='ocrx_word' id='word_1_17' title='bbox 504 318 593 350; x_wconf 88' lang='lat' dir='ltr'>tum</span> <span class='ocrx_word' id='word_1_18' title='bbox 622 308 722 357; x_wconf 89' lang='lat' dir='ltr'>huc,</span> <span class='ocrx_word' id='word_1_19' title='bbox 751 316 842 349; x_wconf 89' lang='lat' dir='ltr'>tum</span> <span class='ocrx_word' id='word_1_20' title='bbox 868 306 967 347; x_wconf 90' lang='lat' dir='ltr'>illuc</span> <span class='ocrx_word' id='word_1_21' title='bbox 997 307 1136 347; x_wconf 90' lang='lat' dir='ltr'>volent</span> <span class='ocrx_word' id='word_1_22' title='bbox 1167 312 1206 336; x_wconf 72' lang='lat'>60</span> <span class='ocrx_word' id='word_1_23' title='bbox 1221 304 1364 346; x_wconf 80' lang='lat' dir='ltr'><strong>alites:</strong></span> <span class='ocrx_word' id='word_1_24' title='bbox 1396 311 1487 345; x_wconf 90' lang='lat' dir='ltr'>tum</span> <span class='ocrx_word' id='word_1_25' title='bbox 1515 303 1556 345; x_wconf 90' lang='lat' dir='ltr'>in</span> <span class='ocrx_word' id='word_1_26' title='bbox 1583 304 1676 357; x_wconf 91' lang='lat' dir='ltr'>hac,</span> 
     </span>
    </p>

    <p class='ocr_par' dir='ltr' id='par_1_2' title="bbox 164 360 1682 816">
     <span class='ocr_line' id='line_1_4' title="bbox 249 360 1678 420; baseline -0.003 -12"><span class='ocrx_word' id='word_1_27' title='bbox 249 378 339 409; x_wconf 83' lang='lat' dir='ltr'>tum</span> <span class='ocrx_word' id='word_1_28' title='bbox 367 367 409 408; x_wconf 93' lang='lat' dir='ltr'>in</span> <span class='ocrx_word' id='word_1_29' title='bbox 438 367 507 407; x_wconf 90' lang='lat' dir='ltr'>illa</span> <span class='ocrx_word' id='word_1_30' title='bbox 536 374 652 420; x_wconf 85' lang='lat' dir='ltr'>parte</span> <span class='ocrx_word' id='word_1_31' title='bbox 678 379 722 405; x_wconf 89' lang='lat' dir='ltr'>se</span> <span class='ocrx_word' id='word_1_32' title='bbox 747 364 987 405; x_wconf 87' lang='lat' dir='ltr'>occultent:</span> <span class='ocrx_word' id='word_1_33' title='bbox 1020 373 1110 404; x_wconf 88' lang='lat' dir='ltr'>tum</span> <span class='ocrx_word' id='word_1_34' title='bbox 1131 377 1156 403; x_wconf 92' lang='lat' dir='ltr'>a</span> <span class='ocrx_word' id='word_1_35' title='bbox 1175 362 1334 411; x_wconf 76' lang='lat' dir='ltr'>dextra,</span> <span class='ocrx_word' id='word_1_36' title='bbox 1355 369 1446 401; x_wconf 89' lang='lat' dir='ltr'>tum</span> <span class='ocrx_word' id='word_1_37' title='bbox 1472 375 1498 401; x_wconf 87' lang='lat' dir='ltr'>a</span> <span class='ocrx_word' id='word_1_38' title='bbox 1515 360 1678 403; x_wconf 86' lang='lat' dir='ltr'>sinistra</span> 
     </span>
     <span class='ocr_line' id='line_1_5' title="bbox 248 416 1676 480; baseline -0.005 -15"><span class='ocrx_word' id='word_1_39' title='bbox 248 434 366 480; x_wconf 87' lang='lat' dir='ltr'>parte</span> <span class='ocrx_word' id='word_1_40' title='bbox 394 431 543 463; x_wconf 88' lang='lat' dir='ltr'>canant</span> <span class='ocrx_word' id='word_1_41' title='bbox 571 421 745 462; x_wconf 85' lang='lat' dir='ltr'>oscines.</span> <span class='ocrx_word' id='word_1_42' title='bbox 804 422 919 461; x_wconf 85' lang='lat' dir='ltr'>Nam</span> <span class='ocrx_word' id='word_1_43' title='bbox 945 419 977 460; x_wconf 86' lang='lat' dir='ltr'>si</span> <span class='ocrx_word' id='word_1_44' title='bbox 997 419 1150 460; x_wconf 77' lang='lat' dir='ltr'>animal</span> <span class='ocrx_word' id='word_1_45' title='bbox 1171 431 1308 466; x_wconf 76' lang='lat' dir='ltr'>mnne,</span> <span class='ocrx_word' id='word_1_46' title='bbox 1328 426 1373 457; x_wconf 90' lang='lat' dir='ltr'>ut</span> <span class='ocrx_word' id='word_1_47' title='bbox 1394 416 1495 468; x_wconf 87' lang='lat' dir='ltr'>vult,</span> <span class='ocrx_word' id='word_1_48' title='bbox 1517 417 1575 457; x_wconf 89' lang='lat' dir='ltr'>ita</span> <span class='ocrx_word' id='word_1_49' title='bbox 1594 417 1676 458; x_wconf 87' lang='lat' dir='ltr'>uti-</span> 
     </span>
     <span class='ocr_line' id='line_1_6' title="bbox 248 473 1680 532; baseline -0.003 -12"><span class='ocrx_word' id='word_1_50' title='bbox 248 489 318 521; x_wconf 78' lang='lat' dir='ltr'>tur</span> <span class='ocrx_word' id='word_1_51' title='bbox 348 493 467 520; x_wconf 83' lang='lat' dir='ltr'>motu</span> <span class='ocrx_word' id='word_1_52' title='bbox 497 478 560 519; x_wconf 87' lang='lat' dir='ltr'>sui</span> <span class='ocrx_word' id='word_1_53' title='bbox 590 477 791 532; x_wconf 69' lang='lat' dir='ltr'>corporis,</span> <span class='ocrx_word' id='word_1_54' title='bbox 822 491 970 531; x_wconf 87' lang='lat' dir='ltr'>prono,</span> <span class='ocrx_word' id='word_1_55' title='bbox 1001 475 1188 530; x_wconf 53' lang='lat' dir='ltr'>obliquo,</span> <span class='ocrx_word' id='word_1_56' title='bbox 1220 474 1382 529; x_wconf 80' lang='lat' dir='ltr'>supino,</span> <span class='ocrx_word' id='word_1_57' title='bbox 1405 473 1680 529; x_wconf 87' lang='lat' dir='ltr'>membraque</span> 
     </span>
     <span class='ocr_line' id='line_1_7' title="bbox 249 529 1680 592; baseline -0.004 -15"><span class='ocrx_word' id='word_1_58' title='bbox 249 549 520 592; x_wconf 65' lang='lat' dir='ltr'>quocumque</span> <span class='ocrx_word' id='word_1_59' title='bbox 551 534 636 575; x_wconf 84' lang='lat' dir='ltr'>vult</span> <span class='ocrx_word' id='word_1_60' title='bbox 668 534 812 581; x_wconf 60' lang='lat' dir='ltr'>flectit,</span> <span class='ocrx_word' id='word_1_61' title='bbox 839 540 1106 586; x_wconf 16' lang='lat' dir='ltr'>contorquet,</span> <span class='ocrx_word' id='word_1_62' title='bbox 1126 531 1318 586; x_wconf 65' lang='lat' dir='ltr'>porrigit,</span> <span class='ocrx_word' id='word_1_63' title='bbox 1339 529 1576 580; x_wconf 84' lang='lat' dir='ltr'>contrahit3</span> <span class='ocrx_word' id='word_1_64' title='bbox 1608 545 1680 571; x_wconf 89' lang='lat' dir='ltr'>ea-</span> 
     </span>
     <span class='ocr_line' id='line_1_8' title="bbox 250 586 1679 648; baseline -0.005 -15"><span class='ocrx_word' id='word_1_65' title='bbox 250 608 331 648; x_wconf 90' lang='lat' dir='ltr'>que</span> <span class='ocrx_word' id='word_1_66' title='bbox 351 603 447 632; x_wconf 85' lang='lat' dir='ltr'>ante</span> <span class='ocrx_word' id='word_1_67' title='bbox 477 591 603 632; x_wconf 84' lang='lat' dir='ltr'>efficit</span> <span class='ocrx_word' id='word_1_68' title='bbox 631 605 762 645; x_wconf 73' lang='lat' dir='ltr'>paene,</span> <span class='ocrx_word' id='word_1_69' title='bbox 785 602 909 643; x_wconf 88' lang='lat' dir='ltr'>quam</span> <span class='ocrx_word' id='word_1_70' title='bbox 933 587 1120 641; x_wconf 51' lang='lat' dir='ltr'>cogifat:</span> <span class='ocrx_word' id='word_1_71' title='bbox 1153 598 1310 642; x_wconf 63' lang='lat' dir='ltr'>quanto</span> <span class='ocrx_word' id='word_1_72' title='bbox 1332 586 1371 627; x_wconf 91' lang='lat' dir='ltr'>id</span> <span class='ocrx_word' id='word_1_73' title='bbox 1393 586 1473 627; x_wconf 83' lang='lat' dir='ltr'>deo</span> <span class='ocrx_word' id='word_1_74' title='bbox 1493 595 1557 627; x_wconf 88' lang='lat' dir='ltr'>est</span> <span class='ocrx_word' id='word_1_75' title='bbox 1576 586 1679 627; x_wconf 88' lang='lat' dir='ltr'>faci-</span> 
     </span>
     <span class='ocr_line' id='line_1_9' title="bbox 164 642 1682 704; baseline -0.005 -14"><span class='ocrx_word' id='word_1_76' title='bbox 164 656 231 687; x_wconf 85' lang='lat'>121</span> <span class='ocrx_word' id='word_1_77' title='bbox 250 649 346 699; x_wconf 82' lang='lat' dir='ltr'>lius,</span> <span class='ocrx_word' id='word_1_78' title='bbox 374 649 494 704; x_wconf 90' lang='lat' dir='ltr'>cujus</span> <span class='ocrx_word' id='word_1_79' title='bbox 526 646 684 687; x_wconf 86' lang='lat' dir='ltr'>numini</span> <span class='ocrx_word' id='word_1_80' title='bbox 716 652 862 700; x_wconf 87' lang='lat' dir='ltr'>parent</span> <span class='ocrx_word' id='word_1_81' title='bbox 891 644 1062 684; x_wconf 84' lang='lat' dir='ltr'>omnia?</span> <span class='ocrx_word' id='word_1_82' title='bbox 1097 643 1300 697; x_wconf 77' lang='lat' dir='ltr'>Idemque</span> <span class='ocrx_word' id='word_1_83' title='bbox 1330 643 1461 684; x_wconf 88' lang='lat' dir='ltr'>mittit</span> <span class='ocrx_word' id='word_1_84' title='bbox 1490 651 1533 683; x_wconf 92' lang='lat' dir='ltr'>et</span> <span class='ocrx_word' id='word_1_85' title='bbox 1562 642 1682 698; x_wconf 85' lang='lat' dir='ltr'>signa</span> 
     </span>
     <span class='ocr_line' id='line_1_10' title="bbox 250 698 1682 760; baseline -0.006 -13"><span class='ocrx_word' id='word_1_86' title='bbox 250 706 372 746; x_wconf 90' lang='lat' dir='ltr'>nobis</span> <span class='ocrx_word' id='word_1_87' title='bbox 390 705 480 760; x_wconf 87' lang='lat' dir='ltr'>ejus</span> <span class='ocrx_word' id='word_1_88' title='bbox 514 703 695 757; x_wconf 80' lang='lat' dir='ltr'>generiS,</span> <span class='ocrx_word' id='word_1_89' title='bbox 718 700 857 756; x_wconf 90' lang='lat' dir='ltr'>qualia</span> <span class='ocrx_word' id='word_1_90' title='bbox 881 699 1104 754; x_wconf 84' lang='lat' dir='ltr'>permulta,</span> <span class='ocrx_word' id='word_1_91' title='bbox 1127 699 1300 739; x_wconf 65' lang='lat' dir='ltr'>historia</span> <span class='ocrx_word' id='word_1_92' title='bbox 1326 699 1527 748; x_wconf 83' lang='lat' dir='ltr'>tradidit3</span> <span class='ocrx_word' id='word_1_93' title='bbox 1558 698 1682 754; x_wconf 91' lang='lat' dir='ltr'>quale</span> 
     </span>
     <span class='ocr_line' id='line_1_11' title="bbox 250 754 1682 816; baseline -0.005 -14"><span class='ocrx_word' id='word_1_94' title='bbox 250 761 454 816; x_wconf 87' lang='lat' dir='ltr'>scriptum</span> <span class='ocrx_word' id='word_1_95' title='bbox 485 759 588 801; x_wconf 88' lang='lat' dir='ltr'>illud</span> <span class='ocrx_word' id='word_1_96' title='bbox 616 757 805 798; x_wconf 87' lang='lat' dir='ltr'>videmus</span> <span class='ocrx_word' id='word_1_97' title='bbox 825 773 834 796; x_wconf 80' lang='lat' dir='ltr'><strong><em>z</em></strong></span> <span class='ocrx_word' id='word_1_98' title='bbox 866 756 901 796; x_wconf 86' lang='lat' dir='ltr'>si</span> <span class='ocrx_word' id='word_1_99' title='bbox 930 756 1029 796; x_wconf 90' lang='lat' dir='ltr'>luna</span> <span class='ocrx_word' id='word_1_100' title='bbox 1049 754 1192 810; x_wconf 87' lang='lat' dir='ltr'>paullo</span> <span class='ocrx_word' id='word_1_101' title='bbox 1211 765 1307 795; x_wconf 77' lang='lat' dir='ltr'>ante</span> <span class='ocrx_word' id='word_1_102' title='bbox 1327 755 1425 796; x_wconf 90' lang='lat' dir='ltr'>solis</span> <span class='ocrx_word' id='word_1_103' title='bbox 1446 766 1587 797; x_wconf 81' lang='lat' dir='ltr'>ortum</span> <span class='ocrx_word' id='word_1_104' title='bbox 1608 755 1682 796; x_wconf 87' lang='lat' dir='ltr'>de-</span> 
     </span>
    </p>

    <p class='ocr_par' dir='ltr' id='par_1_3' title="bbox 205 810 1686 1207">
     <span class='ocr_line' id='line_1_12' title="bbox 205 810 1682 870; baseline -0.005 -11"><span class='ocrx_word' id='word_1_105' title='bbox 205 823 238 854; x_wconf 88' lang='lat' dir='ltr'>b.</span> <span class='ocrx_word' id='word_1_106' title='bbox 250 818 416 859; x_wconf 87' lang='lat' dir='ltr'>fecisset</span> <span class='ocrx_word' id='word_1_107' title='bbox 446 816 486 856; x_wconf 88' lang='lat' dir='ltr'>in</span> <span class='ocrx_word' id='word_1_108' title='bbox 518 815 641 870; x_wconf 85' lang='lat' dir='ltr'>signo</span> <span class='ocrx_word' id='word_1_109' title='bbox 672 813 818 863; x_wconf 88' lang='lat' dir='ltr'>leonis,</span> <span class='ocrx_word' id='word_1_110' title='bbox 841 813 945 861; x_wconf 85' lang='lat' dir='ltr'>fore,</span> <span class='ocrx_word' id='word_1_111' title='bbox 975 821 1023 853; x_wconf 91' lang='lat' dir='ltr'>ut</span> <span class='ocrx_word' id='word_1_112' title='bbox 1052 811 1177 852; x_wconf 88' lang='lat' dir='ltr'>armis</span> <span class='ocrx_word' id='word_1_113' title='bbox 1206 811 1376 860; x_wconf 87' lang='lat' dir='ltr'>Darius,</span> <span class='ocrx_word' id='word_1_114' title='bbox 1405 821 1446 852; x_wconf 92' lang='lat' dir='ltr'>et</span> <span class='ocrx_word' id='word_1_115' title='bbox 1472 812 1605 852; x_wconf 81' lang='lat' dir='ltr'>Persae</span> <span class='ocrx_word' id='word_1_116' title='bbox 1628 810 1682 852; x_wconf 91' lang='lat' dir='ltr'>ab</span> 
     </span>
     <span class='ocr_line' id='line_1_13' title="bbox 248 867 1682 924; baseline -0.004 -9"><span class='ocrx_word' id='word_1_117' title='bbox 248 872 491 916; x_wconf 88' lang='lat' dir='ltr'>Alexandro</span> <span class='ocrx_word' id='word_1_118' title='bbox 513 880 556 911; x_wconf 90' lang='lat' dir='ltr'>et</span> <span class='ocrx_word' id='word_1_119' title='bbox 577 869 885 912; x_wconf 82' lang='lat' dir='ltr'>Macedonibus</span> <span class='ocrx_word' id='word_1_120' title='bbox 916 875 952 900; x_wconf 83' lang='lat'>61</span> <span class='ocrx_word' id='word_1_121' title='bbox 976 867 1126 922; x_wconf 83' lang='lat' dir='ltr'>proelio</span> <span class='ocrx_word' id='word_1_122' title='bbox 1146 867 1422 916; x_wconf 81' lang='lat' dir='ltr'>vincerentur,</span> <span class='ocrx_word' id='word_1_123' title='bbox 1443 868 1682 924; x_wconf 86' lang='lat' dir='ltr'>Dariusque</span> 
     </span>
     <span class='ocr_line' id='line_1_14' title="bbox 249 922 1683 982; baseline -0.004 -11"><span class='ocrx_word' id='word_1_124' title='bbox 249 938 485 971; x_wconf 88' lang='lat' dir='ltr'>moreretur</span> <span class='ocrx_word' id='word_1_125' title='bbox 508 944 517 968; x_wconf 80' lang='lat' dir='ltr'><strong><em>z</em></strong></span> <span class='ocrx_word' id='word_1_126' title='bbox 548 936 604 979; x_wconf 86' lang='lat' dir='ltr'>et,</span> <span class='ocrx_word' id='word_1_127' title='bbox 626 927 661 968; x_wconf 89' lang='lat' dir='ltr'>si</span> <span class='ocrx_word' id='word_1_128' title='bbox 680 925 821 982; x_wconf 90' lang='lat' dir='ltr'>puella</span> <span class='ocrx_word' id='word_1_129' title='bbox 840 933 936 966; x_wconf 81' lang='lat' dir='ltr'>nata</span> <span class='ocrx_word' id='word_1_130' title='bbox 963 924 1107 979; x_wconf 88' lang='lat' dir='ltr'>biceps</span> <span class='ocrx_word' id='word_1_131' title='bbox 1128 933 1250 973; x_wconf 86' lang='lat' dir='ltr'>esset,</span> <span class='ocrx_word' id='word_1_132' title='bbox 1271 922 1521 964; x_wconf 87' lang='lat' dir='ltr'>seditionem</span> <span class='ocrx_word' id='word_1_133' title='bbox 1542 923 1584 965; x_wconf 78' lang='lat' dir='ltr'>in</span> <span class='ocrx_word' id='word_1_134' title='bbox 1634 939 1683 965; x_wconf 92' lang='lat' dir='ltr'>o-</span> 
     </span>
     <span class='ocr_line' id='line_1_15' title="bbox 251 979 1684 1042; baseline -0.004 -15"><span class='ocrx_word' id='word_1_135' title='bbox 251 986 353 1042; x_wconf 90' lang='lat' dir='ltr'>pulo</span> <span class='ocrx_word' id='word_1_136' title='bbox 387 986 491 1035; x_wconf 86' lang='lat' dir='ltr'>fore,</span> <span class='ocrx_word' id='word_1_137' title='bbox 524 982 805 1039; x_wconf 86' lang='lat' dir='ltr'>corruptelam</span> <span class='ocrx_word' id='word_1_138' title='bbox 844 989 887 1022; x_wconf 90' lang='lat' dir='ltr'>et</span> <span class='ocrx_word' id='word_1_139' title='bbox 920 981 1172 1022; x_wconf 86' lang='lat' dir='ltr'>adulterium</span> <span class='ocrx_word' id='word_1_140' title='bbox 1208 980 1348 1021; x_wconf 88' lang='lat' dir='ltr'>domi:</span> <span class='ocrx_word' id='word_1_141' title='bbox 1379 987 1436 1030; x_wconf 89' lang='lat' dir='ltr'>et,</span> <span class='ocrx_word' id='word_1_142' title='bbox 1468 979 1501 1020; x_wconf 90' lang='lat' dir='ltr'>si</span> <span class='ocrx_word' id='word_1_143' title='bbox 1535 994 1609 1021; x_wconf 89' lang='lat' dir='ltr'>mu</span> <span class='ocrx_word' id='word_1_144' title='bbox 1625 979 1684 1021; x_wconf 89' lang='lat' dir='ltr'>ier</span> 
     </span>
     <span class='ocr_line' id='line_1_16' title="bbox 250 1035 1685 1096; baseline -0.005 -13"><span class='ocrx_word' id='word_1_145' title='bbox 250 1044 418 1084; x_wconf 87' lang='lat' dir='ltr'>leonem</span> <span class='ocrx_word' id='word_1_146' title='bbox 453 1041 661 1096; x_wconf 85' lang='lat' dir='ltr'>peperisse</span> <span class='ocrx_word' id='word_1_147' title='bbox 691 1040 776 1080; x_wconf 87' lang='lat' dir='ltr'>visa</span> <span class='ocrx_word' id='word_1_148' title='bbox 796 1047 920 1089; x_wconf 89' lang='lat' dir='ltr'>esset,</span> <span class='ocrx_word' id='word_1_149' title='bbox 941 1038 1045 1087; x_wconf 82' lang='lat' dir='ltr'>fore,</span> <span class='ocrx_word' id='word_1_150' title='bbox 1065 1046 1113 1078; x_wconf 90' lang='lat' dir='ltr'>ut</span> <span class='ocrx_word' id='word_1_151' title='bbox 1137 1037 1190 1077; x_wconf 90' lang='lat' dir='ltr'>ab</span> <span class='ocrx_word' id='word_1_152' title='bbox 1210 1035 1358 1078; x_wconf 86' lang='lat' dir='ltr'>exteris</span> <span class='ocrx_word' id='word_1_153' title='bbox 1378 1036 1578 1090; x_wconf 88' lang='lat' dir='ltr'>gentibus</span> <span class='ocrx_word' id='word_1_154' title='bbox 1596 1035 1685 1078; x_wconf 91' lang='lat' dir='ltr'>vin-</span> 
     </span>
     <span class='ocr_line' id='line_1_17' title="bbox 252 1091 1686 1152; baseline -0.004 -12"><span class='ocrx_word' id='word_1_155' title='bbox 252 1108 418 1140; x_wconf 86' lang='lat' dir='ltr'>ceretur</span> <span class='ocrx_word' id='word_1_156' title='bbox 436 1112 484 1138; x_wconf 86' lang='lat' dir='ltr'>ea</span> <span class='ocrx_word' id='word_1_157' title='bbox 504 1096 754 1152; x_wconf 85' lang='lat' dir='ltr'>respublica,</span> <span class='ocrx_word' id='word_1_158' title='bbox 776 1095 816 1136; x_wconf 89' lang='lat' dir='ltr'>in</span> <span class='ocrx_word' id='word_1_159' title='bbox 838 1109 922 1149; x_wconf 89' lang='lat' dir='ltr'>qua</span> <span class='ocrx_word' id='word_1_160' title='bbox 949 1093 993 1135; x_wconf 93' lang='lat' dir='ltr'>id</span> <span class='ocrx_word' id='word_1_161' title='bbox 1013 1092 1272 1148; x_wconf 86' lang='lat' dir='ltr'>contigisset.</span> <span class='ocrx_word' id='word_1_162' title='bbox 1332 1099 1370 1124; x_wconf 78' lang='lat'>62</span> <span class='ocrx_word' id='word_1_163' title='bbox 1387 1091 1588 1148; x_wconf 88' lang='lat' dir='ltr'>Ejusdem</span> <span class='ocrx_word' id='word_1_164' title='bbox 1608 1106 1686 1148; x_wconf 83' lang='lat' dir='ltr'>ge-</span> 
     </span>
     <span class='ocr_line' id='line_1_18' title="bbox 254 1148 1686 1207; baseline -0.005 -11"><span class='ocrx_word' id='word_1_165' title='bbox 254 1155 363 1196; x_wconf 90' lang='lat' dir='ltr'>neris</span> <span class='ocrx_word' id='word_1_166' title='bbox 382 1154 507 1195; x_wconf 90' lang='lat' dir='ltr'>etiam</span> <span class='ocrx_word' id='word_1_167' title='bbox 529 1153 635 1195; x_wconf 91' lang='lat' dir='ltr'>illud</span> <span class='ocrx_word' id='word_1_168' title='bbox 663 1161 740 1204; x_wconf 86' lang='lat' dir='ltr'>est,</span> <span class='ocrx_word' id='word_1_169' title='bbox 762 1150 878 1207; x_wconf 89' lang='lat' dir='ltr'>quod</span> <span class='ocrx_word' id='word_1_170' title='bbox 904 1150 1049 1191; x_wconf 84' lang='lat' dir='ltr'>scribit</span> <span class='ocrx_word' id='word_1_171' title='bbox 1070 1148 1319 1192; x_wconf 87' lang='lat' dir='ltr'>Herodotus</span> <span class='ocrx_word' id='word_1_172' title='bbox 1338 1165 1348 1190; x_wconf 67' lang='grc' dir='ltr'><strong><em>ι</em></strong></span> <span class='ocrx_word' id='word_1_173' title='bbox 1381 1148 1518 1190; x_wconf 87' lang='lat' dir='ltr'>Croesi</span> <span class='ocrx_word' id='word_1_174' title='bbox 1538 1148 1686 1200; x_wconf 86' lang='lat' dir='ltr'>filium,</span> 
     </span>
    </p>

    <p class='ocr_par' dir='ltr' id='par_1_4' title="bbox 172 1205 1693 2056">
     <span class='ocr_line' id='line_1_19' title="bbox 255 1205 1690 1262; baseline -0.006 -8"><span class='ocrx_word' id='word_1_175' title='bbox 255 1218 294 1244; x_wconf 80' lang='lat'>⁶3</span> <span class='ocrx_word' id='word_1_176' title='bbox 312 1226 408 1254; x_wconf 89' lang='lat' dir='ltr'>cum</span> <span class='ocrx_word' id='word_1_177' title='bbox 429 1220 539 1252; x_wconf 86' lang='lat' dir='ltr'>esset</span> <span class='ocrx_word' id='word_1_178' title='bbox 569 1210 720 1259; x_wconf 90' lang='lat' dir='ltr'>infans,</span> <span class='ocrx_word' id='word_1_179' title='bbox 752 1208 943 1249; x_wconf 88' lang='lat' dir='ltr'>locutum</span> <span class='ocrx_word' id='word_1_180' title='bbox 964 1224 973 1248; x_wconf 91' lang='lat'><strong>:</strong></span> <span class='ocrx_word' id='word_1_181' title='bbox 1005 1221 1091 1262; x_wconf 92' lang='lat' dir='ltr'>quo</span> <span class='ocrx_word' id='word_1_182' title='bbox 1111 1214 1280 1248; x_wconf 87' lang='lat' dir='ltr'>ostento</span> <span class='ocrx_word' id='word_1_183' title='bbox 1298 1220 1477 1261; x_wconf 87' lang='lat' dir='ltr'>regnum</span> <span class='ocrx_word' id='word_1_184' title='bbox 1499 1205 1626 1260; x_wconf 90' lang='lat' dir='ltr'>patris</span> <span class='ocrx_word' id='word_1_185' title='bbox 1645 1214 1690 1245; x_wconf 91' lang='lat' dir='ltr'>et</span> 
     </span>
     <span class='ocr_line' id='line_1_20' title="bbox 255 1260 1688 1317; baseline -0.005 -8"><span class='ocrx_word' id='word_1_186' title='bbox 255 1268 432 1309; x_wconf 90' lang='lat' dir='ltr'>domum</span> <span class='ocrx_word' id='word_1_187' title='bbox 473 1266 660 1308; x_wconf 86' lang='lat' dir='ltr'>funditus</span> <span class='ocrx_word' id='word_1_188' title='bbox 700 1263 948 1306; x_wconf 87' lang='lat' dir='ltr'>concidisse.</span> <span class='ocrx_word' id='word_1_189' title='bbox 1009 1263 1150 1317; x_wconf 89' lang='lat' dir='ltr'>Caput</span> <span class='ocrx_word' id='word_1_190' title='bbox 1189 1262 1337 1304; x_wconf 86' lang='lat' dir='ltr'>arsisse</span> <span class='ocrx_word' id='word_1_191' title='bbox 1368 1261 1510 1303; x_wconf 87' lang='lat' dir='ltr'>Servio</span> <span class='ocrx_word' id='word_1_192' title='bbox 1545 1260 1688 1303; x_wconf 88' lang='lat' dir='ltr'>Tullio</span> 
     </span>
     <span class='ocr_line' id='line_1_21' title="bbox 256 1317 1689 1378; baseline -0.005 -13"><span class='ocrx_word' id='word_1_193' title='bbox 256 1323 495 1374; x_wconf 87' lang='lat' dir='ltr'>dormienti,</span> <span class='ocrx_word' id='word_1_194' title='bbox 527 1337 622 1378; x_wconf 79' lang='lat' dir='ltr'>quae</span> <span class='ocrx_word' id='word_1_195' title='bbox 652 1321 827 1363; x_wconf 88' lang='lat' dir='ltr'>historia</span> <span class='ocrx_word' id='word_1_196' title='bbox 855 1335 939 1361; x_wconf 90' lang='lat' dir='ltr'>non</span> <span class='ocrx_word' id='word_1_197' title='bbox 968 1319 1184 1375; x_wconf 84' lang='lat' dir='ltr'>prodidit?</span> <span class='ocrx_word' id='word_1_198' title='bbox 1218 1319 1282 1360; x_wconf 93' lang='lat' dir='ltr'>Ut</span> <span class='ocrx_word' id='word_1_199' title='bbox 1307 1318 1452 1375; x_wconf 86' lang='lat' dir='ltr'>igitur,</span> <span class='ocrx_word' id='word_1_200' title='bbox 1486 1324 1527 1349; x_wconf 77' lang='lat'>⁶4</span> <span class='ocrx_word' id='word_1_201' title='bbox 1543 1317 1616 1373; x_wconf 90' lang='lat' dir='ltr'>qui</span> <span class='ocrx_word' id='word_1_202' title='bbox 1643 1330 1689 1358; x_wconf 92' lang='lat' dir='ltr'>se</span> 
     </span>
     <span class='ocr_line' id='line_1_22' title="bbox 256 1373 1689 1436; baseline -0.006 -14"><span class='ocrx_word' id='word_1_203' title='bbox 256 1380 394 1422; x_wconf 87' lang='lat' dir='ltr'>tradet</span> <span class='ocrx_word' id='word_1_204' title='bbox 424 1380 569 1436; x_wconf 89' lang='lat' dir='ltr'>quieti,</span> <span class='ocrx_word' id='word_1_205' title='bbox 604 1385 838 1434; x_wconf 79' lang='lat' dir='ltr'>praeparato</span> <span class='ocrx_word' id='word_1_206' title='bbox 873 1377 1014 1418; x_wconf 88' lang='lat' dir='ltr'>animo</span> <span class='ocrx_word' id='word_1_207' title='bbox 1046 1391 1144 1418; x_wconf 91' lang='lat' dir='ltr'>cum</span> <span class='ocrx_word' id='word_1_208' title='bbox 1184 1375 1306 1417; x_wconf 91' lang='lat' dir='ltr'>bonis</span> <span class='ocrx_word' id='word_1_209' title='bbox 1346 1373 1689 1430; x_wconf 85' lang='lat' dir='ltr'>cogitationibus,</span> 
     </span>
     <span class='ocr_line' id='line_1_23' title="bbox 257 1432 1692 1490; baseline -0.005 -12"><span class='ocrx_word' id='word_1_210' title='bbox 257 1446 349 1478; x_wconf 91' lang='lat' dir='ltr'>tum</span> <span class='ocrx_word' id='word_1_211' title='bbox 381 1437 506 1477; x_wconf 90' lang='lat' dir='ltr'>rebus</span> <span class='ocrx_word' id='word_1_212' title='bbox 534 1435 586 1476; x_wconf 88' lang='lat' dir='ltr'>ad</span> <span class='ocrx_word' id='word_1_213' title='bbox 620 1433 965 1490; x_wconf 86' lang='lat' dir='ltr'>tranquillitatem</span> <span class='ocrx_word' id='word_1_214' title='bbox 999 1432 1345 1482; x_wconf 88' lang='lat' dir='ltr'>accommodatis,</span> <span class='ocrx_word' id='word_1_215' title='bbox 1375 1440 1492 1472; x_wconf 86' lang='lat' dir='ltr'>certa</span> <span class='ocrx_word' id='word_1_216' title='bbox 1519 1439 1564 1472; x_wconf 91' lang='lat' dir='ltr'>et</span> <span class='ocrx_word' id='word_1_217' title='bbox 1595 1443 1692 1470; x_wconf 89' lang='lat' dir='ltr'>vera</span> 
     </span>
     <span class='ocr_line' id='line_1_24' title="bbox 256 1486 1691 1545; baseline -0.006 -10"><span class='ocrx_word' id='word_1_218' title='bbox 256 1494 390 1535; x_wconf 90' lang='lat' dir='ltr'>cernit</span> <span class='ocrx_word' id='word_1_219' title='bbox 422 1493 464 1534; x_wconf 91' lang='lat' dir='ltr'>in</span> <span class='ocrx_word' id='word_1_220' title='bbox 492 1491 675 1534; x_wconf 89' lang='lat' dir='ltr'>somnis:</span> <span class='ocrx_word' id='word_1_221' title='bbox 707 1492 766 1532; x_wconf 90' lang='lat' dir='ltr'>sic</span> <span class='ocrx_word' id='word_1_222' title='bbox 791 1499 931 1531; x_wconf 87' lang='lat' dir='ltr'>castus</span> <span class='ocrx_word' id='word_1_223' title='bbox 959 1489 1137 1541; x_wconf 89' lang='lat' dir='ltr'>animus,</span> <span class='ocrx_word' id='word_1_224' title='bbox 1164 1502 1380 1545; x_wconf 88' lang='lat' dir='ltr'>purusque</span> <span class='ocrx_word' id='word_1_225' title='bbox 1403 1486 1627 1543; x_wconf 85' lang='lat' dir='ltr'>vigilantis,</span> <span class='ocrx_word' id='word_1_226' title='bbox 1648 1493 1691 1526; x_wconf 87' lang='lat' dir='ltr'>et</span> 
     </span>
     <span class='ocr_line' id='line_1_25' title="bbox 257 1540 1691 1602; baseline -0.006 -11"><span class='ocrx_word' id='word_1_227' title='bbox 257 1550 311 1592; x_wconf 86' lang='lat' dir='ltr'>ad</span> <span class='ocrx_word' id='word_1_228' title='bbox 338 1558 562 1599; x_wconf 86' lang='lat' dir='ltr'>astrorum,</span> <span class='ocrx_word' id='word_1_229' title='bbox 594 1557 637 1589; x_wconf 92' lang='lat' dir='ltr'>et</span> <span class='ocrx_word' id='word_1_230' title='bbox 667 1548 720 1589; x_wconf 89' lang='lat' dir='ltr'>ad</span> <span class='ocrx_word' id='word_1_231' title='bbox 751 1546 903 1597; x_wconf 89' lang='lat' dir='ltr'>avium,</span> <span class='ocrx_word' id='word_1_232' title='bbox 931 1547 1275 1602; x_wconf 90' lang='lat' dir='ltr'>reliquorumque</span> <span class='ocrx_word' id='word_1_233' title='bbox 1302 1545 1535 1599; x_wconf 85' lang='lat' dir='ltr'>signorum,</span> <span class='ocrx_word' id='word_1_234' title='bbox 1566 1549 1609 1583; x_wconf 88' lang='lat' dir='ltr'>et</span> <span class='ocrx_word' id='word_1_235' title='bbox 1636 1540 1691 1583; x_wconf 92' lang='lat' dir='ltr'>ad</span> 
     </span>
     <span class='ocr_line' id='line_1_26' title="bbox 176 1597 1691 1658; baseline -0.007 -8"><span class='ocrx_word' id='word_1_236' title='bbox 176 1600 248 1653; x_wconf 77' lang='grc'>54</span> <span class='ocrx_word' id='word_1_237' title='bbox 259 1615 453 1648; x_wconf 83' lang='lat' dir='ltr'>extorum</span> <span class='ocrx_word' id='word_1_238' title='bbox 489 1606 706 1647; x_wconf 83' lang='lat' dir='ltr'>veritatem</span> <span class='ocrx_word' id='word_1_239' title='bbox 745 1612 807 1644; x_wconf 88' lang='lat' dir='ltr'>est</span> <span class='ocrx_word' id='word_1_240' title='bbox 844 1603 1041 1658; x_wconf 83' lang='lat' dir='ltr'>paratior.</span> <span class='ocrx_word' id='word_1_241' title='bbox 1100 1603 1200 1644; x_wconf 91' lang='lat' dir='ltr'>Hoc</span> <span class='ocrx_word' id='word_1_242' title='bbox 1237 1601 1434 1643; x_wconf 89' lang='lat' dir='ltr'>nimirum</span> <span class='ocrx_word' id='word_1_243' title='bbox 1468 1608 1532 1641; x_wconf 90' lang='lat' dir='ltr'>est</span> <span class='ocrx_word' id='word_1_244' title='bbox 1568 1597 1691 1648; x_wconf 82' lang='lat' dir='ltr'>iflud,</span> 
     </span>
     <span class='ocr_line' id='line_1_27' title="bbox 172 1656 1692 1719; baseline -0.005 -15"><span class='ocrx_word' id='word_1_245' title='bbox 172 1680 246 1714; x_wconf 84' lang='lat'>122</span> <span class='ocrx_word' id='word_1_246' title='bbox 260 1662 374 1719; x_wconf 90' lang='lat' dir='ltr'>quod</span> <span class='ocrx_word' id='word_1_247' title='bbox 394 1662 447 1703; x_wconf 90' lang='lat' dir='ltr'>de</span> <span class='ocrx_word' id='word_1_248' title='bbox 470 1663 642 1703; x_wconf 89' lang='lat' dir='ltr'>Socrate</span> <span class='ocrx_word' id='word_1_249' title='bbox 661 1659 914 1716; x_wconf 88' lang='lat' dir='ltr'>accepimus,</span> <span class='ocrx_word' id='word_1_250' title='bbox 936 1658 1134 1714; x_wconf 89' lang='lat' dir='ltr'>quodque</span> <span class='ocrx_word' id='word_1_251' title='bbox 1152 1658 1205 1698; x_wconf 94' lang='lat' dir='ltr'>ab</span> <span class='ocrx_word' id='word_1_252' title='bbox 1224 1658 1318 1712; x_wconf 92' lang='lat' dir='ltr'>ipso</span> <span class='ocrx_word' id='word_1_253' title='bbox 1342 1657 1385 1698; x_wconf 90' lang='lat' dir='ltr'>in</span> <span class='ocrx_word' id='word_1_254' title='bbox 1404 1656 1521 1698; x_wconf 91' lang='lat' dir='ltr'>libris</span> <span class='ocrx_word' id='word_1_255' title='bbox 1541 1656 1692 1696; x_wconf 88' lang='lat' dir='ltr'>Socra-</span> 
     </span>
     <span class='ocr_line' id='line_1_28' title="bbox 258 1711 1691 1773; baseline -0.006 -12"><span class='ocrx_word' id='word_1_256' title='bbox 258 1721 440 1761; x_wconf 88' lang='lat' dir='ltr'>ticorum</span> <span class='ocrx_word' id='word_1_257' title='bbox 468 1732 578 1773; x_wconf 89' lang='lat' dir='ltr'>saepe</span> <span class='ocrx_word' id='word_1_258' title='bbox 608 1717 776 1767; x_wconf 89' lang='lat' dir='ltr'>dicitur,</span> <span class='ocrx_word' id='word_1_259' title='bbox 809 1730 899 1756; x_wconf 91' lang='lat' dir='ltr'>esse</span> <span class='ocrx_word' id='word_1_260' title='bbox 928 1715 1113 1756; x_wconf 90' lang='lat' dir='ltr'>divinum</span> <span class='ocrx_word' id='word_1_261' title='bbox 1144 1713 1359 1770; x_wconf 89' lang='lat' dir='ltr'>quiddam,</span> <span class='ocrx_word' id='word_1_262' title='bbox 1383 1713 1499 1768; x_wconf 91' lang='lat' dir='ltr'>quod</span> <span class='ocrx_word' id='word_1_263' title='bbox 1529 1711 1691 1752; x_wconf 82' lang='lat' dir='ltr'>daemo-</span> 
     </span>
     <span class='ocr_line' id='line_1_29' title="bbox 258 1767 1691 1830; baseline -0.006 -13"><span class='ocrx_word' id='word_1_264' title='bbox 258 1776 357 1817; x_wconf 91' lang='lat' dir='ltr'>nion</span> <span class='ocrx_word' id='word_1_265' title='bbox 376 1774 575 1830; x_wconf 83' lang='lat' dir='ltr'>appellat,</span> <span class='ocrx_word' id='word_1_266' title='bbox 591 1774 659 1815; x_wconf 91' lang='lat' dir='ltr'>cui</span> <span class='ocrx_word' id='word_1_267' title='bbox 680 1786 846 1827; x_wconf 87' lang='lat' dir='ltr'>semper</span> <span class='ocrx_word' id='word_1_268' title='bbox 863 1772 951 1827; x_wconf 89' lang='lat' dir='ltr'>ipse</span> <span class='ocrx_word' id='word_1_269' title='bbox 971 1770 1169 1827; x_wconf 87' lang='lat' dir='ltr'>paruerit,</span> <span class='ocrx_word' id='word_1_270' title='bbox 1190 1784 1422 1825; x_wconf 89' lang='lat' dir='ltr'>numquam</span> <span class='ocrx_word' id='word_1_271' title='bbox 1441 1767 1691 1824; x_wconf 87' lang='lat' dir='ltr'>impellenti,</span> 
     </span>
     <span class='ocr_line' id='line_1_30' title="bbox 257 1827 1692 1888; baseline -0.006 -14"><span class='ocrx_word' id='word_1_272' title='bbox 257 1847 369 1888; x_wconf 88' lang='lat' dir='ltr'>saepe</span> <span class='ocrx_word' id='word_1_273' title='bbox 396 1831 620 1873; x_wconf 86' lang='lat' dir='ltr'>revocanti.</span> <span class='ocrx_word' id='word_1_274' title='bbox 679 1831 735 1870; x_wconf 90' lang='lat' dir='ltr'>Et</span> <span class='ocrx_word' id='word_1_275' title='bbox 762 1830 956 1870; x_wconf 89' lang='lat' dir='ltr'>Socrates</span> <span class='ocrx_word' id='word_1_276' title='bbox 989 1827 1174 1882; x_wconf 89' lang='lat' dir='ltr'>quidem,</span> <span class='ocrx_word' id='word_1_277' title='bbox 1205 1841 1289 1881; x_wconf 89' lang='lat' dir='ltr'>quo</span> <span class='ocrx_word' id='word_1_278' title='bbox 1320 1840 1444 1881; x_wconf 90' lang='lat' dir='ltr'>quem</span> <span class='ocrx_word' id='word_1_279' title='bbox 1474 1832 1692 1866; x_wconf 88' lang='lat' dir='ltr'>auctorem</span> 
     </span>
     <span class='ocr_line' id='line_1_31' title="bbox 258 1882 1693 1943; baseline -0.006 -13"><span class='ocrx_word' id='word_1_280' title='bbox 258 1889 476 1930; x_wconf 88' lang='lat' dir='ltr'>meliorem</span> <span class='ocrx_word' id='word_1_281' title='bbox 510 1886 767 1943; x_wconf 79' lang='lat' dir='ltr'>quaerimus?</span> <span class='ocrx_word' id='word_1_282' title='bbox 807 1884 1082 1939; x_wconf 86' lang='lat' dir='ltr'>Xenophonti</span> <span class='ocrx_word' id='word_1_283' title='bbox 1114 1882 1367 1933; x_wconf 82' lang='lat' dir='ltr'>consulenti,</span> <span class='ocrx_word' id='word_1_284' title='bbox 1397 1889 1693 1938; x_wconf 87' lang='lat' dir='ltr'>sequereturne</span> 
     </span>
     <span class='ocr_line' id='line_1_32' title="bbox 262 1937 1692 2002; baseline -0.006 -16"><span class='ocrx_word' id='word_1_285' title='bbox 262 1945 442 2002; x_wconf 86' lang='lat' dir='ltr'>Cyrum,</span> <span class='ocrx_word' id='word_1_286' title='bbox 469 1952 615 1999; x_wconf 89' lang='lat' dir='ltr'>postea</span> <span class='ocrx_word' id='word_1_287' title='bbox 643 1956 770 1998; x_wconf 88' lang='lat' dir='ltr'>quam</span> <span class='ocrx_word' id='word_1_288' title='bbox 796 1940 1005 1996; x_wconf 88' lang='lat' dir='ltr'>exposuit,</span> <span class='ocrx_word' id='word_1_289' title='bbox 1033 1955 1127 1996; x_wconf 91' lang='lat' dir='ltr'>quae</span> <span class='ocrx_word' id='word_1_290' title='bbox 1157 1938 1237 1980; x_wconf 87' lang='lat' dir='ltr'>sibi</span> <span class='ocrx_word' id='word_1_291' title='bbox 1257 1938 1515 1989; x_wconf 87' lang='lat' dir='ltr'>videbantur,</span> <span class='ocrx_word' id='word_1_292' title='bbox 1537 1937 1599 1978; x_wconf 78' lang='lat' dir='ltr'>Et</span> <span class='ocrx_word' id='word_1_293' title='bbox 1617 1951 1692 1978; x_wconf 80' lang='grc' dir='ltr'>πο-</span> 
     </span>
     <span class='ocr_line' id='line_1_33' title="bbox 259 1992 1691 2056; baseline -0.006 -14"><span class='ocrx_word' id='word_1_294' title='bbox 259 2009 390 2043; x_wconf 78' lang='lat' dir='ltr'>strum</span> <span class='ocrx_word' id='word_1_295' title='bbox 421 2000 597 2056; x_wconf 79' lang='lat' dir='ltr'>quidem,</span> <span class='ocrx_word' id='word_1_296' title='bbox 631 1998 780 2054; x_wconf 89' lang='lat' dir='ltr'>inquit,</span> <span class='ocrx_word' id='word_1_297' title='bbox 801 1997 1023 2038; x_wconf 77' lang='lat' dir='ltr'>humanum</span> <span class='ocrx_word' id='word_1_298' title='bbox 1053 2003 1113 2037; x_wconf 82' lang='lat' dir='ltr'>est</span> <span class='ocrx_word' id='word_1_299' title='bbox 1143 1993 1353 2036; x_wconf 78' lang='lat' dir='ltr'>consilium</span> <span class='ocrx_word' id='word_1_300' title='bbox 1368 2012 1384 2046; x_wconf 82' lang='lat'>,-</span> <span class='ocrx_word' id='word_1_301' title='bbox 1413 1995 1483 2036; x_wconf 81' lang='lat' dir='ltr'>sed</span> <span class='ocrx_word' id='word_1_302' title='bbox 1510 1994 1560 2035; x_wconf 86' lang='lat' dir='ltr'>de</span> <span class='ocrx_word' id='word_1_303' title='bbox 1578 1992 1691 2035; x_wconf 80' lang='lat' dir='ltr'>rebus</span> 
     </span>
    </p>

    <p class='ocr_par' dir='ltr' id='par_1_5' title="bbox 177 2049 1694 2281">
     <span class='ocr_line' id='line_1_34' title="bbox 260 2049 1694 2108; baseline -0.006 -9"><span class='ocrx_word' id='word_1_304' title='bbox 260 2065 300 2099; x_wconf 88' lang='lat' dir='ltr'>et</span> <span class='ocrx_word' id='word_1_305' title='bbox 333 2056 505 2098; x_wconf 75' lang='lat' dir='ltr'>obscuris</span> <span class='ocrx_word' id='word_1_306' title='bbox 535 2064 573 2097; x_wconf 82' lang='lat' dir='ltr'>et</span> <span class='ocrx_word' id='word_1_307' title='bbox 608 2054 769 2096; x_wconf 80' lang='lat' dir='ltr'>incertis</span> <span class='ocrx_word' id='word_1_308' title='bbox 801 2054 856 2096; x_wconf 82' lang='lat' dir='ltr'>ad</span> <span class='ocrx_word' id='word_1_309' title='bbox 887 2053 1124 2108; x_wconf 76' lang='lat' dir='ltr'>Apollinem</span> <span class='ocrx_word' id='word_1_310' title='bbox 1157 2067 1288 2093; x_wconf 77' lang='lat' dir='ltr'>censeo</span> <span class='ocrx_word' id='word_1_311' title='bbox 1317 2051 1573 2107; x_wconf 76' lang='lat' dir='ltr'>referendum</span> <span class='ocrx_word' id='word_1_312' title='bbox 1593 2067 1607 2092; x_wconf 92' lang='lat'>.·</span> <span class='ocrx_word' id='word_1_313' title='bbox 1638 2049 1694 2090; x_wconf 83' lang='lat' dir='ltr'>ad</span> 
     </span>
     <span class='ocr_line' id='line_1_35' title="bbox 262 2108 1691 2170; baseline -0.006 -15"><span class='ocrx_word' id='word_1_314' title='bbox 262 2129 381 2170; x_wconf 77' lang='lat' dir='ltr'>quem</span> <span class='ocrx_word' id='word_1_315' title='bbox 404 2113 529 2154; x_wconf 81' lang='lat' dir='ltr'>etiam</span> <span class='ocrx_word' id='word_1_316' title='bbox 548 2110 812 2153; x_wconf 74' lang='lat' dir='ltr'>Athenienses</span> <span class='ocrx_word' id='word_1_317' title='bbox 838 2110 998 2165; x_wconf 69' lang='lat' dir='ltr'>publice</span> <span class='ocrx_word' id='word_1_318' title='bbox 1018 2110 1066 2151; x_wconf 76' lang='lat' dir='ltr'>cle</span> <span class='ocrx_word' id='word_1_319' title='bbox 1084 2108 1302 2164; x_wconf 61' lang='lat' dir='ltr'>majoribus</span> <span class='ocrx_word' id='word_1_320' title='bbox 1320 2108 1436 2149; x_wconf 76' lang='lat' dir='ltr'>rebus</span> <span class='ocrx_word' id='word_1_321' title='bbox 1454 2117 1609 2162; x_wconf 81' lang='lat' dir='ltr'>semper</span> <span class='ocrx_word' id='word_1_322' title='bbox 1627 2121 1691 2147; x_wconf 86' lang='lat' dir='ltr'>re-</span> 
     </span>
     <span class='ocr_line' id='line_1_36' title="bbox 177 2162 1692 2224; baseline -0.006 -12"><span class='ocrx_word' id='word_1_323' title='bbox 177 2180 247 2215; x_wconf 82' lang='grc'>123</span> <span class='ocrx_word' id='word_1_324' title='bbox 264 2171 460 2212; x_wconf 77' lang='lat' dir='ltr'>tulerunt.</span> <span class='ocrx_word' id='word_1_325' title='bbox 519 2169 731 2224; x_wconf 88' lang='lat' dir='ltr'>Scriptum</span> <span class='ocrx_word' id='word_1_326' title='bbox 761 2176 825 2208; x_wconf 83' lang='lat' dir='ltr'>est</span> <span class='ocrx_word' id='word_1_327' title='bbox 854 2167 971 2218; x_wconf 88' lang='lat' dir='ltr'>item,</span> <span class='ocrx_word' id='word_1_328' title='bbox 1001 2181 1099 2208; x_wconf 91' lang='lat' dir='ltr'>cum</span> <span class='ocrx_word' id='word_1_329' title='bbox 1137 2165 1339 2216; x_wconf 89' lang='lat' dir='ltr'>Critonis,</span> <span class='ocrx_word' id='word_1_330' title='bbox 1369 2165 1434 2206; x_wconf 89' lang='lat' dir='ltr'>sui</span> <span class='ocrx_word' id='word_1_331' title='bbox 1464 2162 1692 2212; x_wconf 82' lang='lat' dir='ltr'>familiaris,</span> 
     </span>
     <span class='ocr_line' id='line_1_37' title="bbox 264 2222 1691 2281; baseline -0.006 -13"><span class='ocrx_word' id='word_1_332' title='bbox 264 2227 435 2269; x_wconf 91' lang='lat' dir='ltr'>oculum</span> <span class='ocrx_word' id='word_1_333' title='bbox 468 2226 691 2281; x_wconf 84' lang='lat' dir='ltr'>alligatum</span> <span class='ocrx_word' id='word_1_334' title='bbox 724 2224 908 2275; x_wconf 89' lang='lat' dir='ltr'>vidisset,</span> <span class='ocrx_word' id='word_1_335' title='bbox 930 2223 1181 2280; x_wconf 79' lang='lat' dir='ltr'>quaesivisse,</span> <span class='ocrx_word' id='word_1_336' title='bbox 1202 2222 1304 2278; x_wconf 92' lang='lat' dir='ltr'>quid</span> <span class='ocrx_word' id='word_1_337' title='bbox 1325 2230 1435 2263; x_wconf 89' lang='lat' dir='ltr'>esset</span> <span class='ocrx_word' id='word_1_338' title='bbox 1455 2238 1464 2262; x_wconf 91' lang='lat'><strong>:</strong></span> <span class='ocrx_word' id='word_1_339' title='bbox 1495 2234 1592 2262; x_wconf 91' lang='lat' dir='ltr'>cum</span> <span class='ocrx_word' id='word_1_340' title='bbox 1615 2233 1691 2259; x_wconf 89' lang='lat' dir='ltr'>au-</span> 
     </span>
    </p>

    <p class='ocr_par' dir='ltr' id='par_1_6' title="bbox 133 2276 1693 2339">
     <span class='ocr_line' id='line_1_38' title="bbox 133 2276 1693 2339; baseline -0.005 -15"><span class='ocrx_word' id='word_1_341' title='bbox 133 2303 164 2334; x_wconf 82' lang='lat' dir='ltr'>p.</span> <span class='ocrx_word' id='word_1_342' title='bbox 182 2293 350 2326; x_wconf 80' lang='lat' dir='ltr'>106.tem</span> <span class='ocrx_word' id='word_1_343' title='bbox 373 2283 444 2325; x_wconf 88' lang='lat' dir='ltr'>ille</span> <span class='ocrx_word' id='word_1_344' title='bbox 464 2281 758 2339; x_wconf 85' lang='lat' dir='ltr'>respondisset,</span> <span class='ocrx_word' id='word_1_345' title='bbox 779 2281 821 2321; x_wconf 89' lang='lat' dir='ltr'>in</span> <span class='ocrx_word' id='word_1_346' title='bbox 841 2295 945 2335; x_wconf 85' lang='lat' dir='ltr'>agro</span> <span class='ocrx_word' id='word_1_347' title='bbox 966 2279 1199 2321; x_wconf 88' lang='lat' dir='ltr'>ambulanti</span> <span class='ocrx_word' id='word_1_348' title='bbox 1217 2278 1425 2320; x_wconf 89' lang='lat' dir='ltr'>ramulum</span> <span class='ocrx_word' id='word_1_349' title='bbox 1447 2276 1693 2325; x_wconf 84' lang='lat' dir='ltr'>adductum,</span> 
     </span>
    </p>

    <p class='ocr_par' dir='ltr' id='par_1_7' title="bbox 222 2332 1692 2389">
     <span class='ocr_line' id='line_1_39' title="bbox 222 2332 1692 2389; baseline -0.006 -7"><span class='ocrx_word' id='word_1_350' title='bbox 222 2346 251 2367; x_wconf 72' lang='lat'>³·</span> <span class='ocrx_word' id='word_1_351' title='bbox 266 2351 313 2383; x_wconf 91' lang='lat' dir='ltr'>ut</span> <span class='ocrx_word' id='word_1_352' title='bbox 342 2340 539 2382; x_wconf 89' lang='lat' dir='ltr'>remissus</span> <span class='ocrx_word' id='word_1_353' title='bbox 569 2347 693 2389; x_wconf 85' lang='lat' dir='ltr'>esset,</span> <span class='ocrx_word' id='word_1_354' title='bbox 723 2338 764 2379; x_wconf 91' lang='lat' dir='ltr'>in</span> <span class='ocrx_word' id='word_1_355' title='bbox 796 2337 969 2378; x_wconf 90' lang='lat' dir='ltr'>oculum</span> <span class='ocrx_word' id='word_1_356' title='bbox 999 2336 1219 2378; x_wconf 87' lang='lat' dir='ltr'>recidisse:</span> <span class='ocrx_word' id='word_1_357' title='bbox 1250 2343 1342 2376; x_wconf 90' lang='lat' dir='ltr'>tum</span> <span class='ocrx_word' id='word_1_358' title='bbox 1363 2336 1568 2384; x_wconf 83' lang='lat' dir='ltr'>Socrates,</span> <span class='ocrx_word' id='word_1_359' title='bbox 1589 2332 1692 2373; x_wconf 89' lang='lat' dir='ltr'>Non</span> 
     </span>
    </p>
   </div>
   <div class='ocr_carea' id='block_1_2' title="bbox 261 2473 958 2900">
    <p class='ocr_par' dir='ltr' id='par_1_8' title="bbox 261 2473 957 2684">
     <span class='ocr_line' id='line_1_40' title="bbox 305 2473 955 2512; baseline -0.005 -7"><span class='ocrx_word' id='word_1_360' title='bbox 305 2481 345 2505; x_wconf 84' lang='lat'>60</span> <span class='ocrx_word' id='word_1_361' title='bbox 369 2473 609 2512; x_wconf 79' lang='lat' dir='ltr'>alites—oscines]</span> <span class='ocrx_word' id='word_1_362' title='bbox 629 2474 810 2512; x_wconf 87' lang='lat' dir='ltr'>Utrumque</span> <span class='ocrx_word' id='word_1_363' title='bbox 822 2473 955 2503; x_wconf 89' lang='lat' dir='ltr'>verbum</span> 
     </span>
     <span class='ocr_line' id='line_1_41' title="bbox 261 2518 957 2557; baseline -0.006 -9"><span class='ocrx_word' id='word_1_364' title='bbox 261 2518 367 2548; x_wconf 78' lang='lat' dir='ltr'>abesse</span> <span class='ocrx_word' id='word_1_365' title='bbox 389 2524 502 2557; x_wconf 85' lang='lat' dir='ltr'>posset,</span> <span class='ocrx_word' id='word_1_366' title='bbox 526 2518 601 2556; x_wconf 83' lang='lat' dir='ltr'>quia</span> <span class='ocrx_word' id='word_1_367' title='bbox 624 2522 695 2546; x_wconf 78' lang='lat' dir='ltr'>ante</span> <span class='ocrx_word' id='word_1_368' title='bbox 718 2526 789 2545; x_wconf 86' lang='lat' dir='ltr'>aves</span> <span class='ocrx_word' id='word_1_369' title='bbox 814 2525 957 2545; x_wconf 85' lang='lat' dir='ltr'>comme-</span> 
     </span>
     <span class='ocr_line' id='line_1_42' title="bbox 262 2559 957 2597; baseline -0.004 -7"><span class='ocrx_word' id='word_1_370' title='bbox 262 2568 393 2590; x_wconf 84' lang='lat' dir='ltr'>moratae</span> <span class='ocrx_word' id='word_1_371' title='bbox 416 2567 512 2590; x_wconf 82' lang='lat' dir='ltr'>sunt:</span> <span class='ocrx_word' id='word_1_372' title='bbox 539 2561 591 2589; x_wconf 78' lang='lat' dir='ltr'>sed</span> <span class='ocrx_word' id='word_1_373' title='bbox 616 2559 773 2597; x_wconf 80' lang='lat' dir='ltr'>eleganter</span> <span class='ocrx_word' id='word_1_374' title='bbox 799 2559 957 2588; x_wconf 86' lang='lat' dir='ltr'>adduntur</span> 
     </span>
     <span class='ocr_line' id='line_1_43' title="bbox 263 2601 957 2640; baseline -0.006 -7"><span class='ocrx_word' id='word_1_375' title='bbox 263 2605 395 2633; x_wconf 84' lang='lat' dir='ltr'>nomina</span> <span class='ocrx_word' id='word_1_376' title='bbox 416 2604 611 2632; x_wconf 84' lang='lat' dir='ltr'>diversorum</span> <span class='ocrx_word' id='word_1_377' title='bbox 635 2611 787 2640; x_wconf 82' lang='lat' dir='ltr'>generum</span> <span class='ocrx_word' id='word_1_378' title='bbox 808 2601 839 2630; x_wconf 89' lang='lat' dir='ltr'>in</span> <span class='ocrx_word' id='word_1_379' title='bbox 856 2610 957 2638; x_wconf 82' lang='lat' dir='ltr'>augu-</span> 
     </span>
     <span class='ocr_line' id='line_1_44' title="bbox 264 2643 920 2684; baseline -0.009 -8"><span class='ocrx_word' id='word_1_380' title='bbox 264 2646 314 2676; x_wconf 83' lang='lat' dir='ltr'>riis</span> <span class='ocrx_word' id='word_1_381' title='bbox 329 2657 338 2684; x_wconf 87' lang='lat'>;</span> <span class='ocrx_word' id='word_1_382' title='bbox 363 2647 394 2675; x_wconf 89' lang='lat' dir='ltr'>in</span> <span class='ocrx_word' id='word_1_383' title='bbox 412 2645 516 2674; x_wconf 79' lang='lat' dir='ltr'>volatu</span> <span class='ocrx_word' id='word_1_384' title='bbox 534 2644 629 2680; x_wconf 68' lang='lat' dir='ltr'>alites,</span> <span class='ocrx_word' id='word_1_385' title='bbox 648 2645 679 2673; x_wconf 83' lang='lat' dir='ltr'>in</span> <span class='ocrx_word' id='word_1_386' title='bbox 696 2650 791 2673; x_wconf 86' lang='lat' dir='ltr'>cantu</span> <span class='ocrx_word' id='word_1_387' title='bbox 808 2643 920 2671; x_wconf 82' lang='lat' dir='ltr'>oscines.</span> 
     </span>
    </p>

    <p class='ocr_par' dir='ltr' id='par_1_9' title="bbox 263 2684 957 2856">
     <span class='ocr_line' id='line_1_45' title="bbox 308 2684 957 2728; baseline -0.008 -10"><span class='ocrx_word' id='word_1_388' title='bbox 308 2694 344 2718; x_wconf 79' lang='lat'>61</span> <span class='ocrx_word' id='word_1_389' title='bbox 365 2688 470 2728; x_wconf 79' lang='lat' dir='ltr'>proelio</span> <span class='ocrx_word' id='word_1_390' title='bbox 496 2685 694 2724; x_wconf 68' lang='lat' dir='ltr'>vincerentur]</span> <span class='ocrx_word' id='word_1_391' title='bbox 715 2685 817 2724; x_wconf 70' lang='lat' dir='ltr'>proelio</span> <span class='ocrx_word' id='word_1_392' title='bbox 843 2684 957 2714; x_wconf 77' lang='lat' dir='ltr'>delevit</span> 
     </span>
     <span class='ocr_line' id='line_1_46' title="bbox 264 2728 955 2763; baseline -0.007 -2"><span class='ocrx_word' id='word_1_393' title='bbox 264 2738 390 2761; x_wconf 85' lang='lat' dir='ltr'>auctore</span> <span class='ocrx_word' id='word_1_394' title='bbox 412 2731 473 2760; x_wconf 59' lang='grc' dir='ltr'>ΜΞ.</span> <span class='ocrx_word' id='word_1_395' title='bbox 503 2729 666 2759; x_wconf 82' lang='lat' dir='ltr'>Davisius:</span> <span class='ocrx_word' id='word_1_396' title='bbox 691 2738 765 2758; x_wconf 86' lang='lat' dir='ltr'>sane</span> <span class='ocrx_word' id='word_1_397' title='bbox 790 2728 955 2763; x_wconf 82' lang='lat' dir='ltr'>redundat,</span> 
     </span>
     <span class='ocr_line' id='line_1_47' title="bbox 264 2771 957 2811; baseline -0.007 -7"><span class='ocrx_word' id='word_1_398' title='bbox 264 2784 341 2804; x_wconf 85' lang='lat' dir='ltr'>cum</span> <span class='ocrx_word' id='word_1_399' title='bbox 357 2780 429 2803; x_wconf 89' lang='lat' dir='ltr'>ante</span> <span class='ocrx_word' id='word_1_400' title='bbox 442 2774 508 2811; x_wconf 85' lang='lat' dir='ltr'>jam</span> <span class='ocrx_word' id='word_1_401' title='bbox 524 2773 562 2801; x_wconf 75' lang='lat' dir='ltr'>sit</span> <span class='ocrx_word' id='word_1_402' title='bbox 577 2771 682 2800; x_wconf 79' lang='lat' dir='ltr'>armis:</span> <span class='ocrx_word' id='word_1_403' title='bbox 700 2777 816 2810; x_wconf 84' lang='lat' dir='ltr'>poterat</span> <span class='ocrx_word' id='word_1_404' title='bbox 834 2778 957 2800; x_wconf 89' lang='lat' dir='ltr'>utrum-</span> 
     </span>
     <span class='ocr_line' id='line_1_48' title="bbox 263 2813 925 2856; baseline -0.008 -9"><span class='ocrx_word' id='word_1_405' title='bbox 263 2826 327 2856; x_wconf 87' lang='lat' dir='ltr'>que</span> <span class='ocrx_word' id='word_1_406' title='bbox 343 2817 460 2852; x_wconf 75' lang='lat' dir='ltr'>abesse,</span> <span class='ocrx_word' id='word_1_407' title='bbox 476 2814 714 2853; x_wconf 82' lang='lat' dir='ltr'>sufficiebatque</span> <span class='ocrx_word' id='word_1_408' title='bbox 729 2813 925 2843; x_wconf 81' lang='lat' dir='ltr'>vincerentur.</span> 
     </span>
    </p>

    <p class='ocr_par' dir='ltr' id='par_1_10' title="bbox 309 2855 958 2900">
     <span class='ocr_line' id='line_1_49' title="bbox 309 2855 958 2900; baseline -0.006 -11"><span class='ocrx_word' id='word_1_409' title='bbox 309 2865 347 2890; x_wconf 78' lang='lat'>62</span> <span class='ocrx_word' id='word_1_410' title='bbox 373 2859 509 2900; x_wconf 81' lang='lat' dir='ltr'>Ejusdem</span> <span class='ocrx_word' id='word_1_411' title='bbox 522 2858 633 2898; x_wconf 82' lang='lat' dir='ltr'>generis</span> <span class='ocrx_word' id='word_1_412' title='bbox 650 2857 736 2887; x_wconf 80' lang='lat' dir='ltr'>etiam</span> <span class='ocrx_word' id='word_1_413' title='bbox 752 2857 773 2889; x_wconf 86' lang='lat' dir='ltr'>i.</span> <span class='ocrx_word' id='word_1_414' title='bbox 790 2855 834 2898; x_wconf 62' lang='lat' dir='ltr'>a]</span> <span class='ocrx_word' id='word_1_415' title='bbox 853 2855 958 2895; x_wconf 84' lang='lat' dir='ltr'>Vulgo</span> 
     </span>
    </p>
   </div>
   <div class='ocr_carea' id='block_1_3' title="bbox 998 2467 1693 2853">
    <p class='ocr_par' dir='ltr' id='par_1_11' title="bbox 999 2467 1693 2551">
     <span class='ocr_line' id='line_1_50' title="bbox 999 2467 1693 2508; baseline -0.004 -7"><span class='ocrx_word' id='word_1_416' title='bbox 999 2478 1094 2501; x_wconf 83' lang='lat' dir='ltr'>autem</span> <span class='ocrx_word' id='word_1_417' title='bbox 1110 2471 1233 2501; x_wconf 85' lang='lat' dir='ltr'>additur</span> <span class='ocrx_word' id='word_1_418' title='bbox 1247 2475 1319 2499; x_wconf 85' lang='lat' dir='ltr'>ante</span> <span class='ocrx_word' id='word_1_419' title='bbox 1332 2467 1454 2508; x_wconf 69' lang='lat' dir='ltr'>generis.</span> <span class='ocrx_word' id='word_1_420' title='bbox 1471 2468 1556 2507; x_wconf 89' lang='lat' dir='ltr'>quod</span> <span class='ocrx_word' id='word_1_421' title='bbox 1573 2468 1605 2498; x_wconf 90' lang='lat' dir='ltr'>in</span> <span class='ocrx_word' id='word_1_422' title='bbox 1621 2467 1693 2498; x_wconf 89' lang='lat' dir='ltr'>edd.</span> 
     </span>
     <span class='ocr_line' id='line_1_51' title="bbox 999 2511 1454 2551; baseline -0.007 -7"><span class='ocrx_word' id='word_1_423' title='bbox 999 2521 1074 2545; x_wconf 86' lang='lat' dir='ltr'>vett.</span> <span class='ocrx_word' id='word_1_424' title='bbox 1091 2523 1154 2543; x_wconf 92' lang='lat' dir='ltr'>non</span> <span class='ocrx_word' id='word_1_425' title='bbox 1172 2518 1328 2551; x_wconf 82' lang='lat' dir='ltr'>repertum</span> <span class='ocrx_word' id='word_1_426' title='bbox 1343 2511 1454 2541; x_wconf 84' lang='lat' dir='ltr'>delevi.</span> 
     </span>
    </p>

    <p class='ocr_par' dir='ltr' id='par_1_12' title="bbox 998 2553 1690 2672">
     <span class='ocr_line' id='line_1_52' title="bbox 1042 2553 1690 2595; baseline -0.003 -11"><span class='ocrx_word' id='word_1_427' title='bbox 1042 2562 1080 2587; x_wconf 79' lang='lat'>63</span> <span class='ocrx_word' id='word_1_428' title='bbox 1107 2566 1169 2585; x_wconf 82' lang='lat' dir='ltr'>cum</span> <span class='ocrx_word' id='word_1_429' title='bbox 1185 2561 1254 2584; x_wconf 79' lang='lat' dir='ltr'>esset</span> <span class='ocrx_word' id='word_1_430' title='bbox 1277 2553 1386 2595; x_wconf 71' lang='lat' dir='ltr'>irfims]</span> <span class='ocrx_word' id='word_1_431' title='bbox 1417 2555 1436 2584; x_wconf 81' lang='lat' dir='ltr'>i.</span> <span class='ocrx_word' id='word_1_432' title='bbox 1454 2564 1479 2583; x_wconf 88' lang='lat' dir='ltr'>e.</span> <span class='ocrx_word' id='word_1_433' title='bbox 1498 2560 1621 2590; x_wconf 86' lang='lat' dir='ltr'>mutus,</span> <span class='ocrx_word' id='word_1_434' title='bbox 1637 2553 1690 2592; x_wconf 82' lang='lat' dir='ltr'>qui</span> 
     </span>
     <span class='ocr_line' id='line_1_53' title="bbox 999 2595 1690 2637; baseline -0.006 -8"><span class='ocrx_word' id='word_1_435' title='bbox 999 2599 1087 2637; x_wconf 84' lang='lat' dir='ltr'>loqui</span> <span class='ocrx_word' id='word_1_436' title='bbox 1104 2608 1168 2628; x_wconf 91' lang='lat' dir='ltr'>non</span> <span class='ocrx_word' id='word_1_437' title='bbox 1186 2604 1299 2637; x_wconf 83' lang='lat' dir='ltr'>posset.</span> <span class='ocrx_word' id='word_1_438' title='bbox 1345 2597 1524 2627; x_wconf 79' lang='lat' dir='ltr'>Herodotus</span> <span class='ocrx_word' id='word_1_439' title='bbox 1541 2595 1631 2634; x_wconf 71' lang='grc' dir='ltr'><em>κωφὸν</em></span> <span class='ocrx_word' id='word_1_440' title='bbox 1645 2596 1690 2626; x_wconf 87' lang='lat' dir='ltr'>di·</span> 
     </span>
     <span class='ocr_line' id='line_1_54' title="bbox 998 2648 1050 2672; baseline 0.019 -1"><span class='ocrx_word' id='word_1_441' title='bbox 998 2648 1050 2672; x_wconf 75' lang='lat' dir='ltr'>cit.</span> 
     </span>
    </p>

    <p class='ocr_par' dir='ltr' id='par_1_13' title="bbox 1000 2681 1692 2853">
     <span class='ocr_line' id='line_1_55' title="bbox 1043 2681 1692 2726; baseline -0.008 -11"><span class='ocrx_word' id='word_1_442' title='bbox 1043 2690 1081 2715; x_wconf 81' lang='lat'>64</span> <span class='ocrx_word' id='word_1_443' title='bbox 1106 2683 1156 2726; x_wconf 85' lang='lat' dir='ltr'>qui</span> <span class='ocrx_word' id='word_1_444' title='bbox 1171 2695 1198 2712; x_wconf 85' lang='lat' dir='ltr'>se</span> <span class='ocrx_word' id='word_1_445' title='bbox 1214 2682 1309 2712; x_wconf 69' lang='lat' dir='ltr'>tradet</span> <span class='ocrx_word' id='word_1_446' title='bbox 1325 2681 1429 2724; x_wconf 85' lang='lat' dir='ltr'>quieti]</span> <span class='ocrx_word' id='word_1_447' title='bbox 1448 2682 1553 2722; x_wconf 81' lang='lat' dir='ltr'>Vulgo</span> <span class='ocrx_word' id='word_1_448' title='bbox 1569 2681 1692 2710; x_wconf 84' lang='lat' dir='ltr'>additur</span> 
     </span>
     <span class='ocr_line' id='line_1_56' title="bbox 1000 2724 1691 2765; baseline -0.006 -9"><span class='ocrx_word' id='word_1_449' title='bbox 1000 2727 1055 2757; x_wconf 73' lang='lat' dir='ltr'>im.</span> <span class='ocrx_word' id='word_1_450' title='bbox 1080 2727 1109 2756; x_wconf 86' lang='lat' dir='ltr'>id</span> <span class='ocrx_word' id='word_1_451' title='bbox 1135 2726 1323 2762; x_wconf 81' lang='lat' dir='ltr'>delevimus,</span> <span class='ocrx_word' id='word_1_452' title='bbox 1351 2726 1426 2765; x_wconf 87' lang='lat' dir='ltr'>quia</span> <span class='ocrx_word' id='word_1_453' title='bbox 1451 2732 1497 2755; x_wconf 84' lang='lat' dir='ltr'>est</span> <span class='ocrx_word' id='word_1_454' title='bbox 1527 2724 1691 2754; x_wconf 84' lang='lat' dir='ltr'>manifeste</span> 
     </span>
     <span class='ocr_line' id='line_1_57' title="bbox 1001 2769 1691 2808; baseline -0.004 -9"><span class='ocrx_word' id='word_1_455' title='bbox 1001 2771 1155 2806; x_wconf 84' lang='lat' dir='ltr'>alienum,</span> <span class='ocrx_word' id='word_1_456' title='bbox 1172 2776 1201 2798; x_wconf 87' lang='lat' dir='ltr'>et</span> <span class='ocrx_word' id='word_1_457' title='bbox 1219 2770 1249 2798; x_wconf 86' lang='lat' dir='ltr'>in</span> <span class='ocrx_word' id='word_1_458' title='bbox 1267 2769 1351 2799; x_wconf 85' lang='lat' dir='ltr'>libris</span> <span class='ocrx_word' id='word_1_459' title='bbox 1368 2769 1487 2808; x_wconf 83' lang='lat' dir='ltr'>scriptis</span> <span class='ocrx_word' id='word_1_460' title='bbox 1504 2777 1568 2798; x_wconf 85' lang='lat' dir='ltr'>non</span> <span class='ocrx_word' id='word_1_461' title='bbox 1585 2773 1630 2798; x_wconf 89' lang='lat' dir='ltr'>est</span> <span class='ocrx_word' id='word_1_462' title='bbox 1647 2776 1691 2797; x_wconf 84' lang='lat' dir='ltr'>re-</span> 
     </span>
     <span class='ocr_line' id='line_1_58' title="bbox 1000 2812 1312 2853; baseline -0.003 -11"><span class='ocrx_word' id='word_1_463' title='bbox 1000 2820 1125 2853; x_wconf 85' lang='lat' dir='ltr'>pertum</span> <span class='ocrx_word' id='word_1_464' title='bbox 1141 2822 1158 2842; x_wconf 88' lang='lat' dir='ltr'>a</span> <span class='ocrx_word' id='word_1_465' title='bbox 1174 2812 1312 2842; x_wconf 80' lang='lat' dir='ltr'>Davisio.</span> 
     </span>
    </p>
   </div>
  </div>
 </body>
</html>
