1778 3095
234 159 310 201 398

618 157 695 196 DE
721 158 991 198 NATURA
1020 161 1286 201 DEORUM

284 264 389 308 nasci,
412 274 444 303 et
470 265 658 314 hujusmodi
686 267 837 306 absurda
863 270 981 321 plura.
1037 272 1165 309 Beatus
1195 282 1306 309 autem
1334 285 1409 309 cum
1434 274 1504 310 sine
1529 274 1658 311 virtute

282 331 373 355 nemo
390 332 456 356 esse
466 321 583 370 possit,
605 322 701 358 nulla
721 332 831 359 autem
858 325 928 361 sine
954 325 1079 362 actione
1103 326 1216 362 virtus
1232 340 1241 367 ς
1270 338 1327 362 nec
1344 326 1436 362 otiosi
1456 326 1508 363 illi
1525 325 1574 363 dii
1592 339 1659 364 csse

274 382 415 421 possunt
432 371 534 410 beati.

590 375 707 426 Neque
732 389 812 413 vero
838 377 1012 428 voluptate
1027 389 1176 429 corporea
1196 380 1246 415 uti
1258 388 1408 429 possunt,
1428 380 1463 415 in
1480 393 1548 429 qua
1565 392 1657 415 sum-

280 438 371 462 mum
390 426 506 463 bonum
525 428 691 478 Epicurus
705 429 798 478 ponit
815 445 824 471 ;
854 444 955 481 neque
972 445 1039 468 una
1054 432 1172 468 doloris
1192 433 1351 469 vacuitas
1369 442 1431 468 aut
1448 432 1587 469 assidua
1593 434 1657 481 fi-

280 477 419 516 licitatis
437 493 510 517 suae
525 482 681 531 cogitatio
702 482 811 519 beatos
830 496 879 519 cos
904 483 1026 532 efficere
1046 495 1162 535 potest.
1220 487 1267 521 Et
1286 499 1359 521 cum
1376 496 1499 535 semper
1520 486 1656 536 pulsen-

280 540 337 568 tur
355 532 536 570 incursione
555 544 750 579 atomorum,
769 543 800 571 et
828 536 989 586 imagines
1015 551 1057 574 ex
1083 539 1161 587 ipsis
1186 550 1309 589 semper
1329 537 1481 584 effluant,
1502 552 1564 574 non
1578 550 1655 588 pos·

279 594 356 621 sunt
383 599 445 622 non
471 587 640 624 interitum
665 588 790 631 timere,
809 589 899 638 quod
929 589 1126 626 beatitudini
1147 591 1250 641 plane
1271 602 1448 641 repugnat.
1468 605 1497 628 c.
1519 598 1655 637 37-41.

284 638 447 687 Quoniam
465 653 543 677 vcro
567 641 679 676 otiosos
700 642 788 677 Deos
815 641 1026 678 introducunt
1047 644 1214 693 Epicurei,
1244 646 1371 681 nullam
1400 659 1507 681 rerum
1535 644 1655 680 huma-

278 704 400 728 narum
427 706 541 728 curam
569 693 737 737 habentes,
756 693 842 729 nihil
867 694 1008 731 homines
1024 696 1213 742 juvantcs;
1243 712 1366 734 omnem
1393 699 1605 734 sanctitatem
1623 707 1676 734 εἰ·

279 744 444 782 adversus
464 747 553 782 Deos
577 748 749 797 pietatem,
779 760 983 798 quamquam
1016 748 1129 785 verbis
1153 759 1291 800 ponunt,
1320 761 1429 788 tamen
1457 765 1490 788 re
1519 751 1651 788 tollunt.

277 811 310 835 e.
328 805 393 835 42.
414 812 487 849 sqq.

180 893 205 940 l
225 873 382 945 CUM
404 905 549 946 multae
572 920 634 947 res
654 907 696 948 in
717 907 987 964 philosophia
1008 923 1271 965 nequaquam
1301 912 1399 951 satis
1421 910 1558 953 adhuc
1579 926 1650 952 ex-

189 966 205 997 1
220 959 385 1015 plicatae
412 969 424 992 1
441 961 538 1013 sint,
557 972 648 1004 tum
670 964 936 1020 perdifficilis,
956 966 1101 1016 Brute,
1127 966 1258 1022 (quod
1275 976 1322 1007 tu
1341 967 1512 1008 minime
1530 968 1655 1023 igno-

219 1018 317 1068 ras,)
341 1024 384 1058 et
411 1019 668 1072 perobscura
696 1021 873 1076 quaestio
892 1031 956 1063 est
977 1023 1029 1062 de
1052 1031 1198 1062 natura
1225 1022 1427 1064 deorum:
1461 1038 1554 1079 quae
1579 1033 1596 1055 2
1611 1034 1651 1065 et

218 1072 272 1113 ad
292 1074 550 1129 agnitionem
582 1077 709 1118 animi
730 1078 982 1132 pulcerrima
1002 1087 1077 1128 est,
1098 1087 1140 1118 et
1159 1078 1210 1119 ad
1233 1079 1533 1120 moderandam
1555 1079 1650 1122 reli-

218 1129 392 1185 gionem
415 1133 661 1174 necessaria.

721 1135 790 1175 De
810 1150 892 1190 qua
912 1144 998 1175 tam
1028 1135 1146 1175 variae
1178 1145 1274 1175 sunt
1308 1135 1649 1178 doctissimorum

217 1186 454 1239 hominum,
475 1197 646 1245 tamque
668 1189 950 1245 discrepantes
980 1191 1194 1231 sententiae
1212 1207 1221 1240 3
1248 1200 1265 1223 3
1279 1201 1328 1232 ut
1345 1207 1503 1247 magno
1522 1207 1651 1248 argu-

217 1252 361 1284 mento
380 1259 470 1285 esse
492 1245 656 1297 debeat,
680 1254 698 1277 4
712 1262 897 1298 causam,
917 1247 958 1288 id
980 1256 1056 1298 est,
1078 1247 1329 1302 principium
1352 1248 1649 1305 philosophiae,

216 1312 306 1340 esse
326 1300 601 1352 inscientiam,
624 1302 935 1359 prudenterque
954 1303 1237 1345 Academicos
1262 1313 1278 1336 ⁵
1293 1318 1318 1344 a
1336 1304 1458 1345 rebus
1480 1305 1648 1346 incertis

214 1356 499 1398 assensionem
529 1359 782 1401 cohibuisse.
814 1359 916 1416 quid
935 1369 999 1401 est
1017 1360 1130 1401 enim
1155 1366 1172 1391 6
1188 1360 1423 1402 temeritate
1450 1361 1643 1416 turpius?

259 1486 271 1510 1
290 1478 362 1518 sint]
382 1480 446 1511 Ms.
462 1480 570 1511 Guelf.
586 1482 633 1512 ed.
654 1482 727 1513 Ald.
751 1489 828 1519 sunt,
846 1483 907 1512 hoc

212 1532 339 1561 quoque
366 1530 488 1554 rectum
512 1532 543 1553 et
569 1525 646 1554 forte
674 1526 707 1555 h.
731 1524 753 1555 1.
779 1525 906 1555 melius.

209 1564 271 1595 Sed
286 1565 365 1595 illud
381 1566 524 1605 pluribus
534 1567 619 1598 libris
635 1568 793 1606 firmatur,
809 1569 906 1598 etiam

210 1608 273 1639 Ms.
290 1610 441 1648 marginis
458 1610 605 1640 Lambin.

251 1658 269 1681 2
287 1658 314 1680 et
334 1653 375 1682 ad
395 1652 570 1691 agnitionem
593 1651 687 1681 animi
705 1651 900 1692 pulcerrima]

208 1693 350 1724 Quidam
363 1695 432 1724 libri
448 1695 632 1734 cognitionem
644 1697 728 1735 quod
745 1702 775 1724 et
790 1695 902 1725 Lamb.

206 1738 340 1776 praefert.
384 1738 444 1767 Sed
468 1744 498 1767 et
520 1738 639 1776 agnitio
653 1747 708 1777 pro
723 1737 904 1776 cognitione

204 1779 331 1818 dicitur,
346 1787 381 1810 ut
396 1791 511 1819 agnosco
527 1790 581 1819 pro
593 1790 751 1820 cognosco
767 1787 797 1810 et
813 1780 903 1809 intel·

206 1822 279 1862 ligo.
296 1832 326 1853 v.
342 1822 430 1853 Clav.
475 1823 533 1852 Sed
557 1823 658 1854 verbis
674 1823 714 1852 ad
727 1822 900 1862 agnitionem

203 1865 297 1895 animi
320 1875 385 1895 non
410 1866 598 1905 exprimitur
619 1866 704 1903 finis,
727 1873 762 1895 ut
785 1875 901 1904 nempe

202 1907 257 1938 illa
279 1918 339 1939 res»
350 1910 445 1948 prosit
466 1910 504 1939 ad
524 1916 673 1939 naturam
688 1909 786 1939 animi
804 1909 900 1938 nostri

201 1953 455 1990 cognoscendam
469 1963 475 1981 z
499 1961 698 1991 quamquam
714 1961 826 1982 verum
842 1958 899 1986 est,

201 1995 417 2033 cognitionem
452 2002 574 2024 naturae
609 1995 724 2025 divinae
755 1996 897 2034 prodesse

200 2038 240 2067 ad
255 2038 355 2066 animi
373 2037 509 2067 humani
525 2037 741 2076 cognitionem
756 2047 784 2067 v.
799 2038 898 2066 Tusc.

201 2080 242 2117 V,
260 2087 311 2111 25.
336 2081 388 2110 sed
413 2087 460 2110 est
483 2090 500 2109 e
524 2081 753 2110 consuetudine
774 2080 898 2110 Cicero-

199 2123 261 2160 nis,
279 2132 345 2162 pro,
366 2124 434 2161 ejus
457 2124 595 2162 cognitio
618 2131 664 2154 est
685 2124 896 2163 pulcerrima:

199 2173 236 2196 ut
250 2176 306 2205 pro
329 2167 403 2202 hoc,
420 2173 466 2197 est
488 2167 689 2196 fructuosum
711 2167 833 2201 animo,
849 2167 897 2196 di-

197 2209 252 2245 cit,
277 2209 339 2239 hoc
364 2216 410 2239 est
433 2211 472 2240 ad
493 2209 636 2239 fructum
659 2210 759 2239 animi
778 2209 896 2239 uberri-

197 2261 311 2282 mum:
345 2262 412 2291 pro,
442 2252 505 2281 hoc
534 2259 581 2282 est
605 2251 894 2289 jucundissimum,

195 2295 286 2325 valde
312 2295 458 2331 delectat,
478 2296 575 2325 dicit:
601 2295 663 2325 hoc
685 2302 730 2325 est
753 2296 790 2325 ad
812 2294 897 2325 dele—

195 2338 368 2369 ctationem
391 2339 629 2368 suavissimum.
645 2345 739 2377 atque
757 2339 816 2367 hac
833 2339 894 2368 for—

196 2390 251 2410 ma
267 2381 376 2411 Cicero
400 2381 453 2411 hic
476 2381 572 2411 etiam
595 2390 673 2412 usus
690 2388 736 2411 est
751 2382 789 2411 ad
805 2381 893 2411 simi-

195 2423 366 2455 litudinem
388 2425 557 2455 orationis:
590 2425 666 2462 quia
689 2423 831 2463 sequitur
854 2424 896 2452 ad

195 2466 268 2497 mod.
284 2466 338 2497 rel.
353 2466 529 2496 necessaria:
551 2468 637 2506 quod
659 2474 766 2497 tamen
790 2476 808 2496 a
829 2467 892 2496 Ms.

194 2510 285 2539 afuit.

237 2558 255 2582 3
272 2558 305 2581 ut
320 2563 421 2591 magno
436 2563 501 2591 arg.
518 2562 574 2581 esse
587 2551 702 2591 debeat]
721 2552 892 2582 Haeserunt

193 2595 248 2625 hic
270 2594 403 2634 quidam
425 2595 481 2624 viri
505 2595 601 2630 docti,
619 2595 694 2624 item
716 2601 747 2623 et
762 2594 890 2630 librarii,

193 2637 247 2677 qui
266 2638 337 2666 inde
361 2643 392 2667 et
415 2637 448 2667 in
471 2643 561 2667 textu
581 2637 701 2676 aliquid
717 2643 890 2667 mutavere.

194 2679 439 2718 intelligendum
454 2686 512 2717 est,
525 2679 568 2716 id,
588 2680 634 2721 (ea
650 2678 705 2718 res)
718 2680 779 2709 nisi
794 2680 890 2709 etiam

192 2723 319 2753 excidit.

236 2773 254 2796 4
285 2777 413 2802 causam,
442 2764 475 2794 id
502 2771 543 2794 est
563 2763 743 2804 principium
763 2762 890 2803 philoso-

186 2807 283 2848 phiae]
313 2809 357 2838 Ut
380 2808 505 2838 decerni
532 2808 639 2847 possit,
665 2814 774 2837 utrum
800 2806 889 2836 scien-

191 2851 265 2880 tiam
282 2852 452 2890 legendum
469 2852 520 2887 sit,
537 2860 578 2880 an
594 2850 786 2886 inscientiam,
803 2849 888 2889 quod

191 2894 287 2926 habet
303 2895 367 2926 Ms.
383 2893 529 2932 Eliensis,
545 2893 705 2934 ediditque
727 2893 887 2930 Davisius,

952 1482 1095 1521 mihique
1118 1491 1231 1513 verum
1254 1483 1387 1519 videtur,
1404 1482 1648 1522 intelligendum

950 1531 1007 1561 est,
1024 1527 1101 1564 quid
1115 1526 1154 1555 sit
1170 1536 1255 1555 causa
1272 1526 1292 1555 i.
1309 1535 1336 1555 e.
1354 1525 1534 1565 principium
1552 1526 1649 1565 philo-

949 1568 1068 1606 sophias,
1083 1569 1168 1607 quod
1191 1569 1297 1607 ipsum
1320 1579 1385 1599 non
1406 1569 1479 1599 satis
1496 1576 1578 1598 recte
1593 1578 1648 1599 ex-

949 1610 1104 1649 plicatum
1134 1617 1191 1641 est.
1248 1612 1347 1650 Igitur
1373 1610 1552 1650 principium
1585 1619 1644 1648 est,

945 1663 1018 1692 quae
1047 1654 1165 1683 Graecis
1192 1653 1388 1693 philosophis
1418 1653 1505 1694 ἀρχή.
1542 1654 1644 1695 ἀρχὰς

946 1703 1055 1726 autem
1086 1696 1266 1735 philosophi
1299 1697 1401 1727 Graeci
1433 1697 1544 1726 dicunt
1573 1707 1644 1736 pro-

946 1739 1114 1777 positiones
1144 1740 1314 1776 evidentes,
1345 1739 1519 1769 necessario
1555 1749 1641 1770 veras

946 1781 1198 1821 disciplinarum,
1236 1793 1253 1811 e
1291 1782 1407 1821 quibus
1452 1781 1522 1811 aliae
1566 1792 1643 1822 pen-

943 1825 1031 1860 dent,
1063 1834 1080 1853 e
1116 1825 1231 1863 quibus
1267 1824 1337 1855 aliae
1360 1824 1544 1862 judicantur
1582 1827 1642 1855 &a

942 1868 1027 1906 quod
1052 1876 1124 1905 ergo
1150 1868 1262 1897 deinde
1284 1868 1369 1897 addit
1389 1868 1427 1896 de
1450 1868 1643 1897 Academica

942 1911 1148 1948 suspensione
1169 1910 1369 1946 assensionis,
1395 1910 1424 1939 id
1448 1909 1576 1946 indicat,
1595 1911 1642 1940 in-

943 1952 1039 1991 telligi
1057 1954 1090 1981 h.
1108 1953 1128 1982 l.
1146 1952 1225 1982 illud
1247 1953 1512 1982 Academicorum
1538 1963 1643 1983 enun-

941 1995 1083 2025 eiatum:
1123 1994 1200 2023 nihil
1235 2007 1290 2025 esse
1320 2001 1488 2034 perceptum
1517 2007 1553 2024 ac
1581 2007 1641 2025 cer.

941 2044 1023 2067 tum.-
1061 2048 1196 2077 eamque
1227 2039 1268 2068 ob
1299 2048 1429 2068 causam
1463 2038 1543 2068 nihil
1572 2048 1639 2069 esse

940 2081 1168 2110 affirmandum
1193 2088 1229 2110 ut
1253 2091 1377 2120 prorsus
1401 2088 1534 2111 certum.
1580 2082 1641 2112 Sed

942 2123 1021 2153 illud
1052 2124 1244 2163 principium
1271 2134 1336 2153 non
1365 2124 1551 2163 exprimitur
1572 2134 1641 2154 ver-

940 2166 980 2196 bo
1008 2166 1146 2203 scientiar,
1174 2176 1274 2206 quam
1305 2167 1487 2197 Academici
1519 2176 1584 2197 non
1608 2177 1640 2196 a-

938 2216 1110 2247 gnoscunt,
1146 2210 1198 2239 sed
1233 2209 1410 2239 inscientia:
1445 2210 1529 2249 quod
1564 2211 1638 2249 quia

939 2252 1053 2282 librarii
1088 2262 1152 2281 non
1191 2252 1420 2291 intelligebant,
1458 2259 1488 2282 et
1522 2263 1637 2281 causam

933 2294 1170 2336 principiumque
1185 2295 1223 2324 ad
1238 2295 1339 2325 finem
1355 2295 1540 2330 referebant,
1557 2304 1636 2333 qua—

935 2337 960 2367 si
984 2338 1185 2377 philosophia
1207 2338 1388 2374 disceretur,
1410 2344 1446 2367 ut
1467 2338 1634 2369 scientiam

936 2390 1042 2410 rerum
1070 2390 1357 2419 consequeremur-3
1381 2380 1566 2410 deleverunt
1590 2381 1633 2417 in,

936 2430 965 2452 et
981 2424 1092 2453 dedere
1114 2423 1271 2453 scientiam.
1288 2432 1317 2452 v.
1334 2422 1425 2461 plura
1441 2424 1473 2453 in
1489 2422 1585 2453 Clave
1601 2424 1633 2454 in

935 2475 966 2495 v.
985 2465 1150 2496 Inscientia.
1194 2466 1270 2495 Non
1288 2465 1428 2495 dubitavi
1446 2466 1541 2506 igitur
1555 2475 1633 2497 cum

936 2508 1064 2537 Davisio
1081 2509 1170 2537 edere
1186 2507 1376 2537 inscientiam.

980 2559 995 2581 5
1022 2562 1040 2579 a
1066 2550 1146 2579 rebus
1170 2548 1300 2589 incertis]
1328 2550 1399 2581 Hoc
1422 2560 1551 2589 quoque
1567 2561 1632 2582 non

934 2592 1103 2632 vulgariter
1125 2593 1215 2630 dixit,
1232 2593 1321 2632 quasi
1338 2594 1377 2623 ab
1394 2593 1430 2623 iis
1447 2594 1538 2624 rebus
1561 2604 1634 2634 quae

934 2636 1062 2666 incertae
1086 2643 1202 2672 essent,
1227 2637 1365 2666 assensio
1386 2636 1564 2667 cohibenda
1585 2647 1631 2667 es-

933 2685 998 2708 set:
1026 2679 1095 2717 quis
1122 2679 1211 2709 enim
1239 2680 1300 2709 hoc
1327 2689 1392 2708 non
1423 2679 1544 2709 credit?
1577 2680 1634 2710 sed

932 2721 997 2751 sic:
1022 2722 1238 2752 assensionem
1267 2722 1448 2752 cohibuisse
1475 2721 1514 2751 ab
1539 2722 1633 2753 rebus

932 2764 1098 2800 omnibus,
1127 2765 1203 2803 quia
1242 2765 1368 2795 incertae
1397 2770 1522 2794 essent:
1556 2766 1631 2804 quia

932 2807 1013 2837 nihil
1030 2815 1214 2847 perceptum
1236 2815 1328 2845 esset,
1353 2814 1408 2837 aut
1428 2808 1544 2848 percipi
1560 2818 1633 2848 pos-

932 2857 989 2880 set.

976 2898 995 2924 6
1025 2892 1188 2923 temeritate
1216 2889 1342 2933 turpius]
1375 2891 1451 2923 Non
1488 2892 1630 2923 dubitavi
