1778 3095
206 84 287 122 364
559 85 812 125 TUSCUL.
843 86 1288 126 QUAESTIONUM

203 191 482 245 laudabiliter,
504 204 719 249 postremo
739 195 792 236 ad
811 195 917 237 bene
944 196 1165 238 vivendum
1196 197 1349 238 satisne
1368 204 1433 238 est
1450 196 1632 252 praesidii

203 248 247 289 in
278 249 456 292 virtute?
488 252 543 292 A.
567 252 694 293 Certe
728 252 839 293 satis.
900 254 964 294 M.
990 253 1110 294 Potes
1141 253 1284 310 igitur,
1313 260 1386 293 aut
1418 252 1489 309 qui
1520 254 1632 296 male

202 305 326 356 vivat,
347 321 430 348 non
450 322 548 348 eum
569 309 768 351 miserum
789 308 940 359 dicere,
960 320 1047 359 aut,
1068 325 1194 365 quem
1217 310 1323 351 bene
1343 309 1514 360 fateare,
1533 324 1631 352 eum

205 375 359 418 negare
380 364 500 406 beate
521 364 652 406 vivere
672 370 685 408 ?
718 366 773 406 A.
794 365 954 406 Quidni
975 367 1130 421 possim
1150 368 1162 407 ?
1196 381 1293 407 nam
1315 365 1440 407 etiam
1471 365 1514 406 in
1543 375 1632 407 tor-

204 420 357 460 mentis
388 431 513 471 recte,
534 421 721 471 honeste,
742 422 1020 471 laudabiliter,
1041 431 1084 463 et
1108 423 1163 463 ob
1185 437 1279 464 eam
1307 436 1396 463 rem
1425 422 1532 463 bene
1553 421 1632 464 vivi

204 484 360 529 potest,
397 477 632 518 dummodo
666 477 890 532 intelligaS,
925 478 1027 533 quid
1066 491 1177 520 nunc
1214 479 1350 520 dicam
1385 479 1505 520 bene.
1535 478 1632 520 dico

145 540 189 573 13
204 531 331 584 enim,
364 543 616 583 constanter,
648 534 845 589 graviter,
877 534 1097 588 sapienter,
1128 535 1306 577 fortiter.
1367 536 1473 577 Haec
1503 534 1632 576 etiam

202 587 245 628 in
261 589 491 644 equuleum
522 590 819 645 conjiciuntur,
839 605 924 645 quo
946 590 1027 631 vita
1048 604 1131 631 non
1155 591 1338 646 adspirat
1365 592 1502 632 beata.
1562 592 1633 633 M.

201 645 319 700 Quid
354 646 511 700 igitur?
558 647 700 687 solane
738 646 862 686 beata
895 646 992 696 vita,
1033 661 1192 701 quaeso,
1232 648 1477 703 relinquitur
1514 655 1631 689 extra

200 701 359 743 ostium
381 703 591 757 limenque
621 703 812 752 carceris,
844 716 943 742 cum
976 703 1225 754 constantia,
1244 706 1438 758 gravitas,
1460 704 1630 746 fortitu-

198 756 272 807 do,
293 758 509 813 sapientia,
527 758 784 814 reliquaeque
801 758 972 799 virtutes
994 760 1205 814 rapiantur
1223 760 1275 799 ad
1296 768 1515 810 tortorem,
1536 760 1631 802 nul-

197 812 371 869 lumque
403 823 596 855 recusent
629 829 705 856 nec
737 815 1006 870 supplicium,
1040 830 1114 856 nec
1144 815 1366 856 dolorem?
1399 816 1454 857 A.
1483 817 1564 866 Tu,
1596 817 1632 858 si

197 869 301 925 quid
328 884 372 910 es
407 871 608 920 facturus,
642 886 745 912 nova
778 871 917 927 aliqua
949 872 1171 928 conquiras
1202 881 1386 927 oportet.
1447 872 1533 914 Ista
1561 887 1631 914 me

196 926 370 967 minime
390 937 575 977 movent,
596 942 681 969 non
704 928 841 970 solum
876 928 974 984 quia
1000 929 1246 984 pervulgata
1266 938 1377 979 sunt,
1398 928 1471 970 sed
1492 929 1630 970 multo

195 982 348 1037 magis,
384 984 496 1039 quia,
533 993 749 1041 tamquam
785 985 890 1025 levia
922 984 1116 1040 quaedam
1152 986 1246 1026 vina
1280 985 1385 1026 nihil
1419 985 1557 1026 valent
1587 985 1630 1027 in

196 1053 321 1094 aqua,
344 1040 403 1080 sic
437 1040 678 1082 Stoicorum
711 1041 791 1082 ista
821 1042 956 1096 magis
985 1049 1169 1096 gustata,
1191 1056 1319 1098 quam
1350 1051 1495 1097 potata
1513 1041 1630 1083 dele-

194 1105 326 1138 ctant.
384 1096 515 1138 Velut
538 1097 617 1138 iste
646 1097 801 1139 chorus
824 1098 1040 1148 virtutum,
1061 1098 1103 1138 in
1131 1098 1359 1153 equuleum
1391 1098 1630 1153 impositus,

193 1151 402 1208 imagines
433 1154 655 1195 constituit
687 1162 783 1194 ante
815 1154 963 1195 oculos
991 1168 1089 1195 cum
1119 1154 1378 1210 amplissima
1407 1154 1630 1209 dignitate,

194 1216 244 1250 ut
263 1208 317 1250 ad
336 1223 405 1250 eas
427 1210 582 1251 cursim
613 1218 852 1265 perrectura
881 1210 1005 1250 beata
1033 1210 1130 1260 vita,
1151 1225 1227 1251 nec
1245 1224 1315 1251 eas
1337 1225 1361 1250 a
1379 1225 1424 1252 se
1444 1211 1629 1252 desertas

194 1278 369 1320 passura
389 1266 590 1307 videatur.
621 1281 719 1307 cum
753 1274 895 1307 autem
926 1267 1110 1307 animum
1142 1267 1196 1307 ab
1228 1266 1309 1307 ista
1337 1266 1502 1323 pictura
1523 1266 1630 1308 ima-

63 1345 96 1377 ρ,
108 1341 182 1369 231.
195 1321 450 1377 ginibusque
472 1323 688 1373 virtutum,
710 1322 762 1363 ad
784 1338 871 1364 rem
892 1323 1192 1378 veritatemque
1222 1323 1468 1374 traduxeriS,
1492 1331 1526 1360 17
1545 1323 1628 1365 hoc

152 1387 182 1409 a.
195 1377 358 1419 nudum
381 1379 645 1435 relinquitur,
667 1379 854 1435 possitne
884 1380 976 1435 quis
1006 1380 1154 1421 beatus
1185 1394 1291 1430 esse,
1313 1379 1515 1436 quamdiu
1536 1390 1626 1422 tor-

192 1443 386 1492 queatur.
446 1436 739 1478 Quamobrem
780 1435 862 1477 hoc
899 1451 1009 1477 nunc
1044 1450 1309 1492 quaeramus:
1347 1437 1517 1478 virtutes
1552 1451 1628 1478 au-

187 1500 292 1541 tem,
313 1491 399 1533 noli
419 1492 563 1543 vereri,
585 1507 636 1534 ne
657 1493 937 1548 expostulent,
964 1501 1007 1534 et
1036 1502 1264 1549 querantur
1284 1507 1328 1533 se
1347 1507 1372 1533 a
1391 1493 1515 1534 beata
1543 1493 1630 1534 vita

186 1561 278 1589 esse
299 1547 478 1589 relictas.
537 1549 582 1590 Si
613 1549 726 1590 enim
759 1549 873 1590 nulla
902 1550 1030 1591 virtus
1051 1549 1273 1604 prudentia
1294 1557 1424 1600 vacat,
1444 1549 1626 1605 pruden-

187 1604 246 1645 tia
265 1604 356 1660 ipsa
375 1604 457 1645 hoc
477 1605 603 1655 videt,
623 1620 707 1647 non
728 1620 875 1647 omnes
894 1606 1030 1647 bonos
1049 1620 1139 1647 esse
1158 1606 1286 1646 etiam
1306 1606 1450 1647 beatos
1470 1623 1480 1647 ε
1510 1606 1624 1648 mul·

186 1668 314 1716 taque
347 1660 399 1701 de
432 1662 498 1702 Μ’
519 1662 670 1713 Atilio,
701 1663 757 1704 Q.
791 1662 1007 1717 Caepione,
1038 1663 1102 1702 Μ’
1120 1662 1312 1717 Aquillio
1347 1661 1623 1704 recordatur:

187 1716 443 1773 beatamque
462 1718 604 1769 vitam,
626 1719 659 1760 si
679 1718 935 1774 imaginibus
955 1718 1096 1774 potius
1124 1719 1200 1769 uti,
1222 1733 1348 1774 quam
1368 1719 1495 1760 rebus
1523 1718 1624 1774 ipsis

186 1772 340 1829 placet,
363 1784 587 1816 conantem
609 1775 667 1815 ire
688 1775 729 1816 in
751 1775 995 1831 equuleum,
1020 1783 1057 1806 18
1074 1775 1227 1816 retinet
1252 1775 1361 1830 [ipsa
1379 1774 1619 1831 prudentia]

187 1840 399 1886 negatque
430 1831 468 1872 ei
500 1846 598 1872 cum
635 1830 782 1873 dolore
818 1840 860 1872 et
894 1831 1082 1872 cruciatu
1116 1831 1347 1887 quidquam
1381 1845 1471 1872 esse
1503 1846 1624 1873 com-

138 1890 331 1947 6mune.
390 1888 456 1927 M.
478 1887 615 1929 Facile
636 1889 787 1942 patior,
809 1898 850 1928 te
880 1887 962 1929 isto
993 1887 1122 1929 modo
1148 1902 1301 1944 agere:
1332 1887 1412 1928 etsi
1429 1887 1622 1945 iniquum

126 1951 252 2007 15est
271 1944 541 1999 praescribere
571 1944 674 1985 mihi
705 1954 761 1996 te,
784 1943 1146 2000 quemadmodum
1177 1959 1202 1985 a
1231 1958 1300 1985 me
1328 1943 1534 2000 disputari
1552 1958 1621 1985 ve-

183 1998 250 2042 lis.
310 2000 395 2041 Sed
420 2015 579 2055 quaero,
598 2011 742 2042 utrum
776 2001 935 2056 aliquid
966 2011 1106 2042 actum
1140 2000 1425 2056 superioribus
1455 2001 1622 2054 diebus,

183 2071 238 2098 an
257 2056 361 2098 nihil
380 2057 632 2098 arbitremur
651 2059 664 2098 ?
698 2058 752 2098 A.
776 2057 937 2098 Actum
959 2072 1069 2107 vero,
1090 2065 1133 2098 et
1149 2058 1411 2114 aliquantum
1432 2057 1620 2114 quidem.

182 2113 249 2154 M.
271 2113 421 2169 Atqui,
444 2114 478 2154 si
506 2114 564 2154 ita
592 2123 672 2164 est,
694 2114 920 2170 profligata
940 2113 1031 2170 jam
1053 2114 1157 2165 haec,
1179 2123 1222 2155 et
1246 2127 1367 2169 paene
1386 2113 1439 2155 ad
1459 2114 1618 2157 exitum

181 2169 367 2211 adducta
386 2170 565 2225 quaestio
587 2179 665 2211 est.
723 2172 779 2212 A.
801 2173 902 2227 Quo
923 2170 1090 2212 tandem
1113 2170 1273 2211 modo?
1306 2171 1373 2212 M.
1394 2169 1507 2226 Quia
1525 2185 1619 2212 mo-

181 2233 250 2267 tus
270 2226 517 2277 turbulenti,
530 2227 869 2283 jactationesque
900 2227 1139 2268 animorum
1172 2226 1370 2277 incitatae,
1389 2235 1433 2267 et
1455 2226 1619 2283 impetu

182 2282 492 2324 inconsiderato
512 2284 646 2334 elatae,
669 2284 873 2325 rationem
894 2298 1065 2325 omnem
1087 2283 1351 2338 repellentes,
1367 2282 1462 2324 vitae
1482 2283 1618 2325 beatae

181 2339 342 2380 nullam
378 2348 541 2395 partem
575 2341 829 2396 relinquunt.
865 2341 959 2396 quis
994 2340 1107 2381 enim
1143 2348 1297 2395 potest,
1327 2348 1510 2380 mortem
1543 2349 1619 2383 aut

180 2394 373 2436 dolorem
413 2405 620 2447 metuens,
666 2411 848 2452 quorum
892 2397 1072 2438 alterum
1113 2410 1225 2452 saepe
1263 2395 1398 2447 adest,
1433 2395 1613 2439 alterum

179 2465 346 2507 semper
365 2452 594 2507 impendet,
613 2467 705 2494 esse
736 2468 819 2494 non
849 2453 1005 2494 miser?
1036 2452 1152 2508 quid,
1173 2453 1207 2493 si
1226 2451 1341 2493 idem
1365 2451 1498 2508 (quod
1524 2452 1615 2509 ple·

180 2521 360 2563 rumque
393 2508 455 2558 fit)
493 2517 803 2564 paupertatem,
833 2508 1127 2564 ignominiam,
1160 2508 1374 2550 infamiam
1411 2508 1548 2560 timet,
1579 2508 1616 2552 si

226 2625 262 2654 17
280 2619 328 2648 Ιιοε
343 2619 448 2649 nudum
465 2617 655 2660 relinquitur]
670 2620 798 2650 Durum
816 2620 877 2650 hoe
967 2626 1002 2650 18
1020 2619 1123 2649 retinet
1146 2619 1208 2659 ipsa
1225 2619 1401 2661 prudentia]
1431 2620 1482 2651 Sic
1501 2630 1615 2653 omnes

179 2661 312 2692 videtur.
359 2661 421 2691 Ms.
439 2661 544 2692 Guelf.
564 2662 700 2701 nondum,
715 2663 796 2692 bene
810 2663 876 2702 opi·
920 2662 1001 2692 libri.
1045 2662 1106 2692 Sed
1136 2663 1290 2693 redundat
1316 2664 1426 2703 utique
1453 2663 1515 2702 ipsa
1539 2670 1613 2703 pru-

180 2715 248 2735 nor.
270 2714 381 2735 sensus
405 2712 462 2740 est,
486 2705 548 2734 hoc
564 2706 711 2736 nondum
727 2705 874 2741 efficitur,
919 2706 1031 2743 demin,
1047 2706 1234 2745 videturque
1255 2715 1272 2735 e
1293 2706 1505 2746 superioribus
1526 2715 1613 2747 repe·

178 2747 373 2787 intelligitur.
398 2757 474 2777 narn
498 2748 543 2778 sic
569 2747 695 2790 relinqui
717 2749 831 2779 dicitur
856 2759 873 2778 a
917 2749 1023 2779 titum.
1047 2749 1137 2780 uncis
1154 2748 1280 2779 inclusi.

179 2790 332 2822 Cicerone
346 2801 377 2822 v.
393 2790 483 2822 clav.
498 2791 530 2821 in
547 2791 581 2820 h.
598 2800 629 2820 v.
