1778 3095
213 122 291 156 202
525 115 597 153 DE
624 115 781 155 FINIB.
801 115 1004 156 BONOR.
1024 116 1093 154 ET
1120 116 1332 157 MALOR.

170 282 198 330 1
216 248 378 321 CUM
409 279 661 322 audivissem
689 280 970 333 Antiochum,
992 282 1139 332 Brute,
1169 290 1218 324 ut
1246 282 1424 334 solebat,
1453 297 1551 325 cum
1580 285 1648 327 M.

182 357 197 387 1
219 337 382 387 Pisone,
402 336 445 377 in
474 351 526 377 eo
554 337 795 393 gymnasio,
822 338 941 394 quod
972 339 1237 381 Ptolemeum
1267 347 1454 391 vocatur,
1481 355 1650 396 unaque

216 393 440 435 nobiscum
472 395 527 450 Q.
557 395 699 444 frater,
729 402 773 435 et
800 395 851 436 T.
874 396 1147 451 Pomponius,
1178 405 1221 437 et
1249 398 1299 437 L.
1325 396 1493 447 Cicero,
1522 397 1651 438 frater

215 458 373 501 noster,
394 450 648 506 cognatione
668 450 882 504 patruelis,
903 466 1046 493 amore
1065 467 1319 508 germanus:
1351 453 1651 494 constituimus

215 508 323 549 inter
363 521 455 557 nOS,
487 515 536 548 ut
567 506 898 548 ambulationem
940 509 1312 563 postmeridianam
1349 510 1652 550 conficeremus

215 564 260 605 in
280 562 528 615 Academia,
550 563 732 603 maxime
763 563 879 618 quod
905 563 940 604 is
969 564 1087 605 locus
1116 566 1168 606 ab
1197 566 1314 606 omni
1334 567 1459 607 turba
1479 566 1521 606 id
1542 574 1651 607 tem-

217 620 332 676 poris
352 634 508 661 vacuus
529 629 654 661 esset.
716 620 865 674 Itaque
896 619 950 660 ad
980 629 1148 676 tempus
1179 622 1232 662 ad
1262 624 1456 664 Pisonem
1489 637 1653 663 omnes.

174 688 207 718 b.
220 676 318 718 inde
337 676 450 718 vario
473 690 667 717 sermone
688 689 759 716 sex
779 676 851 717 illa
871 691 896 717 a
914 676 1078 733 Dipylo
1105 678 1239 720 stadia
1258 679 1533 720 confecimus.
1554 694 1653 720 cum

219 741 363 775 autem
393 732 649 775 venissemus
670 732 714 773 in
740 733 1013 774 1Academiae
1047 749 1132 775 non
1162 735 1249 775 sine
1279 749 1406 777 causa
1435 736 1657 776 nobilitata

182 790 368 846 2spatia,
388 789 576 830 solitudo
602 796 692 830 erat
719 803 783 840 ea,
804 804 933 845 quam
961 790 1243 832 volueramus.
1299 793 1411 833 Tum
1434 792 1542 842 Piso,
1562 793 1654 832 Na-

219 856 369 892 turane
397 845 520 886 nobis
549 845 648 897 hoc,
667 846 818 901 inquit,
839 846 987 888 datum
1017 846 1170 898 dicam,
1192 863 1244 888 an
1277 862 1415 890 errore
1440 848 1624 904 quodam
1644 864 1655 888 :

217 911 280 954 ut,
301 917 400 944 curn
430 916 480 943 ea
508 902 604 944 loca
631 902 862 954 videamus,
892 903 935 944 in
964 903 1118 959 quibus
1149 905 1354 946 memoria
1377 905 1528 960 dignos
1549 905 1655 946 viros

218 959 505 1016 acceperimus
536 959 721 1000 multum
751 974 842 1001 esse
870 971 1070 1011 versatos,
1090 962 1227 1016 magis
1249 976 1506 1012 moveamur,
1527 975 1655 1017 quam

219 1016 427 1072 siquando
461 1030 608 1057 eorum
635 1017 824 1072 ipsorum
855 1027 929 1058 aut
959 1018 1072 1058 facta
1098 1017 1333 1069 audiamus,
1355 1028 1428 1059 aut
1451 1018 1656 1073 scriptum

220 1073 395 1130 aliquod
413 1073 637 1129 legamus?
672 1073 786 1114 velut
815 1088 899 1129 ego
932 1089 1042 1115 nunc
1072 1089 1256 1115 moveor.
1287 1075 1397 1115 venit
1419 1074 1532 1116 enim
1553 1073 1658 1114 mihi

222 1130 408 1171 Platonis
431 1130 473 1170 in
494 1139 679 1170 mentem
700 1147 708 1171 z
742 1145 870 1185 quem
890 1131 1130 1186 accepimus
1152 1131 1336 1186 primum
1356 1131 1425 1171 hic
1445 1131 1659 1186 disputare

221 1187 396 1228 solitum
416 1203 425 1227 ε
457 1186 578 1242 cujus
599 1187 726 1227 etiam
747 1186 808 1227 illi
827 1187 985 1227 hortuli
1014 1187 1239 1242 propinqui
1263 1196 1280 1218 2
1296 1202 1380 1227 non
1406 1188 1658 1227 memoriam

221 1243 363 1285 solum
385 1243 490 1283 mihi
521 1243 729 1293 afferunt3
761 1243 837 1284 sed
864 1243 1005 1298 ipsum
1037 1243 1231 1283 videntur
1249 1243 1292 1283 in
1312 1251 1543 1298 conspectu
1562 1256 1660 1283 meo

221 1314 394 1355 ponere.
427 1299 495 1340 1110
533 1299 808 1354 Speusippus,
846 1298 916 1340 hic
950 1300 1228 1350 Xenocrates,
1265 1299 1334 1340 hic
1369 1299 1460 1355 ejus
1495 1297 1662 1340 auditor

223 1357 415 1406 Polemo,
438 1364 456 1387 3
475 1356 598 1411 cujus
629 1355 702 1396 illa
734 1356 826 1411 ipsa
856 1356 987 1397 sessio
1020 1355 1115 1406 fuit,
1148 1371 1275 1412 quam
1307 1356 1511 1397 videmus.
1543 1354 1663 1410 equi·

223 1412 322 1454 dem
354 1412 482 1454 etiam
516 1412 676 1453 curiam
709 1421 911 1463 nostram,
934 1412 1165 1454 Hostiliam
1198 1412 1309 1463 dico,
1334 1427 1418 1453 non
1447 1412 1555 1453 hanc
1585 1425 1664 1452 no-

222 1484 333 1520 vam,
354 1484 451 1525 quae
482 1468 588 1509 mihi
617 1468 756 1510 minor
785 1483 875 1510 esse
903 1469 1082 1519 videtur,
1102 1477 1379 1525 posteaquam
1410 1476 1474 1509 est
1498 1467 1661 1524 major3

223 1526 414 1580 solebam
451 1526 632 1575 intuens,
674 1525 932 1581 Scipionem,
972 1526 1197 1576 Catonem,
1236 1525 1433 1575 Laelium,
1471 1533 1662 1565 nostrum

224 1597 322 1624 vero
342 1584 385 1624 in
405 1582 551 1638 primis
571 1597 696 1623 avum
717 1582 921 1638 cogitare.
978 1583 1116 1623 Tanta
1143 1582 1203 1622 vis
1232 1581 1534 1623 admonitionis
1555 1581 1664 1621 inest

225 1640 269 1681 in
289 1639 395 1681 locis
412 1656 424 1690 3
455 1647 504 1680 ut
524 1653 608 1680 non
630 1638 718 1679 sine
742 1653 870 1680 causa
897 1653 948 1679 ex
977 1637 1042 1679 his
1073 1639 1292 1679 memoriae
1312 1638 1441 1679 ducta
1462 1637 1516 1678 sit
1536 1636 1663 1678 disci-

190 1696 354 1752 3plina.
411 1696 524 1738 Tum
550 1695 750 1752 Quintus,
771 1697 849 1736 Est
876 1695 1014 1750 plane,
1037 1695 1146 1745 Piso,
1166 1703 1214 1735 ut
1243 1694 1362 1745 dicis,
1384 1694 1534 1750 inquit.
1565 1707 1663 1734 nam

225 1755 295 1794 me
325 1753 465 1808 ipsum
494 1752 580 1794 huc
608 1752 739 1793 modo
767 1752 1003 1793 venientem
1034 1751 1308 1793 convertebat
1337 1751 1391 1792 ad
1421 1764 1510 1791 sese
1531 1749 1665 1791 Colo-

226 1824 330 1852 neus
350 1809 421 1850 1110
440 1809 576 1859 100115,
596 1808 717 1864 cujus
739 1808 877 1849 incola
897 1807 1132 1863 Sophocles
1151 1808 1207 1849 ob
1229 1808 1375 1849 oculos
1394 1806 1636 1848 versabatur
1653 1823 1664 1848 :

226 1880 354 1922 quem
373 1866 453 1907 scis
475 1880 602 1922 quam
624 1865 819 1916 admirer,
842 1879 1054 1921 quamque
1073 1879 1125 1905 eo
1145 1863 1343 1905 delecter.
1367 1872 1386 1895 4
1402 1878 1471 1904 me
1492 1862 1667 1919 quidem

225 1923 280 1964 ad
310 1923 502 1964 altiorem
532 1922 780 1963 memoriam
802 1921 1035 1977 Oedipodis
1055 1920 1139 1962 huc
1160 1920 1375 1972 venientis,
1396 1929 1440 1961 et
1458 1920 1533 1961 illo
1553 1918 1666 1960 mol-

226 1979 387 2020 lissimo
420 1979 619 2030 carmine,
640 1993 835 2035 quaenam
866 1986 1006 2019 essent
1031 1978 1123 2033 ipsa
1152 1977 1243 2018 haec
1271 1977 1380 2028 loca,
1400 1976 1666 2032 requirentis,

226 2036 388 2092 species
409 2035 601 2091 quaedam
625 2035 868 2085 commovit,
890 2035 1022 2076 inanis
1053 2034 1227 2085 scilicet,
1247 2033 1323 2075 sed
1351 2032 1581 2074 commovit
1600 2041 1666 2073 ta-

226 2108 340 2134 men.
397 2094 508 2134 Tum
532 2092 805 2147 Pomponius,
826 2094 888 2132 At
908 2105 1006 2147 ego,
1027 2105 1154 2147 quem
1174 2106 1262 2141 vos,
1283 2098 1330 2132 ut
1351 2089 1542 2131 deditum
1564 2089 1666 2144 Epi-

227 2163 347 2200 curo,
379 2149 572 2190 insectari
605 2148 764 2199 soletis,
786 2164 880 2189 sum
912 2148 1097 2189 multum
1128 2147 1324 2203 equidem
1352 2161 1450 2187 cum
1473 2145 1666 2196 Phaedro,

229 2221 356 2262 quem
389 2207 512 2247 unice
543 2205 692 2261 diligo,
713 2214 761 2246 ut
791 2205 920 2256 scitis,
945 2205 987 2246 in
1018 2204 1190 2259 Epicuri
1219 2203 1367 2253 hortis,
1396 2217 1503 2258 quos
1533 2201 1666 2242 modo

229 2263 579 2320 praeteribamus:
630 2262 719 2314 sed,
757 2261 907 2304 veteris
947 2260 1157 2318 proverbii
1201 2259 1436 2310 admonitu,
1476 2258 1666 2300 vivorum

275 2391 289 2414 1
318 2385 349 2413 in
377 2383 697 2424 Academiae—spatia]
731 2384 819 2414 Edidi
850 2394 927 2414 curn

229 2428 380 2464 Victorio‚
406 2428 573 2464 Lambino,
596 2428 738 2463 Davisio‚
761 2427 930 2457 Academiae

229 2481 285 2512 pro
314 2470 443 2509 vulgato
472 2470 670 2500 Academiam.
698 2470 806 2509 Spatia
835 2469 927 2506 dixit,

229 2515 306 2553 quia
322 2514 363 2543 ibi
379 2514 579 2543 decursrones
595 2520 751 2553 equestres
768 2513 929 2542 habeban-

230 2564 294 2594 tur,
322 2557 359 2586 de
386 2566 523 2595 quorum
548 2556 624 2586 locis
652 2557 681 2585 id
705 2557 838 2585 verbum
860 2565 930 2595 pro-

231 2601 336 2640 prium
353 2608 408 2629 est.
425 2609 453 2628 v.
472 2599 559 2628 Clav.
576 2599 683 2637 Spatia
698 2598 865 2627 Academia
886 2606 930 2628 et-

233 2644 298 2673 iam
314 2649 390 2673 sunt
405 2643 437 2672 in
454 2643 582 2672 Oratore
599 2651 627 2671 e.
645 2647 675 2671 3.

235 2710 239 2716 .
277 2694 295 2717 2
320 2696 349 2714 n.
378 2685 541 2714 memoriam
565 2696 587 2713 s.
611 2684 681 2713 mihi
705 2680 850 2724 affirum]
875 2683 930 2712 Vi-

232 2739 307 2761 sum
339 2729 417 2758 mihi
445 2735 503 2764 est,
535 2728 721 2757 Ciceronem
751 2727 828 2756 forte
857 2727 930 2756 scri-

233 2773 329 2812 psisse
356 2772 489 2812 ffrtmt,
517 2771 603 2809 quod
634 2771 710 2799 huic
733 2769 803 2799 loco
829 2771 931 2808 aptius

233 2815 328 2845 videri
354 2821 464 2853 potest.
489 2821 560 2843 turn
584 2820 655 2852 post
676 2813 769 2842 omisi
791 2812 837 2841 lzic
859 2819 931 2842 ante

227 2865 344 2898 ponere,
361 2865 397 2888 ut
417 2858 489 2888 fecit
503 2857 676 2887 Victorius:
701 2857 852 2895 abestque
868 2863 898 2885 et
913 2865 932 2885 a

971 2383 1050 2413 Mss.
1067 2382 1243 2412 nonnullis.

1014 2432 1031 2456 3
1050 2425 1130 2465 cujus
1151 2425 1214 2464 ipsa
1236 2424 1291 2454 illa
1313 2424 1393 2454 sessio
1409 2422 1495 2465 fuit]
1520 2425 1668 2456 Davisius

970 2468 1085 2499 delevit
1106 2468 1181 2507 ipsa,
1201 2469 1286 2507 quod
1311 2469 1342 2497 in
1368 2469 1446 2498 Mss.
1461 2468 1587 2498 duobus
1603 2478 1670 2498 non

972 2518 1133 2551 repererat.
1149 2521 1206 2551 ego
1223 2512 1334 2541 malim
1351 2510 1404 2539 illa
1419 2510 1494 2549 ipsa,
1512 2521 1589 2541 cum
1605 2511 1668 2541 Ms.

974 2555 1060 2584 Med.
1086 2564 1161 2584 narn
1188 2555 1233 2585 sic
1261 2555 1293 2584 in
1320 2554 1588 2584 demonstratione
1615 2554 1669 2583 tali

974 2598 1084 2627 Cicero
1110 2597 1226 2636 aliique
1251 2597 1372 2628 dicunt.
1417 2597 1468 2626 Sic
1491 2607 1520 2627 c.
1541 2604 1571 2628 9..
1596 2595 1673 2626 illud

973 2640 1077 2680 ipsum,
1095 2640 1171 2680 quenl
1185 2640 1289 2670 studet.

1017 2690 1035 2713 4
1059 2694 1097 2712 m.
1123 2695 1154 2723 q.
1179 2683 1219 2712 ad
1244 2682 1375 2712 altiorem
1401 2682 1563 2712 memoriam
1591 2681 1668 2723 &tt-J

974 2726 1091 2756 Sensus
1118 2734 1175 2762 est,
1200 2727 1297 2755 etiarn
1320 2725 1436 2755 altioris
1460 2733 1490 2755 et
1513 2725 1671 2764 Sophocle

974 2770 1158 2807 antiquioris
1176 2770 1216 2798 rei
1234 2769 1388 2798 memoria
1410 2769 1489 2798 mihi
1506 2768 1611 2798 oblata
1625 2775 1672 2799 est

975 2822 1052 2842 curn
1070 2813 1166 2850 hujus
1182 2812 1242 2841 loci
1254 2821 1373 2841 nomen
1389 2812 1505 2841 audivi.
1518 2820 1562 2843 50.
1575 2812 1670 2842 Oedi-

974 2855 1061 2895 podis
1077 2855 1207 2894 species,
1223 2855 1278 2894 qui
1295 2856 1359 2885 huc
1372 2855 1458 2885 venit
1474 2856 1532 2885 Sco.
