1778 3095
574 164 757 208 LIBER
784 161 1028 206 PRIMUS.
1445 167 1521 205 403

92 283 168 324 sed
188 290 236 324 ut
256 280 408 332 adsint,
433 285 708 334 cognoscant,
728 275 1071 326 animadvertant,
1091 272 1193 329 quid
1220 272 1273 313 de
1302 273 1518 328 religione,
1536 277 1584 315 14

91 339 264 394 pietate,
301 337 532 386 sanctitate,
568 334 845 384 caeremoniis,
882 332 977 383 fide,
1009 329 1298 387 jurejurando,
1334 331 1434 384 quid
1469 331 1521 371 de

91 395 276 451 templis,
309 392 508 442 delubris,
543 390 837 445 sacrificiisque
869 387 1158 435 sollemnibus,
1194 385 1296 442 quid
1332 387 1383 425 de
1421 386 1521 438 ipsis

92 452 304 507 auspiciis,
324 449 476 505 quibus
496 461 573 488 nos
593 460 842 501 praesumus,
861 443 1183 486 existimandum
1205 443 1273 482 sit.
1299 441 1390 482 haec
1409 442 1519 481 enim

92 508 236 549 omnia
260 507 312 548 ad
339 507 446 546 hanc
475 504 527 544 de
557 503 636 543 diis
665 502 975 543 immortalibus
1006 500 1282 555 quaestionem
1304 497 1522 538 referenda

91 572 204 605 sunt.
263 562 456 603 Profecto
487 574 559 600 eos
589 560 717 614 ipsos,
738 559 810 614 qui
838 573 882 598 se
914 556 1073 612 aliquid
1103 556 1205 596 certi
1234 555 1387 595 habere
1408 554 1519 594 arbi·
1531 570 1605 600 μᾶ.

90 627 268 670 trantur,
288 617 534 659 addubitare
556 623 684 671 coget
704 614 1047 656 doctissimorum
1069 612 1289 652 hominum
1315 611 1368 651 de
1387 610 1520 651 maxi·
1530 614 1558 634 ²·

91 691 163 717 ma
190 689 234 716 re
259 682 377 716 tanta
407 672 625 714 dissensio.
664 671 816 713 'Quod
841 685 937 711 cum
961 684 1071 725 saepe
1093 668 1207 719 alias,
1228 677 1318 709 tum
1341 668 1521 708 maxime
1538 681 1584 713 15

90 731 376 780 animadverti,
397 738 435 761 22
450 744 548 771 cum
577 728 690 783 apud
712 728 762 768 C.
786 728 960 768 Cottam
990 725 1240 766 familiarem
1272 738 1430 774 meum,
1454 738 1523 764 ac—

89 796 234 830 curate
268 801 380 837 sane,
409 795 453 827 et
482 785 707 839 diligenter
737 784 789 825 de
821 783 898 824 diis
926 781 1236 823 immortalibus
1261 781 1522 835 disputatum

89 845 158 886 sit.
215 845 346 893 Nam,
368 857 466 884 cum
485 842 598 882 feriis
620 841 780 882 Latinis
811 840 865 881 ad
893 854 1006 890 eum,
1025 838 1155 894 ipsius
1177 847 1330 893 rogatu
1351 837 1526 878 arcessi-

89 909 221 956 tuque
240 900 459 949 venissem,
480 898 638 939 offendi
658 912 755 938 eum
778 896 993 937 sedentem
1013 896 1054 935 in
1071 894 1267 944 exhedra,
1288 903 1330 934 et
1350 908 1448 934 cum
1472 893 1525 934 C.

89 956 255 1000 Velleio
279 963 472 997 senatore
500 955 815 1009 disputantem:
847 952 900 993 ad
932 966 1058 1007 quem
1091 960 1182 991 tum
1212 951 1410 1005 Epicurei
1438 950 1525 1004 pri-

89 1028 180 1054 mas
201 1027 251 1054 ex
273 1012 426 1054 nostris
445 1010 689 1051 hominibus
710 1009 970 1050 deferebant.
1026 1007 1188 1048 Aderat
1209 1008 1336 1048 etiam
1357 1008 1413 1063 Q.
1436 1007 1523 1047 Lu-

86 1070 209 1111 cilius
230 1069 413 1118 Balbus3
444 1067 518 1123 qui
546 1075 687 1107 tantos
717 1080 964 1121 progressus
990 1063 1176 1105 habebat
1204 1063 1247 1103 in
1280 1063 1448 1113 Stoicis,
1477 1071 1527 1104 ut

88 1141 187 1167 cum
207 1124 508 1166 excellentibus
528 1123 570 1164 in
590 1137 641 1164 eo
660 1136 816 1178 genere
837 1121 998 1163 Graeeis
1019 1128 1346 1176 compararetur.
1396 1120 1525 1169 Tum,

87 1191 138 1224 ut
167 1196 236 1223 me
267 1181 399 1222 Cotta
428 1180 543 1231 vidit,
566 1181 894 1234 Peropportune,
914 1177 1066 1233 inquit,
1092 1177 1216 1217 venis.
1249 1177 1382 1217 oritur
1412 1176 1526 1216 enim

86 1239 194 1280 mihi
233 1252 389 1294 magna
423 1236 476 1277 de
512 1251 556 1277 re
591 1235 808 1276 altercatio
840 1249 938 1276 cum
974 1234 1167 1276 Velleio:
1213 1233 1296 1284 cui,
1332 1245 1408 1288 pro
1448 1240 1525 1273 tuo

88 1295 244 1345 studio,
278 1308 362 1335 non
397 1301 460 1334 est
491 1292 673 1334 alienum
706 1300 749 1332 te
779 1292 995 1332 interesse.
1054 1289 1191 1345 Atqui
1223 1289 1327 1330 mihi
1355 1283 1571 1345 quoque7

86 1351 242 1401 videor,
262 1351 450 1405 inquam,
470 1348 643 1399 venisse,
663 1357 714 1389 ut*
735 1347 854 1397 dicis,
875 1353 1124 1402 opportune.
1156 1356 1239 1388 tres
1262 1346 1375 1386 enim
1395 1346 1522 1386 trium
1540 1352 1589 1389 16

87 1407 402 1462 disciplinarum
434 1405 642 1460 principes
675 1404 939 1446 convenistis.
999 1411 1037 1435 ‘23
1053 1404 1120 1444 M.
1151 1402 1245 1443 Piso
1280 1402 1313 1442 si
1345 1402 1525 1452 adesset,

87 1463 244 1505 nullius
266 1461 561 1518 philosophiae,
581 1474 726 1502 earum
756 1460 944 1516 quidem,
967 1475 1060 1516 quae
1079 1460 1122 1500 in
1141 1459 1302 1500 honore
1323 1467 1435 1508 sunt,
1454 1473 1526 1499 va-

87 1528 204 1561 caret
233 1519 367 1560 locus.
426 1519 538 1559 Tum
562 1518 717 1568 Cotta,
752 1517 810 1567 Si,
832 1516 981 1572 inquit,
1012 1516 1118 1557 liber
1144 1514 1349 1557 Antiochi
1376 1515 1524 1565 nostri,

87 1577 160 1632 qui
179 1576 232 1616 ab
253 1589 305 1616 eo
327 1589 460 1630 nuper
481 1573 535 1614 ad
563 1573 676 1614 hunc
705 1573 888 1614 Balbum
918 1573 1070 1614 missus
1091 1583 1169 1623 est,
1190 1586 1285 1612 vera
1301 1571 1494 1626 loquitur
1509 1587 1524 1622 ;

87 1632 191 1673 nihil
222 1640 298 1682 est,
331 1631 447 1687 quod
476 1630 688 1680 Pisonem,
709 1629 958 1670 familiarem
990 1639 1128 1679 tuum,
1150 1627 1375 1668 desideres.
1432 1628 1526 1668 An-

85 1688 232 1729 tiocho
264 1688 374 1728 enim
401 1686 534 1728 Stoici
563 1701 663 1727 cum
696 1686 983 1741 Peripateticis
1004 1700 1048 1726 re
1069 1685 1289 1726 concinere
1319 1683 1526 1734 videntur,

86 1744 478 1800 verbisdiscrepare
497 1759 506 1782 ε
536 1758 622 1799 quo
643 1742 697 1784 de
716 1742 825 1783 libro
847 1742 971 1784 velim
1001 1742 1121 1792 scire,
1139 1740 1287 1791 Balbe,
1308 1740 1409 1796 qu-id
1430 1754 1526 1780 sen-

85 1801 180 1842 tias.
200 1802 421 1856 sEgone?
453 1800 591 1855 inquit
624 1799 711 1840 ille.
742 1799 886 1849 miror,
920 1797 1201 1849 Antiochum,
1230 1797 1448 1838 hominem
1483 1796 1526 1836 in

85 1857 231 1913 primis
263 1866 452 1907 acutum,
473 1871 558 1897 non
588 1855 754 1908 vidisse,
781 1856 980 1896 interesse
1009 1854 1241 1910 plurimum
1271 1854 1378 1894 inter
1408 1852 1525 1893 Stoi-

86 1928 174 1964 cos,
197 1913 269 1969 qui
297 1913 476 1953 honesta
504 1927 529 1952 a
559 1911 796 1953 c0mmodis
826 1926 910 1952 non
940 1911 1126 1961 nomine,
1147 1910 1219 1950 sed
1249 1924 1402 1965 genere
1432 1917 1524 1950 toto

85 1969 401 2026 disjungerent:
441 1977 484 2009 et
519 1967 847 2023 Peripateticos,
878 1968 951 2023 qui
984 1967 1165 2009 honesta
1201 1967 1526 2007 commiscerent

86 2041 186 2068 cum
207 2025 459 2075 commodis,
489 2034 537 2066 ut
565 2038 616 2077 ea
642 2024 749 2065 inter
769 2038 813 2065 se
832 2024 1137 2079 magnitudine,
1163 2031 1206 2064 et
1233 2023 1352 2078 quasi
1380 2021 1525 2077 gradi-

85 2083 181 2133 bus,
202 2097 286 2123 non
305 2095 459 2137 genere
479 2080 707 2121 differrent.
737 2081 830 2121 haec
861 2081 971 2121 enirn
993 2089 1057 2122 est
1077 2095 1162 2120 non
1182 2080 1404 2123 verborum
1426 2092 1523 2133 par-

85 2153 150 2189 va,
171 2138 244 2179 sed
266 2153 404 2179 rerum
424 2151 657 2192 permagna
677 2136 895 2178 dissensio.
955 2138 1115 2178 Verum
1129 2136 1228 2176 ›haec
1252 2136 1378 2176 alias:
1410 2148 1523 2175 nunc
1539 2141 1586 2183 17

87 2194 202 2251 quod
232 2195 454 2250 coepimus,
485 2194 519 2234 si
549 2193 726 2234 videtur.
787 2192 902 2234 Mihi
927 2207 1040 2244 vero,
1071 2192 1209 2248 inquit
1243 2192 1389 2241 Cotta,
1409 2190 1523 2231 vide-
1535 2193 1566 2222 b-

87 2262 172 2293 tur.
234 2251 317 2291 Sed
347 2259 395 2291 ut
423 2250 508 2300 hic,
541 2249 614 2305 qui
645 2249 881 2300 intervenit,
903 2257 943 2280 24
959 2263 1028 2289 me
1058 2248 1240 2299 intuens,
1262 2262 1312 2288 ne
1341 2248 1523 2303 ignoret,

87 2322 182 2363 quae
204 2321 269 2348 res
291 2314 457 2362 agatur,
476 2306 529 2346 de
550 2315 697 2347 natura
717 2306 949 2360 agebamus
970 2304 1161 2354 deorum.
1187 2320 1283 2360 quse
1301 2318 1398 2345 cum
1420 2303 1527 2343 mihi

87 2364 296 2405 videretur
330 2363 601 2418 perobscura,
631 2371 679 2403 ut
711 2375 876 2417 semper
903 2361 1032 2402 videri
1062 2360 1198 2411 solet,
1230 2360 1400 2415 Epicuri
1422 2368 1528 2399 2-'›e.*;

87 2420 252 2461 Velleio
287 2419 529 2461 sciscitabar
563 2419 828 2460 sententiam.
859 2418 1154 2474 quamobrem,
1187 2416 1339 2473 inquit,
1370 2415 1527 2465 Vellei,

91 2476 169 2516 nisi
204 2475 434 2517 molestum
474 2484 552 2525 est,
589 2483 732 2530 repete
771 2489 864 2530 quae
901 2488 1105 2529 coeperas.
1170 2474 1375 2529 Repetam
1412 2486 1526 2512 vero.

91 2546 352 2587 quamquam
371 2547 456 2573 non
477 2531 598 2583 mihi,
618 2531 692 2572 sed
711 2531 789 2573 tibi
810 2531 879 2571 hic
897 2531 1009 2572 venit
1038 2530 1220 2587 adjutor.
1252 2530 1380 2570 ambo
1398 2528 1527 2579 enim,

134 2651 174 2675 22
199 2654 262 2673 cum
284 2643 461 2683 disputatum
486 2643 537 2682 sit]
565 2654 628 2673 cum
649 2650 695 2674 est
715 2644 748 2672 h.
765 2642 787 2673 l.
832 2644 914 2673 bus:
939 2644 976 2673 de
994 2643 1104 2673 Pisone
1122 2652 1152 2672 v.
1170 2642 1258 2673 Clav.

89 2687 262 2726 temporis3
287 2686 391 2725 itaque
417 2688 445 2716 ei
472 2687 510 2716 sit
535 2697 600 2716 non
628 2687 788 2716 convenit.
876 2692 916 2716 94
933 2697 976 2715 me
992 2685 1121 2725 intuens]
1140 2685 1202 2716 Int.
1220 2685 1334 2724 inquit.

90 2731 195 2759 Sensit
218 2729 425 2764 Gulielmius,
446 2731 500 2768 qui
523 2729 696 2768 corrigebat
706 2729 787 2769 fuit.
875 2737 914 2760 25
932 2740 967 2757 ex
986 2727 1058 2758 Vell.
1075 2727 1254 2766 sciscitabar]
1282 2727 1354 2757 Hoc
1374 2731 1446 2756 ante
1462 2735 1531 2755 non

92 2782 157 2802 non
175 2772 269 2801 male.
294 2781 352 2810 ego
368 2778 475 2801 tamen
491 2772 604 2802 malim
621 2778 700 2801 esset.
829 2772 951 2802 dictum
979 2777 1045 2801 est:
1080 2771 1185 2809 itaque
1216 2769 1458 2808 intelligendum
1489 2769 1527 2796 de

135 2821 173 2844 23
203 2815 251 2844 M.
268 2814 335 2844 Piso
358 2813 382 2842 si
406 2812 455 2852 a]
477 2814 588 2844 Delevi
610 2814 684 2843 enim
710 2822 787 2843 cum
829 2823 976 2844 sermone
991 2823 1040 2849 ec,
1058 2815 1113 2853 qui
1130 2815 1190 2844 fuit
1205 2821 1290 2850 ante,
1303 2822 1401 2851 quam
1419 2812 1531 2842 Cicere

92 2857 220 2887 Davisio
236 2862 266 2886 et
279 2857 461 2886 Alemanno
476 2869 482 2885 ε
507 2859 592 2894 quod
605 2866 662 2886 sna
677 2863 788 2895 sponte
832 2857 1061 2887 intervenisset.

90 2906 176 2940 patet
190 2909 256 2930 esse
271 2899 426 2938 alienum,
442 2906 473 2930 et
488 2899 575 2930 abest
597 2899 676 2931 Mss.
692 2899 789 2939 piuri-

835 2937 964 2981 Ddz
