1768 3095
568 153 744 190 LIBER
773 152 1106 191 SECUNDUS.
1486 158 1556 191 131

126 270 184 312 et,
206 261 241 302 si
269 261 428 303 utilitas
459 260 688 301 amicitiam
718 260 965 310 constituet,
987 259 1107 300 tollet
1128 258 1289 299 eadem.
1350 259 1432 300 Sed
1453 259 1553 315 quid
1564 272 1615 315 79

127 333 228 373 ages
245 318 431 367 tandem,
451 325 491 348 44
511 317 544 356 si
566 317 721 357 utilitas
742 317 795 357 ab
815 316 1000 356 amicitia
1023 318 1088 369 (ut
1110 316 1154 356 fit
1174 319 1302 370 saepe)
1327 314 1551 357 defecerit?

127 375 422 430 relinquesne?
457 388 551 428 quae
585 373 664 413 ista
696 373 879 413 amicitia
911 374 1002 413 est?
1035 372 1265 413 retinebis?
1299 373 1370 427 qui
1400 386 1554 412 conve-

131 432 220 472 nit?
254 430 353 485 quid
383 429 494 469 enim
526 428 578 469 de
608 429 791 469 amicitia
820 429 1028 479 statueris,
1060 438 1099 461 45
1114 429 1307 469 utilitatis
1336 442 1463 469 causa
1482 442 1553 468 ex-

127 487 320 542 petenda,
341 486 466 526 vides.
526 487 596 526 Ne
626 485 668 526 in
699 485 844 526 odium
875 485 1051 536 veniam,
1082 485 1115 526 si
1146 485 1327 525 amicum
1352 484 1553 525 destitero

127 544 248 584 tueri.
309 542 491 582 Primum
525 556 599 582 cur
634 542 713 583 ista
749 557 811 582 res
842 542 972 596 digna
1003 542 1101 582 odio
1133 552 1209 592 est,
1237 542 1315 582 nisi
1347 540 1461 596 quod
1492 550 1555 582 est

127 599 258 654 turpis
278 600 290 639 ?
323 599 452 654 Quod
481 598 529 647 si,
549 614 600 638 ne
620 614 705 653 quo
737 598 1011 639 incommodo
1031 598 1223 648 afficiare,
1244 613 1327 639 non
1347 598 1557 653 relinques

127 656 336 696 amicum:
369 664 525 704 tamen,
557 669 608 695 ne
639 656 725 696 sine
755 656 896 696 fructu
925 655 1122 710 alligatus
1154 656 1223 705 sis,
1253 666 1300 695 ut
1340 655 1557 705 moriatur,

125 718 166 743 46
181 711 360 766 optabis,
419 711 548 767 Quod
567 712 600 751 si
622 726 705 752 non
722 712 851 752 modo
874 712 1098 752 utilitatem
1119 712 1194 753 tibi
1217 712 1374 752 nullam
1396 712 1556 761 afferet,

125 767 198 808 sed
212 767 390 824 jacturae
410 768 470 808 rei
489 767 702 808 familiaris
719 778 842 808 erunt
862 768 1082 818 faciundae,
1101 768 1264 810 labores
1286 768 1556 823 suscipiendi,

125 823 363 864 adeundum
394 825 487 864 vitae
517 824 782 879 periculum:
814 840 866 865 ne
894 835 984 865 tum
1020 825 1188 880 quidem
1219 834 1260 866 te
1282 825 1494 880 respicieS,
1514 833 1558 865 et

125 881 332 935 ecgitabis
368 881 447 921 sibi
478 895 688 936 quemque
722 891 868 922 natum
902 896 1006 932 esse,
1044 892 1086 922 et
1113 883 1197 922 suis
1230 882 1553 936 voluptatibus?

125 938 271 977 vadem
303 945 345 977 te
369 937 422 978 ad
450 946 628 978 mortem
656 947 836 993 tyranno
857 938 975 978 dabis
996 953 1072 993 pro
1093 939 1244 989 amico,
1266 949 1314 980 ut
1336 938 1554 995 Pythago·
1564 944 1596 974 b-

124 1008 218 1034 reus
239 993 310 1034 ille
336 994 435 1035 fecit
463 1003 500 1030 47
520 994 662 1035 Siculo
682 1004 861 1050 tyranno
879 996 892 1034 ?
925 1004 998 1035 aut
1027 1003 1065 1026 48
1083 995 1257 1050 Pylades
1280 1010 1377 1036 cum
1400 996 1469 1045 sis,
1490 996 1554 1035 di-

125 1065 194 1090 ces
226 1060 268 1090 te
302 1064 393 1091 esse
426 1051 634 1100 Orestem,
669 1062 716 1091 ut
750 1051 928 1091 moriare
960 1066 1036 1105 pro
1064 1053 1232 1092 amico?
1265 1062 1351 1102 aut,
1380 1052 1413 1092 si
1441 1066 1555 1093 esses

127 1107 311 1157 Orestes,
344 1107 543 1163 Pyladem
579 1107 802 1157 refelleres,
825 1117 865 1148 te
893 1107 1094 1148 indicares
1115 1110 1126 1148 ?
1160 1119 1215 1158 et,
1238 1109 1271 1149 si
1293 1109 1335 1148 id
1358 1123 1440 1148 non
1459 1123 1558 1163 pro-

125 1163 260 1213 bares,
291 1179 375 1219 quo
404 1164 542 1204 minus
573 1165 700 1204 ambo
730 1178 814 1204 una
844 1165 1108 1215 necaremini,
1140 1175 1275 1206 wnon
1302 1167 1553 1220 precarere?

127 1220 300 1260 Faceres
331 1229 378 1261 tu
409 1220 595 1275 quidem,
625 1221 854 1275 Torquate,
886 1221 976 1261 haec
1006 1222 1161 1262 omnia.
1184 1222 1288 1263 nihil
1309 1222 1419 1262 enim
1442 1218 1636 1267 arbi-,⁶25

125 1284 214 1316 tror
233 1291 389 1331 magna
414 1276 538 1316 laude
564 1276 756 1331 dignum,
780 1277 894 1332 quod
920 1287 962 1318 te
983 1279 1360 1332 praetermissurum
1385 1278 1555 1319 credam
1567 1294 1619 1326 30

127 1343 202 1373 aut
228 1333 390 1382 mortis,
413 1341 486 1373 aut
513 1333 671 1373 doloris
691 1342 820 1373 metu.
843 1349 927 1374 non
948 1335 1150 1389 quaeritur
1172 1344 1330 1385 autem,
1353 1335 1454 1390 quid
1482 1351 1556 1376 na·-

127 1398 233 1429 turae
264 1398 348 1430 tuae
377 1398 706 1429 consentaneum
737 1390 803 1439 sit,
825 1390 899 1430 sed
930 1391 1030 1445 quid
1062 1391 1306 1446 disciplinae.
1326 1392 1432 1432 ratio
1462 1392 1556 1442 ista,

126 1459 254 1499 quam
287 1445 502 1494 defendis3
536 1455 759 1500 praecepta,
781 1461 873 1501 quae
906 1446 1101 1497 didicisti,
1125 1463 1218 1502 quae
1249 1449 1400 1502 probas
1418 1464 1428 1498 3
1460 1448 1557 1489 filn-

126 1501 240 1542 ditus
269 1511 459 1542 evertunt
488 1502 743 1543 amicitiam:
776 1504 964 1557 quamvis
995 1518 1087 1543 eam
1119 1504 1341 1558 Epicurus,
1364 1513 1410 1545 ut
1440 1505 1556 1556 facit,

123 1558 166 1598 in
187 1557 338 1598 caelum
360 1558 504 1598 efferat
533 1558 743 1598 laudibus.
800 1561 860 1599 At
883 1560 1015 1600 coluit
1035 1559 1123 1614 ipse
1143 1561 1360 1601 amicitias.
1421 1562 1556 1618 Quasi

124 1614 218 1669 quis
247 1614 367 1655 illum
399 1623 527 1668 neget
556 1623 598 1654 et
627 1615 787 1655 bonurn
818 1616 966 1666 virum,
989 1627 1031 1656 et
1056 1631 1236 1667 comem,
1258 1627 1300 1657 et
1320 1618 1554 1659 humanum

123 1671 265 1712 fuisse.
296 1670 350 1712 de
380 1670 551 1725 ingenio
581 1671 670 1726 ejus
702 1671 742 1710 in
773 1671 836 1712 his
859 1672 1227 1727 disputationibus,
1249 1689 1330 1714 non
1352 1675 1404 1714 de
1424 1676 1554 1716 mori-

122 1727 202 1768 bus
231 1728 446 1782 quaeritur.
476 1728 530 1768 sit
556 1728 634 1768 ista
662 1728 704 1767 in
732 1729 982 1769 Graecorum
1011 1729 1176 1770 levitate
1199 1732 1458 1785 perversitas,
1481 1732 1554 1787 qui

124 1783 359 1824 maledictis
386 1784 643 1824 insectantur
669 1799 756 1833 eOS,
788 1800 812 1825 a
833 1786 986 1840 quibus
1016 1785 1068 1826 de
1094 1787 1265 1827 veritate
1287 1788 1553 1830 dissentiunt.

121 1840 209 1881 Sed
227 1840 414 1896 quamvis
443 1841 576 1881 comis
606 1841 647 1880 in
667 1842 860 1881 amicitiis
881 1843 1047 1882 tuendis
1068 1843 1207 1893 fuerit,
1230 1853 1386 1894 tamen,
1407 1845 1438 1885 si
1462 1844 1554 1886 haec

123 1911 220 1937 vera
253 1905 364 1946 sunt,
401 1896 522 1947 (nihil
554 1897 666 1937 enim
698 1897 874 1951 affirmo)
912 1913 993 1939 non
1029 1900 1127 1939 satis
1157 1909 1306 1941 acutus
1338 1901 1432 1942 fuit.
1491 1903 1613 1943 At81

123 1952 270 1993 multis
298 1967 341 1992 se
360 1953 576 2007 probavit:
607 1964 650 1994 et
671 1954 842 2008 quidem
857 1955 955 2011 jure
975 1956 1178 1997 fortasse:
1209 1957 1283 1997 sed
1306 1966 1447 1998 tamen
1468 1973 1553 2000 non

122 2009 414 2064 gravissimum
449 2018 513 2049 est
551 2011 838 2051 testimonium
876 2012 1173 2052 multitudinis.
1215 2014 1257 2053 in
1292 2015 1408 2055 omni
1441 2016 1554 2056 enim

117 2074 225 2116 -arte,
253 2066 317 2106 .vel
346 2065 501 2115 studio,
536 2075 574 2098 50
589 2067 649 2106 vel
672 2067 813 2121 quavis
841 2069 1027 2117 scientia,
1049 2079 1096 2109 ut
1117 2071 1158 2109 in
1180 2070 1269 2125 ipsa
1289 2072 1454 2121 virtute,
1476 2087 1555 2127 op-

122 2122 275 2163 timum
295 2121 482 2177 quidque
504 2123 773 2164 rarissimum.
833 2127 898 2164 Ac
927 2125 1031 2165 mihi
1053 2126 1238 2180 quidem,
1262 2128 1376 2182 quod
1403 2139 1444 2169 et
1466 2130 1555 2184 ipse

122 2178 260 2219 bonus
281 2180 341 2219 vir
360 2179 455 2228 fuit,
478 2188 521 2219 et
541 2179 664 2219 multi
686 2180 881 2234 Epicurei
903 2182 1086 2231 fuerunt,
1107 2192 1150 2223 et
1171 2183 1297 2224 hodie
1320 2196 1417 2225 sunt
1439 2195 1481 2226 et
1512 2186 1556 2226 in

121 2235 317 2276 amicitiis
347 2234 504 2285 fideles,
534 2245 576 2276 et
605 2235 647 2275 in
677 2236 793 2276 omni
824 2237 906 2278 vita
935 2247 1191 2289 constantes,
1222 2250 1264 2280 et
1293 2255 1456 2295 graves,
1477 2256 1555 2282 nec

165 2371 206 2394 44
230 2364 254 2393 si
281 2364 396 2393 utilitas
423 2365 460 2393 ab
484 2365 812 2406 amicitia—defecerit]
860 2367 1033 2404 quentibus
1056 2370 1239 2399 conveniret
1262 2381 1342 2406 esses,
1364 2371 1481 2408 diceres,
1500 2384 1556 2401 mo-

124 2407 274 2448 Defecerit
295 2417 408 2437 verum
431 2417 497 2437 esse
511 2419 575 2438 non
593 2410 694 2439 credo.
712 2411 814 2439 immo
859 2420 960 2438 rerere.
988 2420 1046 2440 nec
1067 2421 1181 2442 verum
1203 2421 1267 2443 erat
1290 2425 1353 2442 cum
1370 2414 1493 2454 Pylades
1509 2415 1556 2445 sis.

122 2457 199 2488 puto
215 2451 372 2490 scripsisse
389 2451 576 2481 Ciceronem
593 2452 751 2481 dissederit.
861 2462 927 2482 non
943 2454 1030 2482 enim
1048 2462 1121 2484 erat.

166 2500 204 2523 45
229 2492 370 2522 utilitatis
384 2504 470 2522 cansa
486 2494 656 2533 eztvetenda]
675 2495 746 2524 Hoc
762 2505 817 2534 pro
905 2503 945 2527 49
968 2507 1020 2524 non
1037 2496 1205 2537 pru-arere]
1231 2498 1366 2536 Negatio
1382 2509 1507 2538 prorsus
1524 2510 1557 2530 a-

117 2535 311 2573 *glossemate
346 2536 485 2566 habuere
524 2538 555 2567 P.
581 2538 748 2568 Manutius
786 2546 816 2567 et
860 2537 943 2567 liena
966 2546 1021 2569 est.
1045 2541 1150 2579 itaque
1173 2548 1228 2570 aut
1250 2541 1390 2571 tollenda
1420 2550 1477 2580 est,
1502 2550 1558 2574 aut

123 2577 235 2608 Lamb.
258 2585 290 2608 et
310 2579 470 2616 Davisius,
487 2581 540 2619 qui
564 2590 625 2610 nec
646 2581 678 2610 in
693 2581 758 2610 Ms.
776 2581 816 2611 E·
858 2590 914 2619 pro
936 2592 964 2611 n.
976 2588 1025 2620 pr.
1049 2583 1222 2622 legendum
1245 2594 1322 2614 cum
1339 2585 1468 2616 Davisio
1485 2598 1557 2616 com·

113 2620 212 2650 'liensi
230 2621 352 2660 reperit.
398 2622 480 2651 Sane
500 2633 735 2662 supervacuum
756 2632 815 2660 est,
853 2630 1014 2662 precarer-e.

121 2670 154 2693 et
168 2664 283 2694 melius
295 2664 442 2694 abfuerit.
905 2674 944 2697 50
960 2667 1013 2696 vel
1022 2668 1131 2709 qua-vis
1143 2669 1487 2700 scientia—rarissimum
1501 2670 1553 2709 est]

167 2712 206 2737 46
230 2705 352 2745 optabis]
371 2707 492 2737 Durius
509 2708 571 2738 hoc
587 2708 716 2739 Davisio
730 2710 816 2739 vide·
860 2708 1008 2740 Davisius
1035 2711 1129 2741 deleri
1149 2712 1220 2741 vult
1244 2714 1365 2754 quavis,
1392 2722 1422 2742 et
1449 2721 1502 2750 cst,
1527 2721 1558 2743 et

124 2754 195 2777 tur:
215 2750 414 2788 ¹conjicitque
429 2760 482 2779 non
497 2750 607 2789 optabis
621 2752 638 2780 ,9
860 2761 916 2790 pro
933 2752 985 2780 vel
1006 2754 1035 2782 in
1052 2754 1072 2783 ἱ.
1089 2765 1122 2784 v.
1136 2776 1144 2789 ‚
1161 2762 1193 2784 ut
1209 2755 1238 2783 in
1255 2757 1317 2794 ipsa
1335 2757 1459 2790 virtute,
1477 2758 1557 2786 bene

165 2797 212 2824 47·
224 2792 327 2821 *Siculo
364 2799 484 2832 tyranno
497 2792 533 2831 ξ’]
575 2800 694 2834 ζγναηηο
729 2803 818 2824 com—
860 2794 983 2832 opinor.
1012 2804 1052 2825 est
1083 2797 1179 2827 etiarn
1209 2808 1227 2827 a
1257 2799 1336 2829 Mss.
1363 2800 1556 2837 quibusdam

126 2834 219 2862 mode
234 2835 378 2864 abfuerit.
861 2837 962 2873 abest,
987 2846 1018 2869 et
1040 2840 1088 2869 ed.
1111 2840 1195 2870 Vict.
1220 2842 1324 2880 itaque
1347 2843 1409 2871 hoc
1425 2843 1555 2880 qu÷dem

168 2882 205 2905 48
232 2876 353 2916 Pylades
376 2887 438 2906 cum
462 2878 510 2913 sis,
528 2876 615 2917 dices]
636 2878 754 2908 Melius
770 2888 816 2908 se·
860 2879 973 2909 delevi.

855 2933 885 2961 K
917 2933 939 2963 2
