1768 3095
241 115 294 148 80
550 112 622 150 DE
650 113 806 153 FINIB.
826 114 1028 154 BONOR.
1051 116 1118 153 ET
1147 115 1356 154 MALOR.

190 233 192 235 ·
240 216 426 258 lendumss
483 217 628 260 Teneo
648 227 704 270 te,
724 219 909 276 inquam.
931 236 1029 262 nam
1050 221 1130 263 ista
1148 220 1394 264 Academiae
1415 227 1479 263 est
1507 221 1676 278 propria

134 559 164 589 p.
179 556 229 582 49.

239 273 459 315 sententia.
520 276 586 316 Ita
616 290 807 317 sermone
837 278 1048 331 confecto,
1070 278 1248 320 Catulus
1268 278 1493 320 remansit:
1525 292 1601 320 nos
1621 277 1674 318 ad

241 330 450 372 naviculas
470 339 631 373 nostras
653 333 960 376 descendimus.

518 548 597 600 M.
637 548 920 600 TULLII
959 549 1399 602 CICERONIS

932 678 985 703 DE

725 775 1187 846 FINIBUS

351 920 833 985 BONORUM
881 924 1004 985 ET
1053 915 1558 986 MALORUM

931 1070 986 1094 AD

792 1115 1099 1199 BRUTUM

701 1244 906 1312 LIBER
936 1271 1212 1313 PRIMUS.

828 1409 1074 1431 ψ

754 1516 898 1554 ARGU
904 1516 1162 1553 MENTUM.

237 1594 297 1631 His
316 1592 462 1643 quinque
477 1590 518 1628 de
536 1589 675 1628 Finibus
697 1590 862 1627 Bonorum
887 1598 918 1626 et
935 1589 1108 1626 Malorum
1128 1589 1222 1627 libris
1241 1602 1388 1628 excussae
1413 1601 1491 1628 sunt
1519 1602 1672 1631 veterum

285 1644 571 1695 Philosophorum,
590 1643 650 1681 sed
670 1644 840 1694 praecipue
867 1643 1019 1694 Epicuri,
1042 1643 1225 1680 Stoicorum
1254 1654 1286 1680 et
1306 1645 1603 1695 Peripateticorum
1630 1648 1672 1686 de

283 1701 439 1737 Summo
459 1699 563 1735 Bono
589 1704 625 1734 et
654 1698 758 1734 Malo
776 1697 956 1739 sententian
976 1698 1004 1733 is
1024 1707 1074 1734 est
1091 1697 1190 1742 enim,
1211 1708 1306 1750 quem
1326 1698 1455 1735 Finem
1481 1700 1670 1739 Bonorum

285 1760 321 1790 et
349 1753 553 1795 Malorum,
571 1751 725 1788 imitatus
747 1752 895 1795 Graecos,
915 1749 1016 1795 dixit,
1047 1751 1105 1802 qui
1131 1755 1238 1796 τέλος,
1257 1751 1347 1802 quod
1368 1761 1415 1788 est
1433 1753 1468 1790 in
1485 1767 1618 1806 quaque
1635 1769 1673 1792 re

284 1819 463 1848 summum,
493 1805 674 1856 appellant.
696 1818 724 1841 c.
752 1811 812 1842 12.
837 1805 870 1841 in
882 1804 953 1850 fin.
1010 1806 1059 1841 Et
1082 1805 1196 1855 prima
1223 1805 1353 1855 quidem
1378 1805 1573 1857 disputatio,
1593 1822 1673 1859 quae

286 1860 321 1896 in
340 1860 479 1910 Epicuri
497 1859 660 1896 sententia
679 1868 841 1895 versatur
867 1865 898 1895 et
924 1858 1123 1909 explicanda
1141 1868 1172 1895 et
1192 1858 1384 1906 rejicienda,
1403 1859 1531 1898 duobus
1550 1862 1673 1912 primis

285 1913 381 1950 libris
400 1913 596 1950 continetur.
653 1911 873 1961 Eafiugitur
890 1911 1007 1949 habita
1034 1925 1102 1949 esse
1120 1912 1155 1948 in
1179 1912 1330 1950 Cumano
1352 1912 1530 1959 Ciceronis,
1545 1928 1618 1952 cum
1637 1928 1672 1952 eo

287 1968 333 2004 L.
371 1967 560 2017 Torquatus
594 1974 626 2003 et
663 1966 704 2003 C.
744 1966 900 2002 Triarius
930 1966 1107 2003 salutandi
1146 1966 1311 2004 Ciceronis
1346 1980 1453 2004 causa
1488 1969 1670 2008 venissent.

288 2021 479 2071 Torquatus
512 2020 667 2070 Epicurei
686 2028 803 2070 partes
831 2019 968 2069 suscipit
991 2027 1023 2056 et
1045 2020 1128 2057 libro
1148 2021 1177 2057 I.
1205 2021 1349 2070 explicat
1373 2021 1513 2071 Epicuri
1542 2031 1670 2059 senten-

286 2075 383 2111 tiam.
439 2074 552 2120 Hujus
582 2073 801 2124 disputationi
822 2073 1046 2123 praemittitur
1073 2089 1095 2111 a
1119 2074 1271 2111 Cicerone
1296 2074 1498 2124 reprehensio
1520 2074 1671 2112 Philoso-

278 2127 374 2178 phiae
395 2128 570 2178 Epicurea?
597 2128 632 2163 in
658 2128 851 2163 uni-versum
870 2127 984 2164 omnis.
1005 2141 1034 2164 c.
1055 2128 1093 2165 6.
1114 2133 1151 2174 7.
1206 2127 1317 2177 Ipsius
1342 2137 1468 2172 autem,
1486 2142 1566 2179 quae
1586 2129 1671 2166 Tor-
1697 2174 1699 2176 Ι

283 2190 388 2231 quato
407 2180 579 2223 tribuitur,
597 2180 829 2230 disputationis
857 2179 929 2217 haec
954 2190 1003 2217 est
1028 2194 1160 2218 summa
1176 2196 1187 2216 .·
1217 2181 1402 2230 Epicurum
1428 2195 1592 2219 summum
1614 2182 1673 2220 bo-

283 2248 363 2271 num
376 2236 522 2284 posuisse
540 2235 575 2271 in
599 2234 786 2285 Voluptate,
807 2248 970 2271 summum
999 2234 1124 2271 malum
1143 2235 1178 2271 in
1198 2234 1320 2271 Dolore
1336 2249 1346 2276 ;
1375 2235 1464 2285 quod
1484 2249 1577 2272 omne
1593 2237 1670 2273 ani·

285 2288 358 2325 mal
372 2288 476 2324 simul
501 2297 602 2339 atque
629 2297 747 2324 natum
776 2288 832 2331 sit,
851 2287 1027 2338 ‘voluptate
1047 2287 1216 2337 gaudeat,
1237 2287 1376 2325 dolorem
1402 2289 1620 2339 adspernetur
1638 2299 1670 2327 et

285 2341 438 2392 repellat,
457 2351 621 2392 quantum
649 2342 776 2392 possit:
805 2355 847 2377 ex
874 2355 937 2392 quo
965 2341 1187 2391 intelligatur,
1206 2351 1332 2378 natura
1354 2341 1393 2378 id
1417 2342 1567 2379 omnibus
1585 2343 1668 2380 insi-

287 2405 360 2432 tum
380 2407 460 2439 esse,
481 2404 520 2431 ut
537 2395 745 2445 voluptatem
769 2408 931 2431 summum
951 2394 1068 2431 bonum
1093 2404 1222 2446 putent,
1241 2408 1342 2446 neque
1357 2403 1428 2433 tam
1448 2405 1669 2445 argumenta-

285 2449 371 2484 tione
388 2447 442 2484 hic
465 2459 545 2499 opus
569 2461 647 2493 esse,
667 2461 770 2499 quam
790 2447 941 2485 mediocri
965 2448 1181 2485 admonitione
1207 2458 1238 2485 et
1265 2449 1556 2486 animadversione
1570 2466 1582 2486 :
1611 2449 1673 2487 sed

285 2502 404 2538 rectius
434 2515 533 2552 agere
563 2512 674 2539 tamen
702 2515 764 2544 eos,
784 2502 856 2552 qui,
876 2501 964 2551 quod
988 2502 1096 2539 multa
1123 2512 1238 2538 contra
1264 2503 1472 2553 voluptatem
1499 2503 1670 2547 dicantur,

285 2554 472 2592 rationibus
491 2556 678 2606 conquisitis
697 2554 737 2591 de
755 2567 794 2591 ea
813 2568 847 2591 re
864 2555 1105 2605 disputandum
1128 2563 1257 2606 putent.
1278 2569 1307 2592 c.
1327 2564 1366 2602 9.
1422 2557 1498 2604 ,Qui
1514 2565 1670 2594 accusent

285 2609 505 2658 voluptatem,
525 2608 726 2659 doloremque
754 2607 904 2652 laudent,
924 2622 985 2646 non
1015 2610 1120 2660 ipsam
1149 2609 1370 2660 voluptatem,
1399 2609 1460 2646 sed
1485 2623 1536 2646 eos
1557 2609 1669 2660 potius

285 2675 453 2703 accusare,
470 2663 528 2712 qui
547 2661 720 2699 blanditiis
732 2662 948 2711 praesentium
967 2663 1179 2713 voluptatum
1198 2662 1357 2713 corrupti,
1374 2664 1516 2711 futuros
1543 2662 1668 2700 dolores

283 2729 346 2753 non
361 2715 575 2765 provideant,
596 2725 658 2752 aut
671 2714 875 2765 perferendis
899 2715 1065 2753 doloribus
1086 2717 1212 2767 parvis
1240 2716 1378 2764 majores
1405 2730 1468 2753 non
1492 2716 1667 2767 repellant.

284 2783 312 2806 c.
337 2776 396 2807 10.
454 2770 572 2820 Neque
597 2782 677 2806 vero
700 2770 908 2819 voluptatem
927 2770 1071 2821 intelligi
1087 2783 1161 2807 eam
1178 2770 1294 2813 solam,
1312 2784 1390 2821 quae
1405 2770 1583 2807 suavitate
1599 2769 1667 2807 ali·

284 2836 352 2874 qua
370 2832 530 2860 naturam
547 2824 654 2874 ipsam
674 2832 819 2867 moveat,
840 2822 898 2861 sed
913 2837 984 2862 eam
1005 2825 1224 2876 potissimum,
1243 2837 1321 2875 quae
1341 2824 1561 2875 percipiatur,
1580 2824 1668 2861 omni
