1768 3095
269 77 321 116 62
615 80 893 120 ACADEM.
924 82 1370 121 QUAESTIONUM

269 187 364 230 fuit.
395 187 561 244 scripsit
581 188 711 245 igitur
731 188 795 230 his
816 189 902 230 fere
923 189 1072 230 verbis.
1093 198 1191 231 sunt
1211 190 1323 232 enim
1342 189 1447 232 mihi
1467 199 1581 243 nota,
1602 200 1703 248 prou‘

267 253 412 300 pterea
430 245 545 301 quod
564 260 708 287 earum
729 245 911 301 ipsarum
933 259 1087 296 rerum,
1110 246 1162 287 de
1184 248 1336 303 quibus
1365 247 1547 303 agimUS,
1568 249 1704 304 prima

267 302 492 354 institutio,
524 311 568 344 et
597 303 715 358 quasi
748 302 967 358 disciplina
995 302 1068 343 illo
1098 303 1207 345 libro
1232 304 1485 355 continetur,
1505 305 1581 347 sed
1601 306 1704 347 scri-

184 372 254 405 103
268 368 389 414 ptum
410 368 474 399 est
493 359 564 401 ita.
623 359 892 416 Academicis
910 359 1090 414 placere,
1112 373 1202 400 esse
1228 375 1366 402 rerum
1388 360 1599 417 ejusmodi
1616 361 1703 403 dis-

267 415 577 466 similitudines,
604 424 653 457 ut
686 416 778 456 aliae
810 416 1048 471 probabiles
1077 416 1306 467 videantur,
1335 417 1427 458 aliae
1456 427 1630 460 contra:
1660 419 1704 460 id

265 480 409 513 autem
429 487 514 513 non
541 486 631 513 esse
661 473 775 523 satis,
802 487 876 513 cur
905 472 986 512 alia
1016 473 1174 527 percipi
1205 487 1328 527 posse
1357 474 1484 524 dicas,
1505 475 1586 515 alia
1616 490 1703 517 non

267 543 422 584 posse3
454 537 680 584 propterea
717 529 833 585 quod
864 529 1000 569 multa
1032 528 1138 568 falsa
1173 529 1410 584 probabilia
1449 530 1563 573 sint:
1599 531 1704 573 nihil

267 594 410 627 autem
446 585 539 626 falsi
575 595 838 641 perceptum,
871 594 913 626 et
947 585 1169 640 cognitum
1203 586 1337 640 possit
1370 601 1478 628 esse.
1537 589 1702 644 Itaque,

268 642 341 693 ait,
361 641 632 684 vehementer
655 656 792 683 errare
822 656 910 691 eos,
932 641 1003 697 qui
1032 641 1188 692 dicant,
1218 641 1272 682 ab
1299 642 1536 686 Academia
1555 659 1702 686 sensus

266 699 386 754 eripi,
408 715 432 740 a
453 699 607 755 quibus
627 713 860 754 numquam
891 698 1051 739 dictum
1072 698 1139 749 sit,
1157 706 1231 738 aut
1260 698 1462 751 colorem,
1484 710 1558 742 aut
1575 715 1701 756 sapo-

266 770 371 805 rem,
385 765 457 797 aut
479 771 630 796 sonum
652 756 814 797 nullum
836 769 941 796 esse.
963 754 1069 795 illud
1090 754 1143 796 sit
1163 754 1442 810 disputatum,
1460 772 1545 798 non
1564 758 1702 800 inesse

267 812 308 853 in
329 812 394 854 his
415 812 645 868 propriam,
668 827 761 868 quae
781 826 990 868 nusquam
1021 811 1121 852 alibi
1152 820 1278 862 esset,
1299 812 1384 853 veri
1415 822 1459 854 et
1490 814 1595 856 certi
1624 828 1703 856 no-

182 877 255 910 104
268 878 370 910 tam.
428 870 538 925 Quae
560 884 657 911 cum
677 869 956 924 exposuisset,
978 868 1190 924 adjungit,
1209 867 1434 924 dupliciter
1453 869 1537 911 dici
1557 885 1701 912 assen-

266 940 337 966 sus
371 926 576 967 sustinere
607 925 870 982 sapientem:
901 940 989 967 uno
1019 925 1165 976 modo,
1188 939 1285 966 cum
1316 925 1399 967 hoc
1423 926 1702 983 intelligatur,

264 982 439 1023 omnino
469 997 568 1023 eum
600 983 660 1023 rei
691 982 795 1024 nulli
828 981 1047 1024 assentiri:
1079 982 1228 1032 altero,
1249 996 1349 1023 cum
1380 998 1424 1024 se
1450 992 1506 1025 1a
1525 999 1701 1041 respon-

261 1039 416 1090 dendo,
436 1049 485 1081 ut
512 1049 585 1080 aut
605 1040 812 1094 approbet
832 1039 948 1095 quid,
970 1048 1043 1080 aut
1062 1038 1288 1094 improbet,
1311 1039 1529 1091 sustineat,
1550 1049 1599 1082 ut
1624 1055 1700 1082 ne-

262 1110 346 1150 que
367 1105 497 1152 neget
517 1096 689 1152 aliquid,
713 1111 848 1152 neque
869 1096 965 1136 aiat.
1026 1095 1076 1136 Id
1098 1110 1195 1136 cum
1216 1095 1274 1136 ita
1294 1096 1349 1137 sit
1367 1113 1376 1137 :
1408 1096 1587 1138 alterum
1607 1098 1700 1154 pla·

261 1166 369 1203 cere,
401 1162 448 1194 ut
481 1167 712 1208 numquam
746 1153 994 1193 assentiatur
1011 1168 1023 1203 3
1053 1151 1233 1193 alterum
1264 1160 1423 1204 tenere,
1444 1162 1492 1195 ut
1521 1168 1700 1210 sequens

261 1209 620 1263 probabilitatem,
651 1210 909 1264 ubicumque
939 1208 1031 1249 haec
1059 1217 1133 1249 aut
1164 1217 1371 1260 occurrat,
1399 1218 1474 1250 aut
1503 1209 1698 1262 deficiat3

262 1273 280 1296 2
304 1276 377 1306 aut
408 1266 551 1316 etiam,
583 1274 656 1306 aut
686 1280 786 1315 non,
821 1264 1073 1319 respondere
1103 1265 1263 1319 possit:
1297 1272 1422 1317 3nec,
1441 1274 1491 1307 ut
1516 1266 1697 1322 placeat,

261 1336 375 1372 euin,
397 1322 469 1378 qui
490 1323 542 1363 de
562 1322 760 1363 omnibus
779 1322 905 1362 rebus
929 1321 1143 1362 contineat
1162 1335 1205 1362 se
1225 1321 1278 1362 ab
1299 1322 1582 1375 assentiendo,
1602 1339 1698 1365 mo-

260 1378 344 1419 veri
364 1387 522 1430 tamen,
542 1387 586 1420 et
606 1392 730 1434 agere
763 1377 937 1434 aliquid,
963 1377 1164 1434 4reliquit
1192 1377 1402 1433 ejusmodi
1421 1378 1522 1431 visa,
1543 1380 1697 1436 quibus

260 1435 314 1476 ad
335 1435 545 1476 actionem
564 1436 824 1476 excitemur:
856 1435 956 1476 item
978 1448 1041 1485 ea,
1063 1449 1157 1490 quae
1186 1434 1437 1490 interrogati
1463 1436 1507 1477 in
1537 1445 1698 1478 utram-

260 1505 341 1547 que
373 1502 540 1547 partem
564 1491 850 1547 ⁵respondere
880 1490 1106 1546 possimuS,
1140 1496 1364 1547 sequentes
1396 1494 1697 1536 tantummodo

259 1548 376 1604 quod
397 1548 455 1589 ita
473 1549 608 1590 visum
640 1549 707 1601 sit,
728 1548 827 1589 dum
862 1549 951 1589 sine
981 1562 1181 1588 assensu:
1215 1561 1351 1603 neque
1380 1557 1523 1590 tamen
1552 1551 1697 1592 omnia

259 1604 470 1660 ejusmodi
500 1606 585 1646 visa
613 1605 852 1661 approbari,
872 1604 947 1646 sed
979 1619 1042 1655 ea,
1065 1619 1159 1660 quae
1190 1603 1306 1645 nulla
1331 1619 1376 1646 re
1398 1605 1696 1661 impediantur.

172 1668 242 1700 105
261 1662 369 1702 Haec
390 1662 423 1702 si
443 1662 560 1703 vobis
589 1677 674 1702 non
703 1661 945 1717 probamus,
967 1661 1050 1702 sint
1068 1660 1174 1702 falsa
1204 1675 1327 1702 sane:
1358 1661 1561 1704 invidiosa
1580 1673 1695 1706 certe

257 1732 342 1759 non
363 1729 474 1760 sunt.
505 1733 591 1760 non
610 1719 723 1760 enim
744 1718 882 1759 lucem
902 1717 1100 1773 eripimus
1120 1734 1129 1759 :
1162 1717 1234 1759 sed
1264 1732 1328 1769 ea,
1348 1733 1443 1774 quae
1464 1733 1537 1761 vos
1557 1721 1694 1776 perci-

255 1775 313 1829 pi,
335 1775 736 1832 comprehendique,
758 1774 903 1816 eadem
926 1784 1017 1826 nos,
1039 1774 1073 1816 si
1093 1774 1225 1816 modo
1254 1775 1491 1830 probabilia
1515 1775 1612 1829 sint,
1632 1777 1694 1819 vi-

258 1830 347 1872 deri
367 1831 561 1873 dicimus.

175 1886 246 1934 33
316 1888 386 1929 Sic
405 1889 534 1944 igitur
556 1888 729 1929 inducto
757 1896 801 1928 et
828 1887 1060 1929 constituto
1088 1887 1313 1943 probabili,
1339 1894 1412 1930 6et
1441 1903 1493 1930 eo
1519 1889 1692 1945 quidem

213 1955 246 1986 b.
259 1945 472 2001 expedito,
494 1946 650 1996 soluto,
680 1944 829 1993 libero,
861 1943 975 1985 nulla
1003 1959 1047 1985 re
1076 1944 1309 2000 implicato,
1337 1944 1452 1986 vides
1481 1947 1690 2001 profecto,

256 2001 450 2053 Luculle,
473 2002 616 2058 jacere
640 2001 732 2058 jam
763 2000 869 2043 illud
900 2009 1022 2042 tuum
1052 2001 1362 2057 perspicuitatis
1392 2002 1690 2057 patrocinium.

254 2058 406 2100 iisdem
436 2059 550 2100 enim
579 2058 649 2099 hic
678 2057 857 2114 sapiens,
887 2057 940 2098 de
970 2073 1056 2114 quo
1077 2058 1246 2114 loquor,
1269 2057 1417 2109 oculis,
1438 2058 1591 2114 quibus
1611 2060 1690 2102 iste

254 2123 390 2157 vester
412 2116 580 2167 caelum,
604 2123 774 2166 terram,
802 2128 918 2156 mare
945 2114 1206 2156 intuebitur:
1239 2113 1390 2155 iisdem
1409 2115 1599 2157 sensibus
1620 2132 1688 2158 re-

254 2171 384 2228 liqua,
405 2188 500 2229 quae
529 2172 608 2214 sub
628 2186 840 2229 quemque
869 2186 1041 2213 sensum
1067 2171 1238 2223 cadunt,
1270 2171 1436 2213 sentiet.
1497 2173 1622 2215 Mare
1639 2174 1691 2216 il·-

300 2306 313 2328 1
333 2311 350 2327 a
373 2296 568 2337 respondendo,
592 2303 624 2325 ut
648 2303 699 2326 aut
720 2302 769 2335 ap.
793 2294 875 2337 quid,
899 2301 953 2324 aut

255 2341 354 2380 impr-1]
376 2342 529 2371 Gruterus
551 2340 674 2369 volebat
697 2339 790 2368 deleri
807 2345 839 2367 ut
854 2345 907 2367 aut
920 2344 952 2367 et

254 2392 321 2422 post
338 2394 392 2423 pro
408 2391 460 2413 aut
481 2384 573 2413 scribi
594 2394 644 2418 an,
660 2392 676 2412 e
693 2383 756 2412 Ms.
774 2381 838 2411 Pal.
856 2380 952 2410 Davi-

253 2428 317 2456 sius
335 2435 452 2463 totum,
469 2426 681 2465 :ct-improbet
697 2435 752 2463 pro
765 2424 951 2463 glossemate

255 2470 371 2499 habet:
395 2471 469 2509 qnia
496 2469 612 2499 ultima
639 2468 735 2497 verba
761 2469 791 2496 in
822 2466 952 2514 quibus-

254 2513 329 2542 dam
346 2513 426 2543 Mss.
443 2522 507 2542 non
523 2518 609 2542 sunt.
626 2520 672 2541 res
688 2520 751 2540 non
769 2517 814 2539 est
830 2516 918 2538 tanti.

298 2563 316 2586 ‘2
333 2562 387 2585 aut
411 2556 498 2584 ctiam
521 2561 573 2583 aut
596 2552 664 2594 non]
683 2553 772 2582 etiam
794 2559 839 2583 est
857 2552 948 2582 adfir.

255 2600 382 2628 mantis.

297 2648 313 2671 3
333 2652 393 2676 nec,
409 2647 442 2670 ut
454 2638 587 2679 placeat]
607 2650 656 2668 nec
670 2647 735 2668 non
751 2638 847 2668 efficit
862 2647 951 2667 com-

253 2685 388 2714 modum
414 2693 557 2714 sensum.
582 2684 688 2720 itaque
708 2681 760 2711 alii
784 2681 829 2709 hic
849 2689 949 2710 corre-

253 2737 349 2764 xere3
380 2726 527 2756 Davisius
557 2732 594 2755 et.
625 2725 722 2765 possis
751 2724 847 2754 etiam
877 2723 926 2752 scd
936 2735 946 2752 .-

250 2769 428 2801 Lambinus
444 2780 511 2798 nam
533 2779 632 2810 quum,
650 2769 737 2806 quod
759 2773 887 2798 secutus
902 2774 948 2798 est

250 2813 462 2852 Memmius,
480 2818 510 2842 et
525 2821 604 2843 mox
619 2810 754 2852 relinqui.

1037 2302 1056 2325 4
1073 2293 1192 2336 reliqui!
1206 2294 1341 2334 ejusmodi
1355 2295 1424 2325 visa
1438 2295 1608 2337 approbari]
1626 2299 1691 2330 De.

994 2337 1054 2368 levi
1077 2337 1242 2377 approbari,
1266 2338 1351 2377 quod
1374 2339 1461 2369 abest
1482 2340 1552 2371 edd.
1571 2348 1644 2372 vett.
1659 2349 1693 2372 et

995 2382 1073 2411 Mss.
1097 2380 1243 2419 migravit
1265 2382 1330 2411 huc
1353 2391 1370 2412 e
1391 2383 1611 2422 sequentibus,
1634 2385 1690 2416 ubi

993 2432 1040 2455 est
1055 2423 1148 2452 omnia
1161 2423 1294 2462 ejusmodi
1309 2424 1377 2453 ‘visa
1387 2425 1552 2465 approbari.

1039 2475 1055 2498 5
1082 2466 1244 2505 respondere
1263 2467 1416 2507 possimus]
1442 2468 1494 2498 Sic
1516 2469 1586 2499 edd.
1612 2476 1690 2501 vett.

994 2517 1025 2540 et
1049 2509 1185 2540 latinitas
1212 2510 1370 2548 postulat:
1399 2511 1505 2550 Vulgo
1527 2517 1687 2551 possumus,

993 2552 1087 2583 male.
1104 2562 1182 2582 mox
1196 2562 1252 2592 pro
1267 2553 1473 2592 impedirentur
1492 2554 1553 2593 leg.
1569 2554 1691 2594 impedi.

992 2602 1091 2626 antur.

1036 2643 1054 2668 6
1077 2645 1106 2667 et
1141 2649 1170 2667 eo
1206 2637 1321 2679 quidem
1358 2637 1458 2674 soluto,
1491 2638 1579 2668 libero
1609 2639 1684 2679 &c.]

992 2681 1119 2721 Nempe
1141 2690 1218 2711 curn
1240 2681 1306 2710 visa
1320 2687 1396 2711 sunt
1411 2680 1581 2719 ejusmodi,
1599 2690 1635 2713 ut
1649 2684 1686 2714 iis

991 2724 1037 2754 nil
1058 2724 1173 2761 obstet,
1197 2733 1262 2763 quo
1284 2723 1382 2753 dubia
1403 2724 1584 2762 reddantur,
1608 2736 1634 2757 s.
1649 2734 1687 2759 ut

990 2774 1063 2799 ante
1078 2767 1169 2805 dixit,
1185 2777 1252 2809 quae
1267 2765 1348 2796 nulla
1363 2778 1393 2797 re
1405 2766 1611 2807 impediantur.
1682 2766 1686 2771 ’
