1768 3095
235 97 271 130 8»
553 88 828 128 ACADEM.
859 89 1302 129 QUAESTIONUM

233 197 284 253 iis
310 196 411 254 ipsis
439 195 740 252 antiquitatum
769 197 985 251 prooemiis
1014 197 1311 253 philosophiae,
1331 197 1509 242 scribere
1535 200 1668 244 volui-

234 268 344 308 mus,
365 253 399 294 si
417 241 546 306 modo
567 253 783 294 consecuti
803 267 962 295 sumus.

189 326 217 365 3
289 310 400 352 Turn
430 324 527 365 ego,
558 309 680 364 Sunt,
713 311 900 365 inquam,
932 310 1024 360 ista,
1050 311 1200 352 Varro.
1221 326 1318 351 nam
1348 326 1422 352 nos
1451 311 1493 352 in
1526 321 1668 356 nostra

195 366 336 435 9urbe
356 366 682 422 peregrinanteS,
701 375 982 422 errantesque,
1004 376 1220 422 tamquam
1251 367 1452 423 hospites,
1481 371 1544 410 tui
1571 369 1669 422 libr-i

233 423 352 481 quasi
370 422 545 465 domum
567 422 842 474 deduxerunt,
863 435 907 465 ut
929 438 1146 478 possemus
1165 423 1405 480 aliquando,
1425 425 1512 482 qui,
1531 433 1575 467 et
1594 426 1670 477 ubi

231 493 433 530 essemus,
452 494 694 536 agnoscere.
725 488 771 521 tu
792 489 959 521 aetatem
990 480 1151 535 patriae,
1171 489 1218 522 tu
1236 480 1537 536 descriptiones
1557 479 1666 524 tem*—

231 545 399 593 porum,
421 546 467 578 tu
489 551 701 582 sacrorum
715 538 828 593 jura,
850 547 896 578 tu
917 536 1181 579 sacerdotum
1199 552 1210 587 3
1241 547 1290 578 tu
1308 536 1598 590 domesticam,
1618 549 1667 582 tu

230 593 425 635 bellicam
443 593 705 648 disciplinam
721 611 733 646 3
764 603 811 634 tu
832 593 973 634 sedern
998 593 1236 648 regionum,
1255 593 1446 635 locorum
1463 611 1476 646 3
1507 603 1555 638 tu
1574 611 1667 638 om-

231 650 348 702 nium
395 650 643 701 divinarum,
690 650 1053 705 humanarumque
1092 664 1231 691 rerum
1275 651 1460 702 nomina,
1496 665 1666 707 genera,

229 706 380 761 officia,
411 722 557 748 causas
584 707 809 761 aperuisti:
841 706 1155 762 plurimumque
1185 706 1322 762 poetis
1342 708 1508 759 nostris,
1527 709 1666 752 omni-

230 777 369 820 noque
402 764 564 805 Latinis
592 772 635 803 et
664 763 813 804 litteris
845 763 1015 805 luminis
1048 762 1240 814 attulisti,
1272 774 1316 805 et
1346 764 1507 806 verbis:
1540 774 1670 822 atque¹

229 819 317 875 ipse
336 821 511 872 varium,
529 829 573 861 et
591 819 759 874 elegans
778 821 893 862 onmi
914 820 999 860 fere
1019 834 1194 861 numero
1215 825 1369 875 poe'ma
1388 820 1548 864 fecisti:
1568 821 1664 878 phi-

227 875 464 932 losophiam
498 871 727 918 ue'multis
754 875 858 918 locis
887 876 1109 927 inchoasti,
1140 876 1193 917 ad
1220 877 1519 932 impellendum
1552 879 1668 932 satis,

171 944 218 975 10
229 932 283 974 ad
311 932 470 975 edocen
501 948 575 975 um
598 947 762 988 parum.
823 932 1008 974 Causam
1038 944 1179 975 autem
1209 934 1467 989 probabilem
1499 944 1547 976 tu
1571 934 1668 991 qui7'-

229 989 326 1034 dem
346 990 481 1032 affers.
501 998 575 1031 aut
594 990 704 1031 enim
727 990 878 1031 Graeca
897 989 1037 1046 legere
1057 991 1230 1040 malent,
1250 991 1322 1046 qui
1342 1001 1465 1033 erunt
1483 991 1635 1035 eruditi
1650 990 1664 1034 ἰ

229 1055 303 1088 aut
332 1061 383 1088 ne
410 1041 503 1088 h'aec
532 1045 718 1104 quidem,
740 1047 813 1102 qui
840 1046 912 1088 illa
941 1047 1146 1089 nesciunt.
1180 1055 1216 1083 27
1234 1046 1305 1088 sed
1326 1047 1379 1088 da
1399 1047 1502 1089 mihi
1521 1063 1632 1091 nunc
1653 1066 1664 1089 ι

229 1103 383 1144 satis'ne
402 1103 586 1159 probas?
619 1103 752 1144 immo
770 1118 865 1145 vero
885 1113 928 1145 et
947 1103 1053 1154 haec,
1072 1104 1145 1160 qui
1172 1103 1245 1145 illa
1275 1119 1356 1145 non
1388 1114 1602 1159 poterunt,
1622 1114 1666 1148 et

120 1174 150 1205 p.
166 1159 303 1215 412qui
323 1160 474 1201 Graeca
493 1170 708 1215 poterunt,
728 1175 813 1201 non
832 1169 1103 1202 contemnent
1133 1175 1222 1201 sua.
1252 1160 1353 1216 quid
1383 1161 1493 1208 enim
1525 1175 1664 1213 causae

188 1220 217 1241 a.
228 1224 306 1268 est,
326 1230 402 1257 cur
419 1221 568 1272 poetas
588 1217 762 1258 Latinos
783 1217 943 1258 Graecis
961 1217 1110 1258 litteris
1129 1216 1281 1258 eruditi
1298 1217 1456 1272 legant,
1474 1216 1665 1273 philoso-

224 1271 334 1327 phos
354 1288 438 1314 non
461 1273 636 1329 legant?
670 1282 707 1305 ‘28
725 1288 777 1314 an
808 1273 906 1328 quia
933 1273 1114 1314 delectat
1142 1273 1317 1324 Ennius,
1339 1274 1554 1326 Pacuvius,
1574 1275 1665 1317 Ac-

223 1328 330 1380 cius,
349 1329 475 1371 multi
493 1330 577 1380 alii,
597 1330 670 1385 qui
699 1344 785 1370 non
809 1329 945 1379 verba,
966 1329 1037 1369 sed
1066 1329 1148 1369 vim
1181 1329 1429 1370 Graecorum
1451 1343 1664 1386 expresse-

222 1396 322 1426 runt
339 1386 592 1439 poetarum?
626 1394 784 1441 quanto
814 1385 950 1440 magis
978 1384 1223 1441 philosophi
1241 1385 1526 1438 delectabunt,
1547 1387 1595 1438 si,
1615 1397 1666 1434 ut

221 1440 283 1482 illi
303 1441 574 1498 AEschylum‚
595 1441 866 1497 Sophoclem,
887 1441 1157 1496 Euripidem3
1184 1441 1242 1482 sic
1262 1441 1307 1483 hi
1328 1441 1545 1484 Platonem
1565 1443 1663 1485 imi-

163 1507 205 1537 11
224 1506 378 1547 tentur‚
412 1498 703 1549 Aristotelem,
736 1497 1109 1553 Theophrastum?
1142 1497 1343 1539 Oratores
1373 1498 1542 1554 quidem
1567 1499 1662 1542 lau-

222 1554 312 1595 dari
331 1554 466 1605 video,
486 1555 520 1596 si
550 1555 622 1610 qui
652 1569 674 1595 e
704 1554 854 1595 nostris
886 1554 1149 1610 Hyperidem
1180 1554 1276 1606 sint,
1296 1563 1370 1595 aut
1398 1555 1661 1600 Demosthe-

222 1625 319 1651 nem
353 1611 522 1653 imitati.
550 1626 632 1666 ego
667 1621 805 1652 autem
843 1609 996 1663 (dicam
1028 1611 1154 1662 enim,
1184 1620 1232 1652 ut
1262 1626 1325 1652 res
1355 1613 1435 1665 est)
1458 1612 1558 1654 dum
1589 1628 1659 1656 me

222 1667 414 1718 ambitio,
433 1668 535 1709 dum
566 1667 762 1717 honores,
782 1667 884 1708 dum
914 1681 1065 1718 causae,
1085 1667 1187 1708 dum
1219 1667 1458 1723 reipublicae
1484 1684 1569 1711 non
1589 1685 1660 1712 so-

220 1724 311 1765 lum
331 1739 445 1775 cura,
465 1724 538 1766 sed
557 1723 750 1780 quaedam
771 1724 898 1764 etiam
916 1724 1157 1780 procuratio
1187 1724 1332 1765 multis
1351 1723 1498 1766 officiis
1517 1726 1659 1782 impli-

220 1790 379 1831 catum,
399 1790 442 1821 et
460 1780 735 1822 constrictum
767 1781 950 1830 tenebat,
970 1781 1061 1821 haec
1081 1780 1242 1822 inclusa
1261 1781 1468 1822 habebam
1483 1798 1496 1832 3
1527 1791 1584 1834 et,
1607 1798 1663 1826 no

218 1838 544 1889 obsolescerent,
574 1838 838 1887 renovabam,
869 1852 967 1878 cum
996 1838 1164 1888 licebat,
1194 1837 1388 1893 legendo.
1420 1853 1531 1880 nunc
1560 1854 1658 1882 vero

218 1902 262 1935 et
293 1893 472 1935 fortunae
503 1894 751 1950 gravissimo
779 1908 998 1948 percussus
1024 1894 1206 1944 vulnere,
1225 1905 1268 1935 et
1296 1894 1658 1938 administratione

217 1949 457 2006 reipublicae
486 1951 702 2001 liberatus,
727 1950 883 1991 doloris
913 1950 1164 1992 medicinam
1195 1965 1219 1991 a
1249 1950 1519 2008 philosophia
1542 1961 1657 2008 peto,

216 2016 261 2047 et
284 2007 360 2048 otii
389 2008 713 2049 oblectationem
744 2006 866 2058 hanc,
887 2007 1226 2048 honestissimam
1247 2006 1410 2063 judico.
1440 2018 1514 2050 aut
1542 2009 1657 2052 enim

216 2062 315 2104 huic
350 2065 465 2105 aetati
493 2064 573 2105 hoc
610 2064 789 2104 maxime
823 2073 969 2119 aptum
1003 2072 1094 2104 est:
1123 2073 1196 2105 aut
1233 2064 1283 2105 iis
1313 2064 1451 2116 rebUS,
1484 2064 1518 2105 si
1549 2079 1655 2122 quas

215 2119 365 2174 dignas
400 2120 523 2162 laude
553 2120 777 2177 gessimus,
811 2119 893 2161 hoc
927 2121 966 2160 in
1003 2120 1148 2175 primis
1182 2130 1539 2162 consentaneum:
1579 2131 1654 2164 aut

215 2177 342 2218 ctiam
374 2176 428 2218 ad
459 2187 624 2219 nostros
652 2178 760 2218 cives
789 2176 1039 2218 erudiendos
1070 2177 1172 2218 nihil
1196 2176 1368 2218 utilius:
1399 2187 1487 2229 aut,
1506 2177 1540 2219 si
1559 2178 1652 2220 haec

157 2232 275 2274 12ita
293 2248 378 2274 non
397 2242 510 2285 sunt,
531 2233 634 2274 nihil
661 2233 777 2274 aliud
807 2233 941 2284 video,
962 2233 1076 2289 quod
1105 2246 1230 2288 agere
1258 2234 1482 2288 possimus.
1542 2235 1652 2277 Bru-

215 2298 283 2330 tus
302 2290 471 2346 quidem
494 2299 636 2332 noster
664 2289 869 2331 excellens
899 2290 1015 2331 omni
1042 2303 1196 2345 genere
1214 2289 1363 2340 laudis,
1384 2291 1442 2332 sic
1462 2291 1651 2346 philoso-

211 2345 356 2401 phiam
376 2347 538 2389 Latinis
561 2347 710 2390 litteris
739 2347 1018 2403 persequitur,
1039 2355 1079 2381 29
1096 2345 1199 2388 nihil
1219 2356 1267 2388 ut
1284 2346 1433 2388 iisdem
1453 2347 1506 2389 de
1525 2348 1652 2392 rebus

202 2479 405 2521 philosophias]
439 2481 646 2512 Casaubonus
685 2480 737 2510 hic
774 2479 906 2511 lacunas
949 2481 1001 2517 da,
1026 2487 1062 2510 ut
1088 2481 1167 2510 mihi
1195 2481 1410 2521 interroganti,
1436 2482 1486 2513 vel
1510 2484 1549 2515 ad
1572 2484 1649 2523 hoc,

208 2525 286 2554 duas
302 2534 368 2554 esse
383 2525 523 2564 putabat.
540 2534 599 2554 nec
614 2523 834 2554 difficultatem
851 2534 906 2554 ex·
949 2524 1036 2562 quod
1051 2523 1193 2554 dicturus
1208 2534 1295 2561 sum,
1313 2527 1511 2564 respondeas.

209 2567 361 2606 pedivisse
385 2567 507 2597 videtur
532 2567 690 2598 Davisius.
736 2567 801 2606 Ego
828 2574 906 2606 puto
994 2573 1033 2598 98
1047 2577 1084 2595 an
1097 2567 1167 2608 quia
1182 2567 1238 2597 del.
1257 2566 1310 2606 E.]
1337 2568 1412 2599 Non
1433 2570 1572 2600 cohaeret
1594 2570 1650 2601 hic

201 2609 390 2650 philosophia·
404 2620 470 2640 esse
493 2609 596 2641 alieno
613 2610 695 2646 loco,
712 2617 743 2640 et
758 2616 826 2650 post
841 2609 905 2639 lau-
948 2610 1059 2646 oratio,
1076 2617 1199 2650 propter
1221 2610 1254 2639 τὸ
1277 2611 1358 2652 quia,
1375 2614 1460 2650 quod
1475 2620 1507 2643 et
1520 2613 1561 2643 ab
1576 2613 1647 2644 edd.

205 2652 368 2682 dationibus
383 2654 580 2692 ponendum.
604 2660 633 2683 et
657 2663 710 2692 pro
726 2653 846 2682 scribere
862 2653 906 2683 le·
949 2653 1141 2692 quibusdam
1157 2660 1232 2683 vett.
1248 2654 1347 2690 abest,
1364 2662 1400 2684 ut
1415 2657 1464 2686 ed.
1479 2655 1560 2686 Ven.
1598 2655 1648 2686 Ex

202 2697 346 2733 gendum
362 2696 480 2737 efficere,
497 2697 549 2726 cui
567 2696 599 2725 τὰ
614 2696 744 2738 consequi
760 2696 840 2727 bene
857 2706 903 2727 re·
947 2697 1190 2735 argumentandi
1207 2697 1309 2726 forma
1331 2698 1454 2736 conjeci
1472 2698 1646 2737 legendum

202 2739 346 2778 spondet.
945 2749 1023 2777 esse,
1046 2738 1131 2781 atqui
1153 2738 1275 2768 delectat
1292 2739 1331 2769 E.
1349 2741 1391 2770 ita
1412 2742 1492 2771 bene
1516 2750 1647 2781 respon-

245 2788 283 2817 27
306 2782 356 2812 sed
375 2781 413 2810 da
434 2781 506 2811 mihi
527 2780 613 2820 nunc]
642 2782 829 2822 Intelligunt
851 2782 901 2813 dic
944 2784 997 2813 det
1010 2783 1095 2823 quod
1112 2792 1190 2813 mox
1203 2783 1345 2822 sequitur
1360 2791 1467 2825 quanto
1481 2783 1585 2823 magis.

202 2825 295 2856 mihi.
341 2826 406 2865 Ego
433 2825 546 2856 malim
569 2826 627 2863 sic,
649 2826 703 2856 scd
730 2826 791 2856 hoc
819 2826 899 2857 mihi
988 2834 1029 2859 29
1059 2825 1137 2856 nihil
1161 2825 1362 2856 ut-Graecia
1391 2826 1542 2868 desideret]
1570 2827 1643 2859 Hoc
