1778 3095
203 141 282 188 396
583 143 662 180 DE
690 144 952 183 NATURA
978 146 1248 203 DEORUM

205 255 242 278 ⁸2
256 246 309 288 ad
344 247 656 306 philosophicas
695 251 955 309 scriptiones,
990 269 1131 296 verum
1166 254 1293 296 etiam
1329 254 1522 298 lacessiti.
1582 258 1631 300 In

201 318 288 359 quo
320 314 522 360 quantum
557 307 705 350 ceteris
740 316 776 341 88
792 310 1001 366 profuturi
1032 311 1175 362 simus,
1209 326 1293 352 non
1327 311 1450 353 facile
1481 312 1631 355 dixeri-

202 375 326 425 mus:
359 363 509 404 nostris
546 364 717 419 quidem
752 367 1028 408 acerbissimis
1065 367 1299 418 doloribus,
1335 368 1554 425 variisque,
1590 379 1633 412 et

201 417 386 481 qndlque
408 419 671 462 circumfusis
701 423 904 465 molestiis
927 424 1008 465 alia
1029 425 1142 465 nulla
1168 424 1309 480 potuit
1328 423 1500 467 inveniri
1519 426 1632 467 leva-

203 483 277 515 tlo.

113 684 192 752 ²3:
476 689 553 739 M.
594 689 877 740 TULLII
917 690 1354 745 CICERONIS

421 925 868 996 NATURA
920 927 1411 1013 DEORUM,

704 1177 780 1223 M.
820 1177 1126 1224 BRUTUM

639 1297 838 1337 LIBER
883 1297 1052 1337 PRIM
1074 1298 1168 1339 US.

782 1444 1020 1465 ..ς-Φ...-

704 1562 733 1597 A
740 1561 1113 1598 RGUMENTUM.

184 1650 226 1685 In
252 1648 304 1684 his
331 1646 424 1684 libris
447 1646 489 1683 C.
515 1646 665 1689 Velleius,
688 1646 841 1682 Lucilius
870 1644 1002 1682 Balbus
1021 1654 1051 1681 et
1084 1646 1124 1683 C.
1149 1645 1248 1682 Cotta
1276 1646 1483 1684 inducuntur
1506 1647 1620 1699 dispu-

235 1709 345 1738 tantes
362 1700 403 1737 de
428 1710 555 1737 natura
577 1701 738 1742 Deorum,
767 1699 921 1742 audiente
942 1698 1104 1735 Cicerone.
1165 1699 1304 1737 Velleius
1334 1701 1532 1751 Epicuream
1560 1715 1622 1740 ra-

234 1756 351 1791 tionem
370 1754 530 1804 explicat,
553 1753 687 1790 Balbus
713 1753 873 1796 Stoicam,
894 1761 924 1788 et
943 1761 1058 1788 contra
1084 1761 1260 1803 utramque
1287 1753 1417 1790 disserit
1437 1754 1619 1796 116ααῖωηί-

233 1822 290 1845 cus
313 1808 427 1851 Cotta,
447 1807 510 1844 sub
538 1808 632 1853 cujus
656 1818 808 1856 persona,
826 1819 1031 1856 quamquam
1056 1804 1260 1849 dissimulat,
1277 1817 1308 1844 et
1331 1808 1434 1845 Stoici
1454 1820 1488 1844 se
1514 1810 1619 1845 ratio-

233 1875 306 1898 nem
322 1860 464 1911 probare
479 1861 631 1904 simulat,
650 1868 761 1897 tamen
787 1860 868 1895 latet
892 1859 1016 1896 Cicero,
1077 1859 1161 1908 Quis
1178 1861 1263 1896 enim
1281 1861 1396 1897 credat
1414 1875 1454 1898 v.
1472 1874 1501 1897 c.
1525 1861 1619 1899 Cice-

232 1928 339 1952 ronem
354 1913 643 1965 praedictionibus,
665 1912 929 1964 apparitionibus
950 1913 1112 1956 Deorum,
1131 1914 1264 1950 ostentis
1280 1914 1416 1965 aliquid
1431 1914 1617 1952 tribuisse?

232 1969 276 2004 In
302 1969 409 2018 primo
437 1981 514 2017 eigo
544 1967 627 2004 libro
661 1967 800 2004 Velleius
825 1961 860 2003 εἰ
885 1967 985 2004 Cotta
1013 1964 1203 2015 disputant.
1258 1968 1398 2004 Initium
1420 1967 1620 2018 disputandi

217 2022 317 2070 facit
340 2022 493 2066 Velleius,
513 2030 544 2058 et
570 2020 700 2072 quidem
722 2035 742 2057 a
763 2019 1002 2070 reprehensione
1025 2018 1210 2056 Platonicae
1236 2033 1278 2058 ac
1300 2021 1424 2058 Stoicae
1450 2022 1616 2070 rationi53

230 2088 374 2124 quarum
397 2075 459 2111 illa
490 2073 648 2111 mundum
676 2087 698 2110 a
720 2075 791 2110 Deo
819 2083 993 2123 tamquam
1021 2071 1132 2122 opifice
1157 2084 1259 2124 atque
1285 2074 1490 2121 ‘edificatore
1501 2076 1617 2125 profe-

229 2137 319 2165 ctum
332 2127 530 2179 pugnabat,
551 2128 660 2164 altera
680 2135 832 2178 πξὸνωαν,
847 2125 1096 2177 providentiam
1117 2126 1306 2172 inducebat,
1328 2142 1350 2165 a
1377 2142 1445 2179 qua
1474 2128 1617 2165 mundus

227 2181 362 2230 effictus
389 2189 469 2218 esset
496 2191 527 2218 et
556 2181 864 2223 administraretur,
884 2189 1026 2230 utraque
1053 2189 1163 2217 autem
1188 2180 1348 2218 mundum
1367 2182 1476 2218 animo
1493 2190 1524 2217 et
1542 2195 1616 2218 sen-

227 2234 321 2272 sibus
345 2235 542 2286 praeditum,
572 2234 762 2277 rotundum,
790 2233 959 2271 ardentem
989 2232 1232 2284 volubilemque
1249 2234 1422 2282 faciebat.
1452 2247 1482 2271 c.
1506 2240 1615 2272 8-10.

229 2288 444 2340 Reliquorum
472 2287 587 2325 deinde
613 2289 756 2325 omnium
780 2287 1051 2338 philosophorum,
1071 2287 1146 2323 inde
1168 2302 1190 2325 a
1213 2288 1363 2332 Thalete,
1382 2287 1422 2324 de
1441 2289 1514 2324 Deo
1542 2299 1616 2323 sen-

226 2343 338 2379 tentiis
358 2341 505 2379 bre-viter
533 2342 789 2379 commemoratis
806 2349 838 2378 et
862 2340 1073 2391 reprehensis,
1093 2354 1121 2377 c.
1146 2341 1348 2379 10-15.·ad
1363 2341 1470 2391 ipsam
1490 2341 1614 2391 Epicu-

227 2409 319 2433 ream
338 2395 379 2432 de
398 2396 478 2433 Diis
500 2397 658 2432 rationem
686 2395 919 2445 explicandam
945 2392 1084 2438 accedit,
1103 2407 1204 2444 quam
1232 2408 1337 2431 unam
1360 2407 1479 2431 veram
1497 2394 1615 2430 existi-

228 2458 311 2486 mat.
369 2449 465 2486 Solus
487 2450 654 2499 Epicurus
681 2448 785 2491 vidit,
799 2449 947 2498 primum
965 2459 1031 2484 esse
1051 2448 1152 2490 Deos,
1171 2447 1261 2497 quod
1276 2448 1311 2483 in
1327 2448 1471 2483 omnium
1490 2448 1613 2484 animis

225 2513 332 2537 eorum
353 2504 512 2539 notionem
533 2504 697 2552 impressit
717 2511 856 2545 natura,
876 2510 907 2538 et
931 2502 1003 2539 sine
1027 2500 1176 2537 doctrina
1204 2501 1474 2551 anticipationem
1501 2514 1611 2551 quan-

225 2554 304 2591 dam
327 2556 487 2600 Deorum,
508 2569 610 2607 quum
636 2555 782 2606 appellat
809 2556 967 2604 πξόλκψιν
986 2555 1166 2605 Epicurus,
1190 2554 1258 2590 sine
1284 2567 1353 2604 qua
1382 2567 1440 2590 nec
1467 2553 1612 2604 intelligi

224 2609 418 2658 quicquam,
438 2621 495 2645 nec
520 2609 644 2659 quaeri,
665 2621 722 2645 nec
745 2608 914 2658 disputari
937 2617 1054 2657 potest.
1082 2606 1119 2644 id
1141 2620 1183 2643 ex
1208 2620 1242 2644 eo
1272 2607 1497 2657 intelligitur}
1526 2607 1616 2658 quod

224 2661 366 2698 omnium
395 2661 559 2699 hominum
576 2662 611 2697 in
630 2674 664 2698 eo
681 2670 730 2698 est
750 2661 835 2698 mira
859 2663 1035 2707 consensio,
1056 2670 1093 2697 ut
1119 2662 1200 2698 Deos
1224 2673 1291 2697 csse
1317 2667 1487 2697 statuant.
1542 2658 1615 2697 Sed

214 2786 252 2810 82
266 2777 519 2818 adplzilosoplzicas
531 2777 707 2817 scriptiones]
724 2778 774 2807 Sic
788 2777 866 2807 MSS.
956 2783 994 2807 83
1015 2777 1167 2819 profuturi
1193 2776 1296 2818 simun]
1326 2778 1414 2808 Male
1439 2778 1537 2818 vulgo
1562 2791 1610 2810 su-

168 2823 273 2862 plures
289 2830 319 2853 et
333 2823 401 2852 edd.
418 2827 492 2851 vett.
516 2830 572 2860 pro
588 2830 624 2851 eo
640 2822 672 2850 in
689 2820 868 2851 recentiori·
911 2831 983 2851 mus.

170 2868 228 2896 bus
244 2867 355 2897 datum
367 2863 560 2905 philosophas.
