1778 3095
599 118 777 156 LIBER
806 117 1110 155 QUARTUS.
1499 124 1571 166 197

141 241 250 279 muS,
271 227 427 285 aegrine
454 227 609 268 simus:
639 230 849 275 vacem'US,
867 240 919 266 an
949 224 1187 267 cruciemur
1215 223 1388 265 dolore:
1420 225 1570 281 frigus,

138 284 296 325 famem
325 285 567 341 propulsare
600 283 825 337 possimus,
857 296 988 334 necne
1019 281 1258 337 possimus:
1289 280 1413 330 vives,
1434 283 1570 337 inquit

137 340 301 392 Aristo,
321 339 555 395 magnifice,
580 348 706 393 atque
734 338 962 393 praeclare-z
994 346 1032 370 28
1049 337 1166 393 quod
1198 337 1277 401 erit
1304 351 1487 392 cumque
1507 339 1568 379 vi—

136 410 231 437 sum
263 411 405 452 agens,
426 409 657 450 numquam
691 409 858 450 angere,
885 409 1117 450 numquam
1149 408 1308 448 cupies,
1334 408 1565 448 numquam

135 453 317 493 timebis.
377 451 493 508 Quid
526 452 670 492 Zeno?
706 461 902 506 portenta
933 451 1025 492 haec
1058 464 1147 491 esse
1179 450 1295 500 dicit,
1318 464 1393 490 nec
1425 464 1473 490 ea
1499 465 1564 490 ra-
1579 460 1630 500 70

133 508 249 549 tione
275 507 364 548 ullo
392 507 522 548 modo
552 521 674 562 posse
704 507 779 548 vivi
794 523 805 557 3
838 507 910 548 sed
941 507 1106 548 differre
1133 506 1241 547 inter
1260 506 1503 557 honestum,
1524 516 1566 547 et

132 574 269 618 turpe,
291 563 467 604 nimium
500 574 719 618 quantum,
742 564 882 604 nescio
915 564 1016 620 quid
1045 564 1300 605 immensum
1322 579 1330 604 ε
1362 563 1469 603 inter
1494 577 1563 603 ce-

130 628 238 660 teras
265 635 330 660 res
361 620 465 661 nihil
495 621 668 661 omnino
697 621 911 663 interesse.
975 620 1093 661 Idem
1114 619 1284 660 adhuc:
1322 619 1437 672 (audi
1464 619 1620 665 reli-71

129 690 225 730 qua,
255 684 298 716 et
327 676 455 716 risum
489 677 672 727 contine,
704 677 738 718 si
770 679 927 732 potes.)
977 676 1125 718 Media
1155 675 1240 726 illa,
1274 676 1424 731 inquit,
1456 675 1563 717 inter

126 746 221 786 quae
251 732 356 773 nihil
385 733 572 783 interest,
593 743 735 773 tamen
765 732 975 789 ejusmodi
1004 740 1117 783 sunt,
1136 742 1184 773 ut
1215 746 1360 773 eorum
1384 731 1465 772 alia
1485 732 1562 772 eli-

123 788 266 843 genda
285 788 383 840 sint,
404 790 483 830 alia
503 789 742 845 rejicienda,
774 789 856 829 alia
885 789 1058 830 omnino
1087 788 1356 844 negligenda,
1379 788 1461 828 hoc
1484 798 1562 839 est,

124 853 172 888 ut
201 858 349 888 eorum
384 846 466 886 alia
500 847 614 896 velis,
646 846 726 886 alia
759 846 882 896 nolis,
913 846 996 886 alia
1029 860 1113 886 non
1146 860 1280 886 cures.
1338 846 1399 885 At
1431 845 1561 886 modo

124 900 301 952 dixeras,
336 902 439 942 nihil
470 902 513 942 in
550 903 612 943 his
645 903 769 943 rebus
799 916 905 952 esse,
927 902 1042 958 quod
1072 902 1302 942 interesset.
1362 903 1417 942 Et
1448 916 1558 943 nunc

122 956 233 998 idem
254 957 364 1009 dieo,
382 959 556 1013 inquies,
578 958 650 999 sed
671 959 723 999 ad
745 959 931 1009 virtutes,
951 967 992 999 et
1012 958 1065 998 ad
1085 958 1197 1008 vitia,
1219 957 1322 998 nihil
1340 958 1556 1000 interesse.

122 1014 231 1055 Quis
263 1014 386 1066 istuc,
417 1030 575 1070 quaeso,
609 1015 850 1056 nesciebat?
883 1016 1044 1056 Verum
1075 1014 1309 1056 audiamus.
1371 1015 1471 1066 Ista,
1492 1015 1554 1056 in-
1569 1009 1643 1064 26

121 1070 226 1126 quit,
256 1086 349 1126 quae
380 1071 534 1121 dixisti,
564 1072 714 1122 valere,
735 1071 993 1127 locupletem
1023 1085 1127 1122 esse,
1149 1085 1231 1111 non
1258 1070 1414 1121 dolere,
1445 1071 1557 1113 bona
1569 1090 1621 1130 72

120 1141 204 1167 non
234 1127 345 1178 dico,
385 1128 455 1169 sed
496 1128 633 1169 dicam
668 1129 817 1170 Graece
847 1131 1071 1183 προηγμένα,
1101 1128 1250 1168 Latine
1285 1137 1426 1168 autem
1460 1142 1559 1183 pro-

119 1182 275 1224 ducta:
307 1185 380 1225 sed
415 1185 654 1240 praeposita,
686 1194 758 1225 aut
789 1185 1004 1240 praecipua
1030 1184 1158 1225 malo.
1190 1184 1247 1224 sic
1281 1183 1557 1237 tolerabilius,

118 1248 160 1279 et
190 1241 374 1282 mollius.
437 1241 514 1281 Illa
543 1251 703 1292 autem,
733 1250 982 1296 egestatem,
1002 1241 1217 1291 morbum,
1243 1239 1450 1292 dolorem,
1472 1256 1556 1283 non

118 1296 287 1351 appello
317 1297 440 1347 mala,
464 1297 551 1348 sed,
573 1298 606 1337 si
625 1298 743 1347 libet,
765 1297 1011 1353 rejectanea.
1071 1298 1220 1352 Itaque
1249 1296 1322 1338 illa
1347 1312 1432 1338 non
1459 1298 1555 1339 dico

117 1366 186 1393 me
216 1362 424 1408 expetere,
447 1354 522 1394 sed
551 1353 706 1409 legere,
728 1368 804 1394 nec
835 1363 995 1408 optare,
1018 1353 1090 1394 sed
1121 1368 1314 1394 sumere:
1346 1355 1556 1395 contraria

114 1418 256 1449 autem
280 1424 363 1450 non
383 1411 545 1464 fugere,
567 1409 638 1450 sed
666 1411 784 1466 quasi
815 1424 1042 1451 secernere.
1102 1409 1218 1466 Quid
1250 1410 1308 1450 ait
1338 1410 1550 1452 Aristote-
1564 1424 1598 1456 b,

112 1464 189 1515 les,
221 1466 453 1521 reliquique
488 1466 672 1507 Platonis
701 1466 889 1507 alumni?
924 1466 976 1506 Se
1010 1467 1167 1516 omnia,
1193 1481 1288 1522 quae
1319 1467 1551 1509 secundum

112 1529 303 1562 naturam
341 1523 437 1573 sint,
474 1522 587 1562 bona
623 1522 860 1578 appellare:
905 1537 999 1577 quae
1040 1532 1183 1563 autem
1222 1531 1383 1574 contra,
1424 1524 1550 1566 mala.

111 1576 294 1618 Videsne
314 1578 458 1633 igitur,
482 1579 699 1619 Zenonem
729 1587 851 1619 tuum
883 1592 980 1619 cum
1014 1579 1217 1619 Aristone
1246 1579 1380 1620 verbis
1411 1581 1551 1621 consi*-

109 1642 234 1683 stere,
269 1649 312 1674 re
347 1634 576 1676 dissidere:
610 1649 707 1675 cum
742 1635 989 1686 Aristotele,
1025 1644 1068 1676 et
1101 1635 1184 1675 illis
1217 1649 1262 1675 re
1298 1638 1548 1688 consentire,

109 1690 244 1731 verbis
264 1691 499 1746 discrepare
519 1692 532 1732 ?
565 1706 640 1733 cur
670 1691 816 1747 igitur,
838 1706 935 1733 cum
957 1692 1009 1733 de
1030 1706 1074 1732 re
1094 1691 1330 1741 conveniat,
1351 1707 1435 1734 non
1457 1708 1548 1735 ma-

108 1745 235 1787 limus
256 1748 409 1789 usitate
428 1747 575 1803 loqui?
608 1747 700 1790 Aut
731 1748 898 1800 doceat,
917 1748 1169 1805 paratiorem
1191 1762 1260 1789 me
1279 1748 1332 1789 ad
1352 1758 1547 1802 contem-7

107 1803 287 1844 nendam
308 1804 527 1860 pecuniam
551 1804 656 1856 fore,
679 1805 712 1846 si
731 1805 847 1848 illam
867 1805 910 1846 in
931 1805 1055 1846 rebus
1083 1805 1333 1860 praepositiS,
1353 1820 1480 1861 quam
1512 1807 1548 1852 si

105 1858 149 1899 in
179 1860 301 1901 bonis
329 1860 515 1901 duxero:
547 1861 850 1917 fortioremque
882 1862 926 1902 in
957 1861 1157 1917 patiendo
1187 1861 1349 1912 dolore,
1382 1862 1415 1902 si
1446 1877 1544 1904 eum

107 1929 318 1970 asperum,
357 1926 402 1957 et
437 1917 647 1959 difficilem
687 1932 903 1974 perpessu,
937 1928 980 1960 et
1018 1927 1165 1960 contra
1204 1926 1397 1959 naturam
1439 1934 1544 1970 esse,

105 1986 234 2026 quam
267 1973 301 2013 si
330 1973 489 2014 malum
521 1973 680 2015 dixero.
739 1976 890 2016 Facete
920 1976 986 2016 M.
1010 1975 1120 2025 Piso,
1140 1975 1356 2015 familiaris
1386 1986 1542 2028 noster,
1557 1992 1605 2031 73

103 2036 147 2068 et
167 2028 248 2069 alia
268 2030 417 2081 multa,
438 2039 480 2071 et
500 2030 582 2071 hoc
602 2030 698 2072 loco
718 2031 884 2073 Stoicos
914 2030 1126 2073 irridebat.
1186 2031 1303 2087 Quid
1325 2031 1437 2072 enim
1459 2032 1544 2082 aie÷

103 2084 175 2125 bat
196 2086 209 2126 ?
242 2086 401 2127 bonum
433 2100 562 2142 negas
583 2101 672 2128 esse
693 2087 869 2139 divitias,
890 2088 1166 2143 praepositum
1188 2102 1278 2128 esse
1300 2088 1418 2129 dicis.
1439 2088 1542 2144 quid

102 2140 303 2196 adjuvas?
344 2143 612 2184 avaritiamne
648 2143 833 2184 minuis?
873 2144 990 2199 quod
1030 2144 1066 2185 si
1100 2144 1274 2185 verbum
1311 2145 1540 2200 sequimur,

101 2199 285 2252 primum
306 2199 475 2254 longius
506 2200 694 2250 verbum,
715 2202 1005 2255 praepositum,
1027 2215 1154 2256 quam
1182 2201 1358 2241 bonum.
1417 2199 1540 2244 Nihil

100 2253 155 2295 ad
175 2269 278 2295 rem.
336 2257 406 2297 Ne
427 2257 482 2297 sit
501 2271 614 2297 sane.
647 2265 690 2297 at
713 2266 827 2298 certe
857 2257 1038 2311 gravius,
1069 2271 1165 2297 nam
1196 2257 1356 2298 bonum
1380 2271 1430 2297 ex
1451 2273 1538 2312 quo

98 2311 357 2366 appellatum
378 2312 446 2364 sit,
467 2313 608 2353 nescio
629 2329 638 2354 ε
669 2313 943 2368 praepositum
964 2326 1016 2353 ex
1043 2327 1094 2353 eo
1116 2313 1258 2364 credo,
1280 2313 1396 2368 quod
1426 2328 1536 2368 prae-

98 2377 281 2421 ponatur
300 2368 406 2410 aliis.
436 2369 479 2410 id
508 2369 612 2409 mihi
643 2384 850 2424 magnum
880 2369 1058 2410 videtur.
1089 2369 1230 2424 itaque
1251 2369 1420 2419 dicebat
1439 2369 1535 2425 plus

98 2423 226 2465 tribui
255 2424 405 2466 divitiis
425 2440 451 2467 a
471 2427 659 2476 Zenone,
682 2425 754 2481 qui
776 2440 845 2466 eas
866 2426 908 2466 in
930 2425 1165 2480 praepositis
1194 2435 1381 2480 poneret,
1403 2441 1533 2481 quam

97 2479 151 2520 ab
187 2481 432 2533 Aristotele,
468 2482 540 2538 qui
574 2483 736 2523 bonum
772 2497 863 2523 esse
898 2482 1061 2522 divitias
1102 2481 1317 2523 fateretur.
1349 2482 1422 2523 sed
1456 2497 1533 2524 nec

95 2550 298 2591 magnum
329 2538 505 2589 bonum,
527 2547 570 2579 et
598 2553 685 2593 prae
714 2539 837 2579 rectis
868 2538 1153 2594 honestisque,
1174 2539 1532 2591 contemnendum

97 2606 145 2632 ac
177 2593 508 2648 despiciendum,
542 2609 617 2635 nec
649 2609 907 2650 magnopere
931 2595 1240 2650 expetendum:
1271 2596 1532 2651 omninoque

96 2647 148 2688 de
168 2650 364 2693 omnibus
392 2651 482 2693 istis
512 2651 647 2692 verbis
667 2666 692 2692 a
713 2652 885 2692 Zenone
917 2651 1090 2693 mutatis
1121 2651 1181 2692 ita
1209 2651 1467 2707 disputabat,
1489 2661 1531 2693 et

138 2814 176 2837 28
194 2809 269 2849 quod
280 2808 336 2837 eri!
350 2819 468 2849 cumque
486 2806 597 2844 visum,
612 2804 695 2846 ages]
713 2807 789 2848 Spe·
832 2812 930 2846 perta,
946 2817 1042 2846 agens.
1059 2807 1092 2837 in
1108 2817 1172 2846 quo
1188 2807 1263 2846 quia
1284 2817 1379 2837 causa
1395 2817 1530 2845 sequen-

94 2852 180 2882 c‘iosa
193 2857 239 2882 est
252 2851 345 2882 lectio
360 2852 393 2883 in
410 2861 475 2884 uno
497 2857 527 2881 et
548 2850 646 2883 altero
662 2850 725 2890 MS·
743 2860 790 2890 re-
833 2851 915 2879 tium
931 2850 1006 2890 poni
1020 2850 1155 2890 videtur,
1172 2851 1275 2891 recepi
1290 2860 1367 2881 cum
1380 2850 1519 2882 Davisiu-

826 2904 899 2946 03
