1768 3095
227 122 301 155 122
531 117 603 154 DE
632 118 789 157 FINIB.
820 118 1020 158 BONOR.
1051 120 1118 159 ET
1145 121 1352 162 MALOR.

152 229 174 260 5
187 230 201 259 1
222 223 468 278 Epicurum,
489 240 573 266 non
594 241 718 281 posse
740 227 932 284 jucunde
953 227 1044 279 vivi,
1065 229 1142 270 nisi
1163 228 1352 280 honeste,
1373 237 1416 272 et
1435 230 1654 287 sapienter,

172 277 263 321 b·et
288 280 406 336 juste
433 283 653 334 viveretur,
686 292 734 326 tu
761 285 849 339 ipse
879 284 983 326 mihi
1013 285 1185 340 gloriari
1215 287 1420 328 videbare.
1450 296 1567 330 tanta
1596 290 1654 333 vis

217 336 353 378 inerat
374 338 415 379 in
437 339 588 390 verbis,
619 351 792 396 propter
821 355 965 382 earum
997 356 1152 393 rerum,
1183 357 1278 398 quae
1309 343 1654 399 significabantur

215 392 282 434 his
316 395 466 446 verbis,
503 395 769 451 dignitatem,
806 408 854 439 ut
887 398 1012 439 altior
1041 399 1174 450 fieres,
1208 408 1247 433 94
1282 409 1331 442 ut
1358 401 1570 444 interdum
1589 403 1654 445 in-

214 449 400 502 sisteres,
422 462 470 493 ut
491 467 567 493 nos
593 454 776 503 intuens,
805 455 923 509 quasi
953 456 1236 506 testificarere,
1267 456 1430 498 laudari
1455 457 1652 500 honesta-

213 514 300 548 tem
332 516 375 548 et
399 508 611 565 justitiam
644 510 872 566 aliquando
892 511 944 551 ab
966 512 1165 565 Epicuro.
1225 514 1368 555 Quam
1405 524 1446 554 te
1476 514 1655 556 decebat

211 563 263 604 iis
282 565 418 606 verbis
439 566 516 616 uti,
533 567 686 622 quibus
709 567 742 607 si
764 567 1009 622 philosophi
1026 582 1110 608 non
1130 579 1362 620 uterentur,
1382 570 1655 626 philosophia

212 622 391 662 omnino
430 637 515 663 non
554 624 808 678 egeremus?
861 623 1041 664 istorum
1077 625 1190 666 enim
1230 627 1453 669 verborum
1491 642 1652 679 amore,

210 690 307 732 quae
329 692 499 733 perraro
518 679 784 734 appellantur
802 680 854 720 ab
888 680 1088 734 Epicuro,
1118 682 1348 736 sapientiae,
1377 683 1656 736 fortitudinis,

203 732 400 789 justitiae,
436 736 742 790 temperantiae,
775 736 1131 790 praestantissimis
1167 738 1347 795 ingeniis
1376 739 1569 782 homines
1605 754 1651 782 se

208 789 262 831 ad
284 790 567 846 philosophiae
590 792 779 833 studium
801 793 1087 834 contulerunt.

266 847 520 898 Oculorum,
552 848 689 903 inquit
723 849 856 899 Plato,
891 859 954 890 est
986 850 1028 890 in
1062 850 1184 892 nobis
1213 865 1360 892 sensus
1391 852 1649 896 acerrimus:

207 903 362 959 quibus
384 905 631 960 sapientiam
653 921 736 946 non
765 906 991 948 cernimus.
1041 921 1141 948 uam
1168 906 1241 948 illa
1267 908 1462 950 ardentes
1482 923 1648 953 amores

206 960 409 1002 excitaret
430 962 510 1012 sui,
533 962 566 1002 si
587 962 808 1003 videretur.
840 978 915 1004 cur
945 972 1015 1003 tan
1049 964 1144 1004 em?
1179 978 1230 1005 an
1258 964 1375 1020 quod
1406 965 1465 1005 ita
1494 965 1648 1008 callida

205 1024 285 1067 est,
318 1026 367 1058 ut
401 1019 562 1074 optime
597 1020 731 1074 possit
763 1019 1031 1061 architectari
1065 1020 1333 1076 voluptates?
1379 1036 1454 1063 cur
1480 1022 1651 1078 justitia

204 1072 430 1116 laudatur?
464 1084 536 1115 aut
557 1076 671 1116 unde
686 1085 751 1117 est
771 1076 853 1117 hoc
874 1077 1106 1117 contritum
1122 1086 1329 1118 vetustate
1346 1079 1645 1133 proverbium?

205 1130 380 1185 quicum
401 1132 442 1172 in
464 1132 662 1173 tenebris.
723 1134 822 1174 Hoc
843 1133 1005 1174 dictum
1026 1133 1068 1174 in
1090 1148 1173 1174 una
1194 1148 1252 1184 re,
1274 1134 1478 1176 latissime
1497 1145 1617 1191 patet
1634 1153 1644 1178 :

205 1194 252 1226 ut
271 1187 313 1228 in
337 1188 535 1229 omnibus
557 1189 693 1240 factis,
716 1203 774 1240 re,
797 1204 880 1230 non
904 1199 1008 1230 teste
1030 1204 1288 1231 moveamur.

144 862 195 894 52

261 1244 371 1285 Sunt
391 1244 504 1288 enim
524 1245 642 1295 levia,
676 1255 717 1286 et
749 1246 1001 1301 perinfirma,
1027 1261 1122 1301 quae
1155 1246 1403 1288 dicebantur
1423 1261 1448 1287 a
1467 1254 1523 1298 te,
1543 1261 1643 1290 cum

201 1300 331 1341 animi
372 1301 631 1342 conscientia
668 1302 884 1356 improbos
925 1302 1168 1352 excruciari,
1207 1311 1300 1344 tum
1338 1303 1466 1344 etiam
1504 1317 1651 1359 poenae‘

203 1357 354 1397 timore
369 1372 380 1406 3
414 1366 451 1390 9⁵
473 1372 553 1412 qua
580 1366 653 1398 aut
678 1358 926 1409 afficiantur,
954 1368 1027 1400 aut
1053 1372 1217 1414 semper
1250 1359 1335 1400 sint
1361 1359 1405 1401 in
1429 1368 1561 1411 metu,
1592 1375 1644 1403 ne

201 1412 436 1456 afficiantur
455 1414 696 1469 aliquando.
754 1416 855 1456 Non
884 1424 1054 1471 oportet
1083 1415 1295 1466 timidum,
1324 1423 1398 1459 aut
1424 1415 1643 1459 imbecillo

200 1469 343 1511 animo
364 1469 466 1525 fingi
484 1486 494 1519 3
528 1485 612 1511 non
633 1471 791 1512 bonurn
824 1471 943 1512 illum
972 1472 1120 1522 virum,
1145 1472 1231 1527 qui,
1253 1470 1460 1528 quidquid
1479 1473 1642 1525 fecerit,

200 1526 289 1581 ipse
320 1540 364 1567 se
392 1527 567 1577 cruciet,
598 1528 824 1583 omniaque
854 1528 1079 1569 formidet:
1120 1528 1191 1569 sed
1223 1528 1366 1570 onmia
1398 1527 1549 1569 callide
1574 1544 1642 1570 re-

201 1583 402 1624 ferentem
420 1583 473 1624 ad
491 1584 739 1633 utilitatem,
751 1593 939 1636 acutum,
960 1594 1188 1635 versutum,
1207 1593 1497 1636 veteratorem,
1518 1585 1642 1628 facile

200 1648 248 1680 ut
267 1639 495 1695 excogitet,
514 1655 600 1696 quo
620 1641 750 1681 modo
774 1641 954 1691 occulte,
983 1641 1070 1681 sine
1103 1650 1221 1691 teste,
1251 1641 1341 1682 sine
1360 1641 1449 1682 ullo
1468 1642 1641 1684 conscio

135 1706 187 1740 54
201 1695 333 1737 fallat.
391 1696 462 1737 An
493 1708 539 1738 tu
568 1712 635 1738 me
660 1697 713 1738 de
744 1698 794 1738 L.
815 1698 985 1739 Tubulo
1015 1706 1138 1752 putas
1168 1697 1336 1738 dicere?
1371 1703 1410 1732 9⁶
1431 1698 1518 1753 qui,
1538 1713 1638 1740 cum

200 1760 356 1807 praetor
377 1754 655 1808 quaestionem
681 1754 789 1795 inter
818 1754 989 1795 sicarios
1018 1764 1243 1805 exerceret,
1274 1754 1332 1795 ita
1360 1763 1505 1809 aperte
1524 1755 1639 1811 cepit

200 1809 396 1863 pecunias
418 1809 474 1850 ob
494 1824 580 1850 rem
605 1810 896 1866 judicandam,
928 1819 976 1852 ut
1005 1825 1115 1851 anno
1145 1811 1337 1866 proximo
1369 1811 1413 1851 P.
1434 1811 1638 1862 Scaevola,

199 1865 393 1906 tribunus
408 1866 555 1921 plebis,
573 1867 699 1908 ferret
711 1867 764 1908 ad
781 1867 962 1923 plebem,
979 1866 1185 1908 vellentne
1199 1867 1252 1908 de
1265 1881 1315 1908 ea
1331 1880 1375 1908 re
1390 1868 1535 1922 quaeri.
1551 1882 1637 1923 quo

85 1921 457 1976 p·76·plebisscito,
499 1932 535 1959 97
557 1924 726 1964 decreta
763 1939 787 1964 a
825 1933 971 1964 senatu
1015 1932 1078 1965 est
1124 1923 1289 1964 consuli
1333 1924 1513 1980 quaestio
1553 1924 1635 1966 Cn.

155 1979 184 1999 ἃ·
201 1977 406 2034 Caepioni.
429 1980 642 2034 profectus
674 1981 715 2021 in
745 1980 937 2021 exsilium
967 1979 1159 2021 Tubulus
1185 1980 1342 2031 statim,
1365 1995 1442 2021 nec
1461 1994 1634 2036 respon-

117 2034 294 2099 ]7dere
323 2050 463 2076 ausus.
493 2044 583 2077 erat
611 2037 723 2077 enim
753 2051 816 2077 res
846 2045 1002 2092 aperta.
1062 2038 1163 2078 Non
1193 2036 1324 2093 igitur
1351 2036 1404 2077 de
1423 2037 1634 2091 improbo,

198 2099 236 2125 98
258 2091 331 2132 sed
369 2092 520 2134 callide
556 2093 753 2149 improbo
789 2094 1029 2148 quaerimus,
1073 2093 1207 2150 qualis
1245 2093 1302 2134 Q.
1327 2093 1551 2148 Pompeius
1590 2093 1634 2136 in

193 2147 352 2190 foedere
371 2149 639 2191 Numantino
659 2150 876 2192 infitiando
897 2150 990 2200 suit,
1012 2159 1052 2184 99
1065 2165 1142 2191 nec
1157 2163 1255 2191 vero
1273 2148 1417 2191 omnia
1436 2149 1633 2193 timente:

193 2204 265 2245 sed
287 2206 470 2260 primum
492 2207 564 2262 qui
584 2207 713 2249 animi
733 2207 1035 2249 conscientiam
1056 2221 1139 2247 non
1155 2215 1296 2256 curet3
1327 2220 1454 2262 quam
1475 2206 1636 2249 scilicet

193 2263 473 2317 comprimere
513 2263 615 2304 nihil
654 2273 718 2306 est
758 2264 935 2320 negotii.
998 2264 1039 2304 Is
1078 2262 1205 2313 enim,
1245 2262 1318 2318 qui
1353 2261 1547 2304 occultus
1590 2270 1635 2305 et

138 1254 188 1286 53

980 2370 1016 2399 97
1043 2364 1156 2393 decreta
1180 2376 1198 2393 α
1216 2365 1322 2405 finam
1344 2372 1386 2396 es!
1415 2366 1522 2396 consuli
1551 2377 1634 2410 quae-

936 2407 1003 2446 stio]
1024 2407 1161 2437 Mallem
1184 2408 1297 2437 decreta
1319 2421 1338 2437 α
1361 2409 1396 2438 S.
1417 2409 1536 2440 Consuli
1551 2420 1634 2450 que·

935 2450 1022 2478 stione
1043 2450 1096 2480 Cn.
1117 2450 1256 2489 Caepiom'.
1276 2451 1422 2491 profectus
1446 2459 1488 2482 est
1511 2454 1570 2483 &c.
1586 2453 1636 2484 ita·

936 2493 1048 2522 melior
1070 2494 1171 2522 forma
1196 2495 1364 2525 orationis:
1401 2505 1477 2526 nam
1500 2495 1631 2536 vulgata

240 2372 279 2397 94
303 2371 337 2393 ut
359 2365 502 2394 interdum
526 2364 681 2404 insistens]
708 2367 728 2395 i.
746 2365 892 2396 interval-

195 2407 266 2438 lum
282 2408 416 2438 dicendo
432 2409 559 2438 faceres.

241 2457 279 2483 95
304 2462 362 2492 qua
386 2458 439 2480 aut
463 2450 641 2490 afficiantur,
669 2456 720 2478 aut
743 2461 764 2480 s.
781 2450 839 2479 sint
863 2450 892 2479 in

196 2491 289 2532 metu]
317 2494 405 2523 Edidi
436 2493 601 2533 afficiantur
630 2500 659 2522 et
683 2493 741 2521 sint
764 2502 819 2532 pro
843 2494 891 2532 ‘fi

183 2535 334 2575 ficiuntur
350 2543 379 2565 et
391 2543 466 2567 sunt.
482 2536 620 2576 postulat
635 2536 772 2566 latinitas
788 2543 817 2565 et
832 2535 890 2565 sint

194 2584 241 2609 est
257 2579 289 2608 in
306 2579 353 2607 ed.
370 2589 416 2618 pr.

239 2626 279 2654 96
303 2621 353 2663 qui
380 2632 442 2650 cum
465 2626 575 2659 pra-tor
602 2619 784 2661 quaestt'onem
807 2631 889 2650 exer-

194 2664 311 2704 cuisset]
331 2664 405 2694 Sine
428 2664 526 2693 dubio
548 2673 601 2702 per
623 2662 811 2693 latinitatem
827 2663 886 2702 legi

193 2708 286 2738 debet
297 2713 455 2736 exerceret:
473 2716 548 2736 nam
562 2707 587 2737 si
599 2705 766 2744 vulgatum
776 2716 887 2736 verum

191 2756 284 2786 esset,
301 2756 371 2790 post
386 2756 464 2780 esset
480 2755 603 2789 ceperat,
620 2758 684 2778 non
701 2747 775 2787 cepit
788 2758 798 2777 .·
823 2759 887 2779 non

192 2800 261 2833 post
276 2794 485 2832 quaestionem
502 2792 655 2831 accipitur
670 2792 817 2830 pecunia,
834 2793 889 2823 sed

191 2838 271 2866 dum
292 2843 466 2872 exercetur,
489 2841 562 2865 ante
581 2844 681 2874 quam
702 2834 885 2873 judicetur3

192 2880 276 2910 unde
292 2886 322 2910 et
338 2880 473 2916 additur,
490 2878 521 2907 ob
537 2877 804 2917 remjudicandam.

934 2545 999 2565 non
1016 2541 1061 2566 est
1072 2535 1209 2574 elegans.

977 2585 1016 2611 98
1039 2578 1088 2607 sed
1100 2578 1133 2608 de
1151 2577 1255 2607 callide
1278 2578 1415 2618 improbo]
1439 2577 1555 2608 Callide
1572 2589 1630 2620 pro

933 2620 1038 2649 callido
1053 2622 1211 2657 dedimus,
1226 2622 1368 2660 primum
1384 2628 1509 2661 propter
1523 2621 1628 2654 latini-

931 2670 1042 2699 tatem,
1066 2664 1191 2699 deinde,
1215 2664 1289 2703 quia
1312 2665 1357 2695 sic
1383 2671 1430 2694 est
1452 2665 1484 2694 in
1508 2665 1557 2696 ed.
1582 2676 1628 2706 pr.

931 2707 976 2736 sic
991 2712 1021 2736 et
1036 2707 1184 2737 Davisius
1200 2707 1255 2746 qui
1273 2708 1303 2736 in
1322 2708 1384 2738 Ms.
1401 2717 1467 2737 uno
1483 2709 1604 2746 reperit.

975 2756 1015 2783 99
1038 2760 1087 2778 nec
1102 2760 1135 2779 v.
1156 2749 1251 2778 omnia
1272 2750 1400 2785 timente,
1421 2749 1471 2778 sed
1476 2750 1622 2791 primum]

930 2791 1048 2821 timente
1071 2793 1244 2823 necessario
1255 2793 1452 2832 scripsimus,
1465 2793 1540 2832 quia
1549 2804 1626 2834 pen-

929 2835 981 2865 det
997 2844 1016 2865 a
1030 2835 1072 2864 de.
1090 2835 1140 2864 sed
1150 2835 1331 2866 addidimus
1346 2844 1387 2866 ex
1401 2836 1472 2866 edd.
1487 2845 1532 2876 pr.
