1778 3095
265 137 345 173 526
671 136 750 173 DE
787 134 1216 174 DIVINATIONE

201 258 374 301 29mus.
434 244 497 286 Ut
536 244 579 285 P.
607 243 808 284 Claudius
838 244 967 301 Appii
999 245 1113 286 Caeci
1144 245 1266 296 filius,
1296 243 1470 307 ejusque
1507 241 1687 306 collega,

264 301 315 341 L.
336 300 502 351 Junius‚
529 300 680 341 classes
708 301 908 342 maximas
936 301 1221 356 perdiderunt,
1248 315 1344 341 cum
1371 300 1468 340 vitio
1502 298 1692 354 navigas-

264 365 369 398 sent.
429 356 557 420 Quod
589 356 739 398 eodem
769 357 898 398 modo
928 359 1064 400 evenit
1097 357 1439 413 Agamemnoni:
1470 370 1556 411 qui,
1591 369 1689 395 cum

264 413 416 454 Achivi
436 413 660 468 coepissent

370 498 410 523 46
426 493 518 531 Inter
537 506 569 530 se
586 502 736 543 strepere,
753 503 926 545 aperteque
943 500 1048 531 artem
1067 494 1209 531 obterere
1227 494 1438 544 extispicum·
1431 519 1440 534 ,

220 543 253 576 b·
373 546 510 584 Solvere
525 547 665 597 imperat
683 547 821 584 secundo
838 561 978 589 rumore,
1000 546 1210 597 adversaque
1228 562 1304 584 avt.

264 619 347 661 Sed
379 619 479 676 quid
507 621 672 662 vetera?
706 621 771 660 M.
797 620 950 660 Crasso
980 619 1081 674 quid
1111 620 1321 671 acciderit,
1351 619 1552 668 fidemus,
1582 616 1692 658 dira-

263 691 358 717 rum
384 676 703 718 obnuntiatione
728 675 934 730 neglecta.
996 677 1043 716 In
1072 690 1155 730 quo
1182 652 1361 731 ΑΡΡ1115,
1383 676 1549 730 collega
1577 683 1691 723 tuuS‚

263 733 401 774 bonus
431 748 580 797 augur,
600 741 648 773 ut
675 746 724 772 ex
747 740 788 772 te
819 731 963 772 audire
989 731 1119 781 soleo,
1140 746 1222 772 non
1243 732 1340 773 satis
1362 733 1539 773 scienter
1556 731 1689 771 virum

262 789 439 838 bonum,
471 799 514 830 et
542 789 601 829 civ
606 803 671 828 em
694 787 915 851 egregium
941 802 1088 828 censor
1116 787 1167 828 C.
1189 788 1361 830 Ateium
1383 789 1553 837 notavit,
1574 785 1691 843 quod

263 853 302 882 47
318 845 566 885 ementitum
599 843 785 899 auspicia
812 844 1117 899 subscripserit.
1175 845 1304 885 Esto:
1335 845 1459 885 fuerit
1486 844 1566 884 hoc
1594 858 1693 884 cen-

263 901 382 951 soris,
421 901 454 941 si
485 900 705 956 judicabat
742 901 1007 941 ementitum.
1066 901 1128 941 At
1162 900 1266 941 illud
1295 901 1467 941 minime
1505 900 1692 955 auguris,

263 957 378 1013 quod
408 956 642 1012 adscripsit,
672 956 727 997 ob
757 972 849 997 earn
881 972 1050 998 causam
1081 957 1287 1012 populum
1318 957 1556 997 Romanum
1580 956 1693 996 cala-

263 1014 457 1054 mitatem
486 1013 712 1054 maximam
743 1014 915 1068 cepisse.
975 1013 1019 1054 Si
1060 1013 1172 1054 enim
1211 1027 1260 1054 ea
1292 1027 1417 1053 causa
1445 1012 1694 1053 calamitatis

262 1069 369 1110 fuit:
402 1084 486 1110 non
517 1069 558 1110 in
587 1085 639 1111 eo
669 1078 731 1110 est
760 1070 899 1125 culpa,
929 1070 1001 1125 qui
1031 1069 1319 1120 obnuntiavit,
1352 1069 1425 1109 sed
1454 1070 1496 1110 in
1525 1082 1590 1132 6ο,
1622 1068 1695 1123 qui

264 1140 348 1166 non
376 1126 527 1180 paruit.
555 1140 693 1167 veram
723 1126 834 1166 6111111
863 1126 991 1166 fuisse
1019 1126 1398 1189 obnuntiationem,
1427 1135 1475 1167 ut
1503 1124 1560 1165 ait
1580 1124 1692 1165 idem

262 1196 400 1237 augur
429 1191 471 1224 et
500 1197 661 1232 censor,
690 1183 823 1223 exitus
853 1183 1124 1237 approbavit.
1157 1191 1195 1214 4⁸
1214 1197 1307 1237 quae
1339 1182 1373 1222 si
1402 1181 1506 1222 falsa
1534 1182 1694 1231 fuisset,

263 1238 421 1279 nullam
448 1238 593 1279 afferre
620 1239 830 1303 potuisset
859 1253 1029 1279 causam
1051 1239 1313 1279 calamitatis.
1333 1238 1490 1279 etenim
1520 1246 1559 1272 49
1578 1237 1694 1287 dirae,

262 1295 372 1335 sicut
403 1304 543 1335 cetera
569 1295 770 1359 auspicia,
796 1305 842 1335 ut
874 1295 1030 1345 omina,
1058 1303 1106 1335 ut
1139 1296 1272 1350 signa,
1302 1309 1386 1335 non
1416 1309 1562 1335 causas
1591 1294 1694 1334 affe-

262 1357 375 1400 runt,
405 1365 480 1391 cur
509 1350 611 1406 quid
640 1351 813 1400 eveniat,
846 1360 884 1383 50
902 1351 975 1392 sed
1011 1352 1205 1392 nuntiant
1233 1359 1419 1401 ventura,
1448 1352 1525 1392 nisi
1554 1349 1694 1405 provi-

199 1381 389 1447 ³0deris'.
447 1408 549 1448 Non
579 1407 709 1463 igitur
738 1407 1002 1449 obnuntiatio
1031 1407 1146 1448 Ateii
1176 1422 1345 1448 causam
1377 1407 1494 1449 finxit
1522 1406 1694 1448 calami-

262 1463 375 1513 tatis,
406 1463 480 1504 sed
510 1464 633 1519 signo
664 1464 832 1520 objecto
862 1465 1030 1505 monuit
1061 1464 1276 1513 Crassum,
1306 1464 1408 1519 quid
1447 1472 1693 1505 eventurum

262 1529 386 1570 esset,
421 1520 499 1560 nisi
532 1520 720 1561 cavisset.
782 1522 847 1561 Ita
881 1530 953 1562 aut
993 1521 1065 1561 illa
1098 1521 1364 1561 obnuntiatio
1401 1520 1504 1561 nihil
1536 1519 1692 1561 valuit.

261 1584 335 1617 aut
365 1576 412 1626 si,
442 1585 490 1617 ut
519 1577 685 1641 Appius
715 1577 894 1633 judicat,
924 1577 1064 1628 valuit,
1096 1577 1190 1618 ⁵1id
1220 1577 1362 1626 valuit,
1394 1587 1441 1618 ut
1470 1584 1691 1632 peccatum

263 1632 441 1673 haereret
468 1648 552 1674 non
578 1633 620 1674 in
648 1648 713 1684 eo,
744 1634 815 1690 qui
842 1634 1065 1685 monuerit,
1087 1633 1221 1674 sedin
1241 1647 1307 1683 eo,
1328 1633 1399 1687 qui
1421 1648 1503 1673 non
1526 1632 1693 1673 obtem-

186 1695 251 1749 17
266 1698 431 1744 perant
491 1689 637 1744 Quid?
669 1689 799 1731 lituus
828 1690 905 1731 iste
931 1699 1078 1740 vestel,
1103 1689 1220 1744 quod
1246 1689 1521 1730 clarissimum
1545 1697 1609 1729 est
1629 1688 1693 1728 in-

266 1746 385 1800 signe
412 1754 657 1800 auguratUS,
689 1746 799 1787 unde
819 1746 936 1787 vobis
965 1756 1028 1787 est
1047 1746 1223 1786 traditus
1243 1747 1255 1785 ?
1290 1760 1440 1800 nempe
1460 1760 1510 1808 eo
1533 1746 1694 1786 Romu-

262 1802 329 1843 lus
359 1801 552 1857 regiones
582 1801 732 1842 direxit
761 1811 867 1853 tum,
898 1817 996 1842 cum
1027 1803 1175 1843 urbem
1206 1801 1409 1842 condidit.
1430 1801 1502 1857 qui
1522 1801 1693 1865 quidem

262 1858 435 1899 Romuli
466 1857 611 1908 lituus,
643 1867 681 1890 ⁵³
701 1859 758 1912 (id
786 1868 864 1908 est,
892 1859 1123 1908 incurvum,
1152 1867 1195 1898 et
1222 1857 1365 1898 leviter
1396 1873 1420 1898 a
1439 1872 1606 1898 summo
1630 1873 1693 1898 in-

262 1915 418 1955 flexum
438 1914 655 1965 bacillum,
674 1915 789 1979 quod
809 1915 861 1955 ab
883 1914 973 1970 ejus
991 1915 1098 1965 litui,
1115 1928 1200 1977 quo
1222 1915 1399 1965 canitur,
1421 1913 1696 1955 similitudine

264 1985 419 2011 nomen
439 1970 610 2023 invenit)
635 1986 733 2012 cum
755 1972 858 2013 situs
881 1979 991 2012 esset
1010 1970 1052 2011 in
1073 1970 1189 2011 curia
1209 1971 1433 2035 Saliorum,
1454 1985 1548 2026 quae
1569 1979 1633 2012 est
1652 1971 1697 2011 in

201 2042 248 2074 31
267 2027 439 2077 Palatio,
470 2042 603 2083 eaque
633 2027 956 2083 deflagravisset,
987 2028 1177 2068 inventus
1207 2035 1272 2067 est
1308 2027 1485 2083 integer.
1544 2027 1673 2091 Quid
1679 2028 1694 2067 ?

263 2083 409 2125 multis
429 2084 546 2124 annis
567 2093 665 2139 post
685 2085 931 2134 Romulum,
954 2084 1093 2124 Prisco
1113 2093 1315 2139 regnante
1339 2084 1583 2139 Tarquinio,
1604 2083 1698 2148 quis

159 2145 188 2176 P·
204 2142 452 2211 ⁸}:veterum
482 2140 733 2196 scriptorum
763 2155 847 2182 non
877 2140 1080 2196 loquitur,
1110 2155 1205 2197 quae
1240 2140 1294 2182 sit
1322 2141 1375 2181 ab
1404 2140 1527 2182 Attio
1557 2139 1696 2181 Navio

308 2302 349 2328 46
375 2298 454 2327 Inter
482 2308 510 2327 se
543 2297 842 2338 strepere—Solvere
881 2296 953 2336 δῖα]

265 2339 395 2380 Coepere
424 2341 556 2371 fremere
584 2348 615 2371 et
644 2341 845 2378 tumultuari,
873 2342 958 2379 quod

265 2391 390 2422 propter
419 2385 545 2413 adversa
573 2385 714 2423 auspicia
744 2383 842 2413 nollet
871 2384 958 2413 navi-

1044 2305 1085 2330 49
1107 2295 1186 2335 dira]
1208 2297 1356 2327 Davisius
1379 2306 1396 2325 e
1416 2296 1599 2334 conjectura
1613 2296 1695 2326 Tur-

1002 2341 1074 2369 nebi
1091 2341 1186 2369 edidit
1207 2340 1290 2368 dirae.
1314 2340 1405 2370 bene.
1428 2345 1458 2368 et
1479 2340 1524 2368 sic
1546 2346 1618 2368 ante
1642 2339 1697 2369 Vi-

1001 2383 1137 2412 ctorium
1153 2385 1202 2413 ed.
1217 2382 1301 2412 Aldi.

266 2435 338 2464 gare
352 2437 361 2464 3
385 2433 454 2456 turn
471 2426 524 2456 ille
535 2426 629 2464 jussit
647 2428 766 2458 solvere
782 2436 889 2462 naves,
906 2436 960 2465 ap-

266 2469 471 2507 probantibus
500 2470 643 2507 Achivis‚
674 2477 876 2510 quamquam
905 2478 960 2499 au-

265 2512 362 2549 spicia
377 2513 621 2542 adversarentur.

310 2558 348 2587 47
375 2554 539 2582 ementitum
568 2561 648 2593 ausp.
687 2552 896 2593 subscripserit]
930 2563 960 2584 v.

267 2595 356 2626 Clav.
371 2596 404 2625 in
419 2595 600 2626 subscribere.

310 2644 350 2669 48
375 2648 439 2678 quae
463 2638 486 2666 si
496 2637 585 2677 falsa
596 2636 723 2677 fuisset]
753 2637 880 2676 Vulgati
904 2639 961 2667 ha-

266 2681 343 2711 bent
358 2680 501 2721 fuissent,
525 2687 557 2710 et
577 2687 647 2720 post
662 2680 840 2718 potuissent3
865 2681 959 2710 male.

267 2733 343 2754 nam
361 2724 488 2753 refertur
504 2723 541 2752 ad
565 2722 818 2759 obnunciationem‚
842 2722 961 2762 etfm‘s-

266 2773 319 2803 set,
331 2766 480 2806 potuisset,
498 2765 616 2796 habent
638 2766 715 2795 Mss.
739 2767 822 2804 apud
838 2766 960 2795 Davisi-

264 2819 336 2845 ,um.
351 2818 464 2839 manus
480 2810 572 2839 docta
582 2809 677 2838 etiam
690 2808 734 2838 sic
746 2809 879 2838 correxit
890 2808 960 2838 vul-

267 2859 378 2892 gatum
393 2852 426 2882 in
441 2851 589 2892 exemplo
606 2861 678 2882 meo
695 2852 742 2881 ed.
759 2851 840 2881 Ven.
860 2858 952 2884 1494.

1048 2433 1087 2456 50
1110 2425 1160 2454 sed
1190 2425 1326 2453 nuntiant
1361 2422 1500 2461 ventura]
1541 2423 1593 2452 Sic
1630 2423 1695 2454 Ms.

1006 2468 1112 2497 Guelf.
1130 2475 1160 2496 et
1181 2467 1251 2496 edd.
1268 2477 1314 2505 pr.
1331 2467 1362 2495 in
1379 2466 1527 2505 exemplo
1550 2475 1623 2496 meo
1646 2468 1697 2498 ed.

1004 2510 1084 2540 Ven.
1104 2517 1194 2542 1494.
1210 2509 1344 2538 correxit
1359 2519 1474 2538 manus
1498 2510 1601 2545 docta,
1618 2518 1696 2540 cum

1004 2553 1133 2582 haberet
1148 2558 1260 2581 neutra.

1048 2601 1083 2624 51
1110 2595 1142 2622 id
1154 2593 1266 2629 «valuit,
1282 2601 1314 2622 u!
1332 2600 1482 2632 peccatum
1497 2593 1618 2632 haereat]
1639 2595 1698 2624 Le-

1003 2638 1145 2676 gendum
1161 2643 1206 2666 est
1221 2637 1352 2666 haereret.

1049 2687 1086 2710 52
1111 2680 1144 2707 id
1154 2686 1206 2715 est,
1220 2677 1560 2719 incurvum—invenit]
1577 2680 1697 2718 Lipsius

1004 2723 1073 2752 haee
1096 2732 1151 2761 pro
1173 2722 1361 2761 glossemate
1384 2723 1490 2757 habet,
1506 2722 1591 2760 quod
1606 2723 1697 2752 valde

1002 2774 1074 2794 vero
1097 2766 1201 2795 simile
1224 2772 1279 2795 est.
1301 2775 1397 2804 quare
1413 2765 1499 2794 enirn
1515 2766 1576 2794 hoc
1593 2765 1699 2794 Quin-

1004 2814 1054 2838 tus
1071 2808 1153 2838 fratri
1176 2809 1260 2838 dicat
1281 2808 1418 2846 auguri?
1443 2809 1532 2847 quasi
1549 2808 1579 2838 id
1595 2809 1697 2838 nesci-

1004 2857 1061 2883 ret.
1104 2851 1230 2882 Delevit
1244 2851 1428 2882 Lambinus.
