1768 3095
238 99 290 133 82
556 93 628 132 DE
657 94 815 134 FINIB.
834 95 1035 134 BONOR.
1055 96 1124 134 ET
1150 96 1360 134 MALOR.

237 201 369 243 semel
388 201 619 244 admissum
648 204 833 246 coerceri
863 205 1118 261 reprimique
1147 219 1232 247 non
1257 210 1428 261 potest:
1458 211 1508 245 ut
1526 216 1680 259 prope-

237 258 415 300 modum
430 258 684 316 justioribus
705 270 874 303 utamur
899 262 994 313 illis,
1014 262 1087 317 qui
1117 262 1292 303 omnino
1312 268 1489 303 avocent
1521 275 1547 301 a
1577 259 1678 302 Phi-

237 315 446 371 losophia,
472 325 490 348 4
505 331 632 373 quam
664 317 743 368 his,
765 318 836 374 qui
859 319 982 360 rebus
1004 318 1174 359 infinitis
1205 317 1380 359 modum
1401 316 1678 368 constituant,

238 371 282 413 in
315 387 443 429 reque
475 388 526 415 eo
558 373 745 424 meliore,
768 390 852 430 quo
885 375 1022 432 major
1054 376 1122 425 sit,
1155 375 1491 416 mediocritatem
1516 372 1679 414 desido-

203 436 344 470 3rent.
406 430 499 471 Sive
533 430 644 471 enim
677 430 731 471 ad
763 431 1010 486 sapientiam
1044 432 1246 486 perveniri
1279 441 1449 487 potest:
1486 444 1571 471 non
1603 443 1678 485 pa-

238 486 370 527 randa
389 487 510 527 nobis
531 487 669 528 solum
691 501 755 538 ea,
781 497 796 520 ⁵
819 488 889 529 scd
912 488 1086 529 fruenda
1106 488 1233 529 etiam
1254 498 1332 530 est.
1363 488 1444 528 sive
1465 487 1548 528 hoc
1569 485 1680 527 diffi-

237 543 317 584 cile
346 552 437 584 est:
470 552 612 584 tamen
645 558 722 584 nee
755 543 907 585 modus
938 553 1001 585 est
1030 545 1141 585 ullus
1172 544 1449 600 investigandi
1477 543 1577 594 veri,
1599 542 1678 584 nisi

236 599 468 641 inveneris:
501 609 543 641 et
574 600 787 656 quaerendi
817 600 1064 657 defatigatio
1095 601 1230 657 turpis
1260 609 1337 652 est,
1359 615 1456 642 cum
1484 600 1541 652 id,
1561 598 1678 656 quod

237 657 454 713 quaeritur,
492 656 545 697 sit
585 657 932 712 pulcherrimum.
992 657 1159 698 Etenim
1202 657 1235 698 si
1269 657 1543 708 delectamur,
1578 671 1677 698 curn

237 713 460 755 scribimus
481 731 489 755 ε
522 714 614 769 quis
636 723 699 754 est
719 722 804 754 tam
827 714 1003 765 invidus,
1026 714 1096 770 qui
1120 714 1172 754 ab
1192 729 1244 754 eo
1265 729 1341 755 nos
1366 713 1580 755 abducat?
1613 713 1677 754 sin

235 770 503 811 laboramus:
536 770 629 826 quis
659 779 736 821 est,
757 771 829 826 qui
858 771 1003 812 alienae
1035 769 1213 811 modum
1240 778 1399 812 statuat
1425 769 1676 811 industriae?

235 827 368 877 Nam,
388 835 436 868 ut
464 827 738 869 Terentianus
771 827 974 869 Chremes
1001 843 1085 869 non
1118 827 1389 878 inhumanus,
1418 826 1492 883 qui
1522 840 1676 868 novum

235 883 418 924 vicinum
439 898 522 924 non
538 884 628 925 vult

343 972 478 1017 Fodere,
496 983 559 1009 aut
576 987 692 1018 arare,
714 982 776 1009 aut
794 971 928 1024 aliquid
929 973 1030 1021 ferre
1046 971 1196 1023 denique.

238 1071 320 1098 non
342 1057 451 1097 enim
484 1057 602 1099 illum
634 1058 688 1098 ab
720 1056 938 1107 industria,
969 1056 1042 1097 sed
1072 1057 1125 1097 ab
1158 1055 1352 1097 illiberali
1370 1055 1516 1096 labore
1537 1054 1677 1098 deter-

236 1121 300 1154 ret
319 1131 328 1155 ε
360 1114 419 1155 sic
440 1114 509 1155 isti
529 1114 698 1165 curiosi,
720 1128 826 1170 quos
856 1113 1033 1154 offendit
1063 1122 1204 1154 noster
1229 1112 1402 1154 minime
1422 1112 1544 1153 nobis
1563 1112 1676 1169 inju—

190 1170 399 1218 2cundns
433 1171 566 1212 labor.
626 1172 707 1211 His
742 1170 872 1225 igitur
907 1179 972 1211 est
1006 1169 1214 1210 difficilius
1244 1169 1498 1220 satisfacere,
1529 1169 1602 1224 qui
1632 1184 1677 1211 se

199 1227 388 1276 4Latina
423 1227 580 1283 scripta
613 1228 760 1268 dicunt
792 1236 1086 1268 contemnere:
1118 1226 1160 1266 in
1192 1226 1344 1281 quibus
1377 1225 1459 1266 hoc
1489 1225 1675 1280 primum

233 1292 313 1336 est,
344 1284 386 1324 in
420 1298 505 1339 quo
535 1283 741 1324 admirer:
773 1297 847 1324 cur
876 1283 918 1323 in
945 1282 1198 1338 gravissimis
1224 1282 1348 1322 rebus
1379 1295 1464 1322 non
1494 1281 1677 1324 delectet

232 1354 304 1381 eos
324 1340 484 1395 patrius
504 1354 657 1391 sermo,
678 1354 776 1380 cum
798 1339 923 1380 iidem
945 1339 1118 1380 fabellas
1149 1337 1336 1389 Latinas,
1357 1337 1408 1379 ad
1430 1338 1602 1379 verbum
1623 1338 1676 1380 de

231 1397 394 1437 Graecis
411 1410 641 1452 expressaS,
663 1411 749 1437 non
778 1396 894 1437 inviti
923 1396 1083 1451 legant.
1144 1396 1252 1452 Quis
1281 1395 1392 1436 enim
1424 1403 1511 1435 tam
1533 1395 1675 1437 inimi-

231 1468 305 1494 cus
332 1468 452 1509 paene
478 1453 639 1494 nomini
666 1454 859 1494 Romano
888 1462 966 1503 est,
987 1453 1059 1508 qui
1090 1453 1214 1493 Ennii
1242 1451 1458 1502 Medeam,
1479 1460 1554 1493 aut
1582 1451 1677 1493 An·

230 1511 391 1565 tiopam
429 1511 594 1551 Pacuvii
629 1518 812 1565 spernat,
841 1519 915 1550 aut
949 1510 1140 1565 rejiciat?
1168 1516 1185 1540 0
1203 1508 1275 1564 qui
1303 1521 1347 1548 se
1374 1508 1523 1549 iisdem
1551 1508 1673 1550 Euri-

229 1567 338 1622 pidis
358 1567 511 1608 fabulis
542 1566 742 1608 delectari
774 1566 901 1617 dicat,
927 1566 1117 1616 (Latinas
1148 1565 1308 1606 litteras
1341 1564 1526 1618 oderit?)
1561 1566 1673 1621 Syn-

230 1623 418 1678 ephebos
449 1638 547 1678 ego,
578 1623 728 1679 inquit,
757 1623 900 1678 potius
930 1622 1107 1672 Caecilii,
1128 1631 1201 1664 aut
1233 1621 1440 1663 Andriam
1469 1621 1674 1674 Terentii,

193 1687 215 1717 5
231 1695 359 1735 quam
380 1688 603 1735 utramque
625 1679 851 1721 Menandri
872 1680 1011 1735 legam
1028 1681 1039 1720 ?
1075 1680 1116 1719 A
1138 1679 1290 1735 quibus
1321 1687 1488 1719 tantum
1509 1678 1672 1720 dissen-

230 1737 305 1788 tio,
323 1745 385 1789 ut,
407 1752 504 1777 cum
527 1736 759 1792 Sophocles
780 1736 840 1777 vel
863 1737 1024 1792 optime
1045 1735 1257 1791 scripserit
1278 1735 1506 1785 Electram,
1528 1743 1673 1777 tamen

229 1793 341 1834 male
359 1808 600 1835 conversam
631 1793 775 1835 Attilii
800 1792 907 1834 mihi
938 1792 1158 1848 legendam
1190 1800 1352 1848 putem.
1374 1792 1427 1832 de
1455 1806 1541 1848 quo
1559 1791 1674 1834 Lici-

122 1849 325 1891 aso-nius
348 1858 364 1887 7
383 1851 565 1891 ferreum
598 1850 876 1905 scriptorem:
912 1865 1070 1900 verum,
1106 1848 1284 1904 opinor3
1320 1847 1572 1904 scriptorem
1606 1857 1672 1891 ta-

190 1903 343 1957 a‘men‚
376 1916 425 1948 ut
455 1906 662 1963 legendus
699 1907 766 1948 sit.
801 1906 948 1948 rudem
979 1907 1090 1947 enim
1121 1920 1211 1946 esse
1242 1904 1417 1946 omnino
1445 1905 1489 1946 in
1518 1906 1671 1948 nostris

226 1964 381 2019 poetis,
401 1973 475 2005 aut
495 1964 758 2006 inertissimae
779 1963 971 2019 segnitiae
992 1971 1069 2014 est,
1090 1971 1162 2004 aut
1181 1961 1336 2003 fastidii
1367 1961 1670 2004 delicatissimi.

225 2020 331 2062 mihi
346 2020 516 2077 quidem
538 2022 641 2063 nulli
659 2020 758 2061 satis
776 2020 928 2062 eruditi
943 2020 1148 2073 videntur,
1163 2027 1180 2052 8
1193 2019 1348 2076 quibus
1364 2027 1508 2060 nostra
1521 2019 1672 2076 ignota

226 2087 347 2119 sunt:
375 2078 494 2130 9An,
1640 2080 1647 2086 ”

337 2157 474 2194 Utinam
494 2170 534 2193 ne
551 2158 586 2192 in
603 2169 836 2193 nemore——

227 2229 499 2272 nihilominus
527 2231 725 2287 legimus,
748 2245 873 2287 quam
901 2229 984 2271 hoc
1012 2228 1124 2270 idem
1158 2227 1371 2269 Graecum.
1404 2242 1497 2284 quae
1525 2239 1668 2273 autem

267 2359 286 2381 4
304 2362 391 2392 quam
416 2349 475 2390 his]
506 2351 557 2381 Sic
583 2351 631 2380 ed.
654 2361 699 2390 pr.
717 2350 808 2388 Mog.
823 2357 854 2378 et
870 2346 923 2378 do.
968 2347 1030 2377 Ms.
1048 2347 1140 2377 Paris.
1155 2354 1184 2377 et
1196 2350 1301 2387 spuria
1311 2348 1489 2388 suspicatus
1505 2354 1561 2378 est.
1584 2349 1668 2381 Sane

223 2394 261 2423 de
278 2394 423 2430 Colonia,
441 2404 507 2424 non
524 2394 559 2423 iis
577 2401 612 2424 ut
626 2394 733 2433 vulgg.
750 2393 793 2421 his
809 2392 924 2422 melius
967 2399 1044 2420 cum
1070 2392 1319 2430 praecedentibus
1344 2401 1408 2422 non
1433 2392 1595 2423 cohaerent
1613 2403 1669 2434 ap-

224 2438 390 2476 respondet
406 2436 476 2467 illis.
968 2440 1009 2463 te.

270 2488 285 2510 5
304 2480 352 2508 sed
363 2480 498 2518 fruenda
524 2478 610 2506 etiam
632 2477 776 2517 sapientia
799 2476 852 2514 est]
878 2488 924 2505 sa·
1012 2482 1027 2510 7
1051 2475 1187 2515 ferreum
1231 2476 1574 2518 scripzorem—-legendus
1609 2476 1666 2520 sit]

218 2522 335 2561 pientia
358 2523 467 2561 frigide
490 2522 653 2551 redundat.
676 2521 923 2558 deleveruntque
968 2519 1068 2549 Credo
1084 2519 1157 2548 viris
1181 2521 1293 2556 doctis,
1311 2521 1363 2549 hic
1379 2531 1446 2551 esse
1460 2530 1589 2552 versum
1605 2528 1668 2552 tro-

225 2566 415 2602 Lambinus,
466 2565 626 2600 Davisius,
672 2564 752 2593 bene
801 2564 922 2601 opinor.
968 2563 1118 2591 chaicum
1135 2563 1307 2601 integrum,
1324 2573 1402 2593 curn
1419 2564 1508 2594 initio
1525 2563 1667 2603 alterius,

223 2608 310 2639 Nam
326 2609 351 2638 si
368 2614 519 2644 servatur,
534 2614 640 2636 tamen
658 2613 729 2636 ame
743 2619 775 2635 ea
791 2606 924 2636 delenda
968 2611 1000 2633 ut
1015 2604 1147 2643 legendus
1163 2604 1212 2641 sit,
1232 2606 1263 2634 in
1279 2616 1343 2645 quo
1360 2607 1408 2637 ed.
1423 2614 1470 2646 pr.
1486 2607 1572 2637 addit
1587 2606 1667 2646 inde,

222 2653 272 2682 sit,
968 2655 1000 2676 ut
1016 2648 1080 2676 inde
1092 2647 1113 2678 l.
1130 2659 1152 2677 5.
1168 2658 1234 2678 non
1250 2649 1342 2679 bene.

265 2700 283 2724 6
301 2693 351 2735 qui
371 2705 399 2722 se
422 2693 522 2722 iisdem
547 2690 622 2731 δία]
647 2691 796 2721 Davisius
815 2700 832 2720 e
858 2690 921 2719 MS.
1011 2698 1027 2720 8
1049 2691 1151 2732 quibus
1174 2698 1270 2720 nostra
1297 2691 1395 2731 ignota
1414 2689 1496 2732 sum]
1520 2691 1667 2724 Scriben-

219 2738 305 2767 dedit
335 2737 442 2778 quique
472 2747 508 2765 se.
556 2735 686 2773 Conjeci
713 2733 792 2764 olim
820 2744 921 2774 quum,
965 2734 1044 2763 dum
1062 2741 1107 2763 cst
1120 2735 1258 2773 profecto
1274 2734 1342 2764 sint.

219 2782 271 2810 sed
289 2786 320 2810 et
335 2780 503 2819 vulgatum
517 2785 599 2809 recte
616 2778 721 2808 habet.
739 2778 822 2807 idern
840 2776 921 2806 Dav.
1009 2784 1027 2809 9
1044 2776 1105 2815 An]
1133 2778 1183 2806 Sic
1199 2786 1215 2806 e
1232 2777 1309 2807 Mss.
1333 2787 1388 2816 pro
1404 2776 1449 2806 At
1470 2777 1554 2809 Dav.
1569 2783 1664 2815 recte,

220 2824 335 2855 ultima
350 2823 404 2852 lat.
423 2823 522 2852 literas
544 2821 648 2858 oderit,
666 2831 730 2852 non
754 2820 865 2860 reperit
888 2821 920 2849 in
965 2820 1041 2850 ratio
1057 2820 1298 2860 argumentandi
1315 2820 1466 2859 postulat⁴
