1778 3095
545 46 731 84 LIBER
761 41 1050 83 QUINTUS.
1138 60 1139 63 =
1444 41 1516 82 371

91 154 155 196 Ex
170 153 253 198 hoc
270 154 399 211 igitur
414 154 597 195 Platonis
613 152 730 209 quasi
747 151 931 208 quodam
952 154 1096 190 sancto
1114 151 1381 200 augustoque
1400 143 1515 185 fonte
1537 141 1600 189 13

92 219 235 252 nostra
255 212 391 253 omnis
412 211 599 251 manabit
620 209 768 250 oratio.

154 268 279 309 Unde
312 267 441 322 igitur
472 266 625 307 rectius
658 263 785 305 ordiri
817 275 1057 317 possumus,
1091 272 1215 314 quam
1249 270 1273 296 a
1302 256 1577 307 communi37

91 332 263 378 parente
296 324 470 364 natura?
503 338 596 378 quae
632 319 834 377 quidquid
870 318 1031 373 genuit,
1066 330 1148 356 non
1185 312 1314 353 modo
1349 311 1517 361 animal,

91 380 166 420 sed
185 381 309 423 etiam
331 378 445 435 quod
465 379 523 419 ita
542 387 681 419 ortum
702 384 811 417 esset
831 389 854 415 e
875 383 997 423 terra,
1017 381 1064 413 ut
1091 370 1288 426 stirpibus
1309 368 1393 409 suis
1414 367 1519 408 nite-

92 445 221 486 retur,
241 436 284 477 in
306 449 381 476 suo
401 435 599 490 quodque
619 448 773 489 genere
794 432 1028 487 perfectum
1050 442 1140 469 esse
1166 426 1310 467 voluit.
1372 425 1519 478 Itaque

91 501 134 532 et
155 493 336 542 arbores,
357 500 398 531 et
428 491 545 542 vites,
566 501 608 531 et
628 505 691 541 ea,
711 504 805 545 quae
826 496 922 528 sunt
942 485 1180 534 humiliora,
1202 496 1337 538 neque
1363 495 1406 520 se
1437 479 1520 520 tol-

92 548 176 589 lere
198 563 222 589 a
240 558 348 589 terra
377 547 500 588 altius
532 555 735 603 possunt3
768 553 806 576 43
821 544 902 585 alia
932 556 1096 597 semper
1116 541 1259 590 virent,
1280 538 1361 578 alia
1380 536 1518 577 hieme

92 604 260 655 nudata,
298 617 422 644 verno
461 613 650 659 tempore
689 602 899 658 tepefacta
936 598 1207 640 frondescunt
1225 613 1233 637 :
1285 608 1419 649 neque
1456 602 1520 633 est

93 660 242 711 ullum,
263 659 379 715 quod
400 674 484 700 non
501 660 561 701 ita
579 661 718 715 vigeat
733 658 927 700 interiore
949 655 1131 711 quodam
1154 661 1288 702 motu,
1308 660 1351 692 et
1373 650 1456 691 suis
1476 649 1518 689 in

92 730 262 772 quoque
288 716 515 757 seminibus
545 717 728 766 inclusis,
749 723 796 756 ut
825 723 897 754 aut
928 714 1064 762 flores,
1084 719 1156 751 aut
1184 711 1327 764 fruges
1356 706 1520 756 fundat,

92 781 166 814 aut
185 773 350 823 baccas,
370 773 594 828 omniaque
613 773 655 813 in
677 771 886 821 omnibus,
909 777 1111 824 quantum
1135 768 1175 807 in
1197 767 1294 821 ipsis
1316 765 1382 814 sit,
1405 762 1519 803 nulla

94 828 131 869 vi
163 829 434 884 impediente,
453 831 639 885 perfecta
660 829 755 870 sint.
818 827 995 866 Facilius
1027 839 1121 866 vero
1151 824 1275 864 etiam
1297 822 1340 862 in
1361 819 1582 870 bestiis,38

93 885 209 940 quod
230 885 294 926 his
317 900 461 926 sensus
481 900 506 926 a
527 894 675 926 natura
694 892 757 925 est
777 883 913 932 datus,
934 882 991 923 vis
1014 881 1141 936 ipsius
1162 890 1322 920 naturae
1343 876 1522 932 perspici

93 950 248 996 potest.
307 943 505 997 Namque
530 942 630 983 alias
659 941 810 982 bestias
841 947 1001 989 nantes,
1023 951 1224 993 aquarum
1254 935 1412 976 incolas
1432 947 1523 973 esse

95 998 227 1039 voluit
246 1015 254 1039 :
285 998 385 1038 alias
406 999 610 1048 volucres,
632 998 737 1039 caelo
759 997 839 1038 frui
861 997 993 1036 libero
1015 1012 1023 1035 :
1056 1001 1267 1049 serpentes
1289 990 1491 1047 quasdam
1511 1006 1521 1030 ι

94 1054 296 1110 quasdam
324 1068 412 1095 esse
437 1055 702 1110 gradientes:
732 1068 873 1095 earum
906 1053 1090 1108 ipsarum
1122 1049 1273 1105 partim
1303 1047 1524 1101 solivagas,

93 1111 246 1166 partim
265 1121 570 1166 congregatas:
602 1112 805 1152 immanes
827 1109 941 1160 alias,
964 1107 1166 1164 quasdam
1187 1115 1329 1147 autem
1349 1104 1525 1144 cicures.

96 1167 317 1208 nonnullas
332 1167 511 1219 abditas,
525 1178 717 1223 terraque
736 1175 880 1208 tectas.
902 1175 1027 1221 atque
1046 1178 1189 1205 earum
1208 1175 1386 1218 quaeque
1401 1173 1525 1200 suum

95 1231 241 1264 tenens
261 1239 428 1274 munus,
449 1239 548 1265 cum
570 1226 610 1266 in
632 1224 806 1280 disparis
835 1221 1056 1263 animantis
1081 1221 1206 1261 vitam
1237 1217 1411 1260 transire
1441 1229 1526 1256 non

98 1280 246 1335 possit,
265 1290 408 1321 manet
427 1280 469 1321 in
490 1281 584 1337 lege
605 1290 776 1322 naturae.
807 1288 849 1320 et
868 1287 916 1319 ut
937 1278 1078 1319 bestiis
1100 1286 1139 1308 44
1153 1275 1267 1316 aliud
1289 1274 1357 1315 alii
1377 1272 1527 1329 praeci-

96 1336 170 1391 pui
188 1351 212 1377 a
234 1345 380 1377 natura
399 1336 542 1378 datum
564 1347 639 1388 est,
660 1337 775 1393 quod
806 1350 929 1377 suum
959 1348 1136 1390 quaeque
1157 1332 1321 1381 retinet,
1345 1345 1421 1370 nec
1441 1329 1526 1369 dis-

95 1392 209 1433 cedit
241 1393 294 1433 ab
329 1407 408 1434 eo:
441 1394 500 1434 sic
530 1394 690 1434 homini
723 1392 859 1434 multo
893 1391 1092 1447 quiddam
1122 1387 1418 1444 praestantius:
1447 1385 1658 1431 etsip.236.

97 1449 339 1503 praestantia
373 1449 528 1491 debent
561 1465 611 1491 ea
645 1450 741 1501 dici,
774 1465 867 1505 quae
907 1448 1061 1488 habent
1090 1447 1273 1501 aliquam
1307 1457 1527 1498 compara·
1538 1444 1568 1466 ⁸·

98 1504 271 1546 tionem.
331 1507 557 1546 Humanus
588 1516 728 1547 autem
750 1506 928 1555 animus,
949 1504 1171 1558 decerptus
1193 1516 1243 1542 ex
1264 1508 1403 1541 mente
1424 1499 1529 1540 divi-

99 1576 165 1612 na,
186 1576 285 1602 cum
318 1562 400 1602 alio
430 1563 566 1614 nullo,
584 1564 661 1603 nisi
690 1578 785 1603 cum
820 1563 911 1617 ipso
945 1560 1039 1611 deo,
1071 1560 1105 1600 si
1132 1559 1214 1599 hoc
1235 1559 1295 1598 fas
1316 1565 1380 1597 est
1398 1555 1530 1605 dictu,

98 1618 332 1673 comparari
352 1628 506 1674 potest.
566 1620 650 1660 Hic
670 1620 815 1674 igitur,
836 1619 869 1658 si
889 1626 952 1658 cst
972 1616 1176 1665 excultus,
1198 1623 1241 1655 et
1261 1614 1294 1655 si
1314 1613 1404 1668 ejus
1422 1612 1530 1653 acies
1544 1624 1596 1666 39

100 1674 158 1715 ita
177 1683 320 1715 curata
340 1684 416 1726 est,
436 1686 484 1717 ut
505 1690 557 1716 ne
578 1685 804 1716 caecaretur
835 1674 1044 1715 erroribus
1062 1689 1073 1724 3
1108 1672 1152 1712 fit
1182 1672 1370 1726 perfecta
1399 1683 1533 1720 mens,

99 1730 143 1772 id
173 1741 250 1781 est,
282 1732 476 1773 absoluta
508 1733 638 1773 ratio:
672 1733 785 1789 quod
818 1741 881 1772 est
910 1731 1020 1771 idem
1053 1730 1196 1769 virtus.
1256 1729 1324 1778 Et,
1347 1726 1381 1766 si
1408 1739 1534 1766 omne

98 1788 272 1828 beatum
290 1798 367 1837 est,
388 1790 456 1829 cui
478 1789 580 1829 nihil
611 1789 742 1839 deest,
763 1797 805 1829 et
830 1788 944 1843 quod
966 1787 1008 1827 in
1030 1800 1106 1827 suo
1136 1798 1291 1841 genere
1320 1782 1535 1838 expletum

100 1853 228 1899 atque
266 1845 529 1885 cumulatum
564 1854 642 1895 est,
675 1846 800 1900 idque
836 1844 996 1885 virtutis
1035 1851 1099 1883 est
1135 1841 1380 1897 proprium:
1421 1847 1536 1880 certe

101 1914 248 1941 omnes
270 1900 430 1941 virtutis
461 1910 696 1957 compotes,
718 1902 829 1942 beati
860 1909 971 1942 sunt.
1031 1901 1086 1940 Et
1115 1899 1197 1939 hoe
1229 1897 1401 1953 quidem
1431 1895 1536 1936 mihi

101 1971 200 1997 cum
221 1957 353 1998 Bruto
375 1959 581 2008 convenit,
603 1958 700 1998 item
732 1973 829 1998 cum
851 1957 1098 2006 Aristotele,
1120 1957 1376 2004 Xenocrate,
1399 1953 1535 2007 Speu-

102 2013 238 2068 sippo,
262 2013 501 2055 Polemone.
561 2014 645 2055 Sed
675 2014 779 2055 mihi
801 2014 991 2055 videntur
1009 2014 1136 2053 etiam
1157 2010 1402 2052 beatissimi.
1434 2007 1536 2064 quid
1549 2017 1602 2049 40

103 2070 214 2110 enim
246 2070 363 2111 deest
394 2071 447 2111 ad
479 2071 600 2111 beate
631 2071 851 2111 vivendum
882 2071 933 2121 ei,
956 2071 1027 2126 qui
1060 2068 1234 2110 confidit
1263 2067 1348 2108 suis
1379 2066 1531 2108 bonis?

102 2135 190 2177 aut,
211 2127 283 2182 qui
304 2126 467 2177 diffidit,
489 2128 637 2168 beatus
667 2142 757 2167 esse
787 2128 858 2183 qui
887 2127 1053 2181 potest?
1086 2126 1147 2166 At
1177 2124 1337 2164 diffidat
1366 2136 1534 2163 necesse
1554 2117 1619 2166 14

103 2192 179 2234 est,
202 2183 274 2239 qui
295 2184 407 2224 bona
428 2183 574 2224 dividit
601 2184 824 2239 tripertito.
885 2184 972 2225 Qui
1004 2182 1117 2223 enim
1150 2181 1307 2235 poterit
1335 2190 1408 2220 aut
1439 2193 1535 2219 cor-

103 2240 217 2294 poris
238 2240 447 2291 firmitate,
468 2251 542 2281 aut
562 2240 741 2281 fortunae
775 2239 1001 2281 stabilitate
1031 2237 1239 2279 confidere
1259 2238 1271 2277 ?
1305 2235 1436 2291 atqui,
1459 2234 1538 2275 nisi

106 2296 258 2347 stabili,
279 2306 320 2338 et
341 2297 437 2347 fixo,
458 2306 501 2338 et
519 2306 790 2352 permanente
809 2297 937 2347 bono,
959 2297 1105 2336 beatus
1127 2308 1218 2334 esse
1239 2307 1364 2333 nemo
1386 2300 1538 2347 potest.

105 2352 224 2394 Quid
244 2368 346 2408 ergo
367 2353 577 2409 ejusmodi
597 2354 775 2394 istorum
798 2355 888 2393 est?
924 2361 970 2393 ut
1001 2351 1106 2392 mihi
1134 2349 1315 2390 Laconis
1344 2348 1449 2390 illud
1478 2347 1541 2388 di-

106 2417 223 2449 ctum
253 2409 295 2450 in
320 2410 397 2450 hos
427 2409 576 2450 cadere
605 2409 817 2451 videatur:
850 2409 921 2464 qui
950 2407 1150 2464 glorianti
1177 2406 1345 2447 cuidam
1377 2419 1540 2445 merca-

104 2465 201 2516 tori,
222 2466 335 2521 quod
365 2466 518 2507 multas
551 2480 672 2507 naves
704 2466 746 2506 in
776 2479 948 2506 omnem
977 2479 1095 2506 oram
1126 2462 1383 2504 maritimam
1414 2461 1540 2502 dimi-

108 2521 241 2572 sisset,
260 2537 339 2563 non
358 2537 454 2563 sane
477 2522 666 2577 optabilis
693 2522 855 2578 quidem
878 2522 973 2572 ista,
995 2520 1145 2576 inquit,
1166 2517 1405 2561 rudentibus
1426 2524 1541 2572 apta,

94 2577 287 2633 fortuna.
347 2579 418 2619 An
439 2578 614 2620 dubium
640 2588 718 2630 est,
739 2578 841 2635 quin
870 2578 974 2619 nihil
995 2577 1048 2619 sit
1068 2576 1310 2618 habendum
1331 2575 1374 2615 in
1393 2589 1444 2615 eo
1465 2588 1541 2629 ge-

154 2697 190 2721 43
208 2690 269 2721 alia
285 2698 391 2731 semper
406 2689 520 2731 virent]
538 2692 609 2722 Hoc
625 2702 691 2722 non
707 2699 753 2722 est
769 2693 800 2721 in
845 2692 917 2722 Ald.
937 2702 980 2731 pr.
999 2691 1095 2721 abest.
1113 2689 1209 2720 male.

109 2735 159 2764 ed.
189 2734 326 2765 Gronov.
355 2735 471 2765 excidit
497 2744 597 2765 errore
622 2744 801 2774 operarum.
889 2742 929 2765 44
946 2733 1030 2763 aliud
1051 2733 1106 2762 alii
1124 2732 1270 2772 praecipui
1292 2730 1392 2760 datum
1416 2728 1472 2770 est]
1492 2730 1545 2760 Vi·

111 2785 187 2807 vam
212 2784 256 2807 est
280 2779 313 2808 in
335 2778 381 2808 ed·
409 2778 499 2807 Grut.
517 2778 570 2807 sed
588 2785 701 2809 tamen
717 2785 747 2808 et
763 2777 802 2807 ab
845 2786 920 2807 sum
937 2778 1018 2806 mihi
1035 2783 1094 2813 eet,
1112 2776 1283 2814 legendum
1294 2773 1455 2814 praecipue.

841 2819 966 2878 pbz
