1778 3095
223 160 302 194 424
608 159 684 195 DE
714 158 979 198 NATURA
1007 162 1280 200 DEORUM

224 269 268 302 et
298 261 476 306 libenter
503 265 687 321 quidem.
747 269 957 310 Virtutem
991 277 1130 310 autem
1153 269 1240 310 sine
1267 268 1428 309 ratione
1457 278 1653 312 constare*

226 332 308 358 non
341 333 477 374 posse.
539 322 770 365 Conveniat
802 325 845 366 id
881 341 1051 381 quoque
1085 340 1252 367 necesse
1286 335 1363 366 est.
1420 326 1648 382 Adjungis,

182 375 319 416 b.Nec
349 377 554 419 rationem
584 393 688 430 esse,
711 381 787 421 nisi
819 381 861 422 in
892 383 1072 423 hominis
1101 383 1247 438 figura.
1307 383 1447 438 Quem
1468 383 1543 424 tibi
1567 383 1649 424 hoc

222 430 418 472 daturum
442 437 588 488 putas?
622 436 656 476 si
676 437 786 477 enim
808 438 865 478 ita
880 448 1002 489 esset,
1024 439 1124 494 quid
1146 453 1250 493 opus
1269 448 1357 479 erat
1378 449 1418 480 te
1437 439 1646 494 gradatim

224 487 331 529 istuc
352 491 594 543 pervenire?
631 500 665 528 17
689 493 809 549 [quid
836 502 978 534 autem
1008 504 1069 535 est
1098 495 1205 535 istuc
1235 495 1441 550 gradatim
1464 496 1496 550 ³]
1533 510 1649 536 sum-

222 544 346 585 sisses
378 555 454 586 tuo
479 546 590 602 jure.
648 551 760 590 Nam
782 564 806 589 a
824 550 956 590 beatis
987 551 1040 591 ad
1066 551 1276 600 virtutem,
1299 566 1322 592 a
1342 552 1491 592 virtute
1509 551 1562 592 ad
1582 565 1648 592 ra-

222 601 380 641 tionem
413 602 533 644 video
566 613 607 645 te
640 606 798 646 venisse
827 606 1042 660 gradibus.
1100 607 1141 647 A
1160 608 1320 648 ratione
1341 608 1393 648 ad
1420 608 1646 648 humanam

223 656 398 712 figuram
435 674 520 714 quo
553 661 683 702 modo
716 662 906 702 accedis?
940 663 1198 718 praecipitare
1230 665 1336 705 istuc
1367 664 1536 719 quidem
1570 672 1649 714 est,

159 720 211 760 90
223 728 306 754 non
328 713 593 762 descendere.
651 719 745 758 Nec
775 732 871 759 vero
901 718 1109 774 intelligo,
1130 734 1203 760 cur
1228 721 1422 761 maluerit
1442 721 1649 776 Epicurus

222 769 324 811 deos
344 771 563 812 hominum
587 773 741 814 similes
763 773 913 824 dicere,
936 789 1061 829 quam
1083 774 1274 816 homines
1294 777 1484 818 deorum.
1516 779 1649 832 Quae-

221 841 300 877 res,
321 827 421 883 quid
442 827 616 869 intersit.
676 830 717 870 Si
750 830 861 871 enim
883 830 962 871 hoc
985 831 1045 872 illi
1067 831 1201 872 simile
1229 832 1294 882 sit,
1315 848 1404 873 esse
1424 834 1527 874 illud
1549 833 1648 874 huic

219 883 355 924 video.
415 884 497 924 Sed
529 883 609 925 hoc
639 885 749 936 dico,
773 901 854 927 non
875 888 927 928 ab
949 887 1189 928 hominibus
1215 888 1361 929 formae
1384 889 1557 944 figuram
1579 904 1649 930 ve·-

220 940 330 980 nisse
361 940 415 981 ad
448 938 562 981 deos.
594 941 652 982 dii
684 942 792 983 enim
827 958 992 999 semper
1023 944 1206 994 fuerunt,
1229 953 1270 985 et
1305 945 1389 985 nati
1419 959 1648 1001 numquam

220 1004 331 1046 sunt,
368 997 401 1038 si
433 996 603 1052 quidem
638 1001 781 1041 aeterni
814 1012 910 1041 sunt
942 1000 1084 1041 futuri.
1116 1010 1159 1041 at
1194 1001 1385 1042 homines
1420 1002 1519 1043 nati.
1550 1012 1646 1043 ante

220 1052 351 1107 igitur
381 1053 566 1094 humana
593 1055 742 1107 forma,
764 1072 889 1112 quam
923 1057 1129 1108 homines,
1153 1066 1187 1088 18
1202 1072 1265 1108 ea,
1291 1073 1374 1113 qua
1402 1068 1519 1098 erant
1545 1059 1649 1113 [for-

220 1109 310 1162 ma]
333 1108 389 1150 dii
410 1109 682 1152 immortales.
741 1114 841 1154 Non
861 1128 964 1169 ergo
995 1114 1178 1164 illorum,
1200 1114 1383 1155 humana
1403 1114 1552 1165 forma,
1575 1114 1649 1155 sed

220 1175 376 1217 nostra,
410 1166 546 1207 divina
575 1167 749 1209 dicenda
780 1179 857 1210 est.
916 1172 1074 1210 Verum
1100 1170 1180 1210 hoc
1200 1171 1385 1225 quidem,
1406 1180 1453 1211 ut
1473 1170 1647 1212 voletis:

219 1221 323 1263 illud
346 1238 503 1278 quaerO,
526 1239 619 1278 quae
649 1225 773 1266 fuerit
805 1234 919 1266 tanta
952 1227 1131 1266 fortuna.
1163 1227 1266 1267 nihil
1297 1227 1407 1266 enim
1440 1228 1481 1267 in
1511 1242 1647 1268 rerum

158 1292 203 1332 91
222 1288 370 1320 natura
408 1280 569 1320 ratione
610 1281 767 1322 factum
810 1297 900 1323 esse
937 1282 1073 1323 vultis.
1147 1283 1227 1323 Scd
1263 1292 1401 1323 tamen
1442 1284 1533 1338 quis
1570 1284 1648 1324 iste

220 1344 362 1376 tantus
394 1338 543 1376 casus?
577 1338 687 1378 unde
717 1348 800 1378 tam
837 1339 933 1379 felix
967 1354 1195 1380 concursus
1224 1350 1478 1390 atomorum,
1507 1348 1555 1380 ut
1583 1354 1650 1380 re-

220 1401 344 1446 pente
364 1392 555 1433 homines
584 1393 759 1435 deorum
790 1395 927 1436 forma
957 1397 1254 1436 nascerentur?
1288 1396 1445 1436 semina
1473 1395 1649 1437 deorum

220 1448 423 1489 decidisse
444 1449 495 1489 de
516 1450 621 1490 caelo
650 1451 690 1491 in
722 1460 850 1492 terras
881 1462 1094 1507 putamus,
1114 1462 1156 1493 et
1181 1453 1239 1493 sic
1262 1452 1452 1493 homines
1483 1461 1649 1507 patrum

220 1504 377 1545 similes
408 1506 646 1548 exstitisse?
690 1508 838 1549 vellem
878 1509 1097 1550 diceretis:
1136 1508 1311 1550 deorum
1349 1509 1648 1564 cognationem

177 1570 209 1600 b.
221 1575 493 1616 agnoscerem
529 1578 611 1603 non
642 1564 806 1605 invitus.
866 1565 987 1606 Nihil
1013 1565 1095 1606 tale
1125 1565 1291 1606 dicitis:
1324 1565 1397 1605 sed
1428 1580 1527 1606 casu
1556 1579 1647 1606 esse

220 1618 396 1668 factum,
430 1628 477 1659 ut
509 1619 685 1661 deorum
723 1621 877 1662 similes
913 1636 1113 1662 essemus.
1174 1624 1229 1663 Et
1263 1636 1372 1662 nunc
1399 1630 1650 1676 argumenta

220 1675 446 1729 quaerenda
481 1685 590 1725 sunt,
627 1677 779 1731 quibus
814 1678 894 1718 hoc
929 1678 1168 1718 refellatur?
1211 1679 1370 1718 utinam
1406 1688 1491 1718 tam
1527 1677 1650 1719 facile

136 1731 206 1778 33
220 1745 315 1771 vera
334 1731 514 1772 invenire
541 1734 714 1787 possim,
736 1749 862 1788 quam
895 1734 998 1774 falsa
1027 1734 1286 1775 convincere.
1346 1734 1512 1774 Etenim
1545 1748 1649 1775 enu-

221 1788 391 1828 merasti
408 1789 664 1840 memoriter,
686 1800 727 1830 et
747 1790 917 1845 copiose
939 1793 1001 1844 (ut
1017 1791 1120 1831 mihi
1140 1790 1307 1845 quidem
1327 1790 1521 1831 admirari
1543 1790 1651 1831 libe-

219 1852 296 1894 ret,
317 1845 357 1884 in
378 1844 550 1886 homine
570 1860 658 1886 esse
680 1847 869 1887 Romano
889 1856 1049 1887 tantam
1073 1847 1304 1899 scientiam)
1322 1861 1455 1902 usque
1475 1862 1500 1887 a
1518 1846 1651 1888 Thale

155 1906 207 1947 92
219 1900 391 1942 Milesio
413 1901 464 1941 de
484 1911 632 1942 natura
661 1902 835 1943 deorum
866 1903 1216 1958 philosophorum
1245 1903 1482 1944 sententias.
1543 1903 1650 1945 Om-

219 1971 346 1998 nesne
375 1957 452 1998 tibi
482 1958 541 1998 illi
572 1958 748 2000 delirare
778 1959 850 1999 visi
877 1969 987 2009 sunt,
1019 1960 1090 2015 qui
1124 1959 1211 2000 sine
1241 1960 1448 2010 manibus,
1468 1968 1510 2000 et
1529 1960 1649 2015 pedi-

217 2014 297 2054 bus
328 2022 518 2055 constare
549 2015 675 2055 deum
706 2030 827 2071 posse
856 2016 1155 2057 decreverunt?
1191 2031 1240 2057 ne
1274 2016 1355 2056 hoc
1386 2016 1555 2071 quidem
1575 2031 1648 2058 vos

218 2080 373 2120 movet,
394 2071 719 2122 considerantes,
741 2087 836 2127 quae
866 2073 920 2114 sit
950 2073 1122 2122 utilitas,
1148 2087 1326 2128 quaeque
1355 2073 1648 2128 opportunitas

217 2127 261 2168 in
299 2126 472 2168 homine
508 2129 812 2179 membrorum,
851 2138 900 2170 ut
940 2129 1156 2185 judicetis,
1203 2129 1404 2169 membris
1454 2129 1648 2172 humanis

219 2183 321 2224 deos
341 2199 425 2224 non
447 2186 602 2239 egere?
635 2184 738 2240 quid
758 2186 870 2225 enim
892 2185 1070 2241 pedibus
1096 2201 1202 2241 opus
1225 2195 1288 2226 est
1309 2186 1396 2226 sine
1416 2185 1611 2241 ingressu
1629 2188 1642 2227 ?

217 2240 319 2295 quid
340 2241 550 2291 manibus,
574 2241 613 2281 si
638 2241 741 2281 nihil
767 2242 1208 2297 comprehendendum
1228 2243 1240 2283 ?
1274 2241 1374 2297 quid
1396 2241 1553 2297 reliqua
1573 2242 1647 2283 de-

216 2297 444 2352 scriptione
481 2299 671 2339 omnium
706 2299 894 2353 corporis
933 2299 1130 2354 partium,
1166 2299 1207 2339 in
1244 2314 1327 2354 qua
1367 2298 1468 2338 nihil
1508 2298 1645 2350 inane,

216 2353 320 2394 nihil
349 2355 436 2395 sine
466 2369 605 2406 causa,
633 2354 738 2395 nihil
770 2369 1119 2410 supervacaneum
1143 2356 1234 2396 est?
1271 2356 1416 2409 Itaque
1437 2354 1551 2395 nulla
1579 2370 1646 2396 ars

216 2409 371 2451 imitari
401 2411 632 2452 sollertiam
668 2420 825 2452 naturae
861 2419 1014 2466 potest.
1074 2411 1262 2452 Habebit
1294 2411 1424 2465 igitur
1455 2411 1644 2466 linguam

216 2466 334 2517 deus,
366 2476 408 2508 et
439 2482 523 2509 non
557 2468 766 2523 loquetur.
797 2467 957 2518 dentes,
988 2468 1188 2523 palatum,
1223 2467 1364 2508 fauces
1397 2467 1557 2508 nullum
1594 2468 1646 2510 ad

216 2537 369 2564 usum:
401 2538 580 2580 quaeque
605 2524 903 2579 procreationis
932 2539 1058 2565 causa
1087 2533 1235 2565 natura
1258 2532 1294 2557 19
1308 2524 1474 2578 corpori
1504 2524 1647 2577 affixit,

264 2676 300 2703 17
326 2668 398 2710 quid
408 2674 504 2696 autem
520 2674 560 2696 est
571 2665 817 2706 istuc-gradatim]
838 2668 909 2697 Hoc
998 2674 1035 2697 18
1059 2678 1104 2704 ea,
1129 2679 1186 2709 qua
1209 2674 1292 2697 erant
1302 2668 1407 2708 fhrma
1428 2669 1457 2699 d.
1480 2667 1521 2709 i.]
1540 2670 1646 2710 firma

217 2719 264 2743 est
289 2712 447 2752 spurium,
476 2721 493 2740 e
523 2711 665 2748 margine
694 2710 845 2749 exempli,
877 2710 908 2740 in
953 2710 1125 2741 delendum
1141 2718 1227 2750 puto.

216 2765 280 2795 quo
311 2756 341 2785 id
371 2755 515 2784 indoctus
552 2753 702 2782 dominus
737 2754 908 2792 scripserat.
997 2761 1034 2785 19
1054 2754 1162 2792 corpori
1185 2753 1296 2794 affixit]
1315 2754 1365 2784 Sic
1383 2755 1460 2785 Mss.
1481 2761 1540 2785 tres
1563 2758 1646 2795 apud

217 2799 310 2829 uncis
333 2797 459 2828 inclusi.
505 2796 699 2827 Facciolatus
726 2796 758 2825 in
783 2796 908 2826 Acroasi
952 2795 1132 2832 Davisium,
1148 2797 1192 2826 sic
1209 2804 1239 2826 et
1255 2797 1362 2827 Guelf.
1376 2807 1431 2836 pro
1454 2798 1582 2837 vulgato
1598 2799 1646 2840 ‘ff-

216 2843 254 2871 de
278 2842 377 2871 Sorite
399 2840 492 2870 verba
507 2838 646 2869 sumsisses
668 2845 715 2868 tuo
728 2838 800 2878 jure
823 2839 911 2878 ponit
941 2838 1050 2878 finxit.
1095 2839 1146 2869 Sic
1162 2847 1192 2870 et
1206 2840 1276 2870 edd.
1291 2847 1366 2871 vett.
1383 2847 1418 2870 ut
1432 2840 1504 2872 Ald.

216 2892 289 2915 ante
306 2885 376 2915 haec
391 2883 464 2926 quid
476 2889 572 2912 autem
589 2884 646 2912 διε.
