1778 3095
580 123 757 160 LIBER
786 122 1081 162 QUINTUS.
1460 127 1539 161 235

119 231 359 282 firmandus,
380 232 564 287 inquam.
592 245 718 285 quem
749 229 785 270 si
813 228 1013 280 tenueris,
1042 243 1127 269 non
1146 227 1277 269 modo
1298 242 1442 270 meum
1461 229 1538 271 Ci-

117 302 327 339 ceronem,
347 288 419 329 sed
439 287 564 327 etiam
585 301 654 326 me
673 287 812 341 ipsum
842 286 1026 327 abducas
1053 284 1211 326 licebit.
1268 284 1378 325 Tum
1400 285 1537 327 Quin·
1549 293 1604 341 96

116 354 198 395 ωε,
234 346 345 386 Mihi
378 343 562 399 quidem,
597 343 746 398 inquit,
784 343 883 383 satis
915 342 997 384 hoc
1035 341 1329 384 confirmatum
1363 339 1540 383 videtur.

118 402 290 443 ⁵7laet0r
326 400 510 456 quidem,
551 399 880 455 philosophiam,
918 399 1038 454 cujus
1076 406 1198 439 antea
1236 395 1542 453 supellectilem

114 458 243 512 pluris
274 456 546 507 aestimabam,
578 471 705 512 quam
734 455 1015 511 possessiones
1045 455 1319 511 reliquorum,
1351 453 1409 494 ita
1438 452 1544 493 mihi

116 514 226 554 dives
246 512 472 562 videbatur,
506 521 550 553 ut
580 513 632 553 ab
662 527 711 553 ea
741 521 880 567 petere
902 527 1086 568 possem,
1108 510 1311 568 quidquid
1331 510 1374 550 in
1394 508 1544 550 studiis

117 570 264 610 nostris
304 569 621 624 concupissem:
672 570 780 610 hanc
819 569 950 625 igitur
987 569 1107 610 laetor
1146 568 1272 608 etiam
1311 565 1542 608 acutiorem

116 634 338 681 repertam,
369 640 495 680 quam
527 636 708 676 ceteras3
741 627 855 681 quod
888 625 1058 682 quidam
1089 624 1127 665 ei
1158 624 1302 665 deesse
1331 623 1543 664 dicebant.

118 691 154 714 ⁵8
168 683 268 722 Non
303 697 429 737 quam
464 691 646 723 nostram
688 683 874 738 quidem,
908 682 1045 738 inquit
1085 680 1342 736 Pomponius
1375 679 1541 735 jocans.

116 738 188 779 sed
206 738 444 779 mehercule
465 748 661 794 pergrata
680 739 784 780 mihi
805 739 938 780 oratio
956 749 1041 780 tua.
1056 753 1148 794 quae
1164 737 1274 778 enim
1290 736 1372 777 dici
1393 735 1544 777 Latine

114 809 235 850 posse
258 810 341 835 non
368 796 611 846 arbitrabar,
641 809 690 836 ea
722 796 834 836 dicta
864 805 961 836 sunt
992 810 1017 836 a
1051 804 1108 845 te,
1139 808 1214 835 nec
1244 793 1383 834 minus
1404 792 1542 848 plane,

115 866 241 906 quam
273 851 468 892 dicuntur
497 867 520 892 a
552 852 728 903 Graeeis,
757 852 891 893 verbis
921 851 1042 908 aptiS.
1102 850 1184 891 Sed
1213 860 1378 905 tempus
1409 858 1486 898 est,
1508 848 1543 889 si

112 907 299 949 videtur:
330 919 372 950 et
401 917 514 949 recta
545 908 715 965 quidem
748 909 802 950 ad
837 924 919 949 me.
978 907 1109 950 Quod
1139 921 1236 948 cum
1266 907 1335 947 ille
1355 905 1540 955 dixisset,

114 972 156 1004 et
183 964 280 1028 satis
310 965 569 1021 disputatum
599 965 821 1017 videretur,
852 966 894 1006 in
931 964 1134 1020 oppidum
1169 963 1223 1004 ad
1259 961 1540 1017 Pomponium

110 1035 365 1076 perreximus
386 1037 546 1063 omnes.

387 1238 466 1289 Μ.
505 1237 788 1289 TULLII
826 1234 1265 1288 CICERONIS

132 1354 860 1417 TUSCULANARUM
905 1349 1522 1416 QUAESTIONUM

803 1499 858 1523 AD

621 1578 699 1625 M.
738 1577 1046 1625 BRUTUM

533 1688 769 1730 LIBER
811 1686 1124 1728 PRIMUS.

801 1815 855 1840 DE

421 1906 976 1951 CONTEMNENDA
1005 1905 1260 1950 MORTE.

685 2053 930 2076 *—

625 2171 1034 2210 ARGUMENTUM.

118 2260 295 2308 Praefatus
314 2257 353 2295 de
371 2259 523 2295 instituto
542 2257 758 2308 philosophice
777 2257 909 2293 Graecae
936 2255 1071 2292 Latinis
1099 2254 1218 2291 litteris
1245 2254 1472 2298 illustrandae,
1493 2266 1543 2301 ut,

168 2315 203 2350 in
221 2326 283 2364 quo
309 2325 373 2349 uno
390 2326 412 2350 a
435 2312 562 2349 Graecz's
594 2312 807 2348 vincerentur
834 2309 990 2353 Romani,
1022 2308 1061 2344 id
1089 2308 1136 2344 ad
1167 2309 1251 2357 ipsos
1278 2322 1403 2359 quoque
1429 2319 1544 2346 trans-

157 2366 323 2415 ferretur,
343 2379 372 2402 c.
397 2366 579 2416 1-4.p0nit
597 2364 646 2408 id,
672 2363 712 2400 de
741 2377 803 2414 quo
835 2372 904 2398 tota
932 2371 981 2398 est
1007 2361 1108 2412 primi
1135 2361 1214 2398 libri
1241 2361 1423 2411 disputatio
1439 2378 1451 2398 .·
1481 2364 1543 2400 An

170 2433 267 2456 mors
287 2420 428 2456 malum
449 2421 495 2456 sit
514 2421 526 2456 ?
555 2418 644 2469 quod
660 2417 774 2454 deinde
790 2416 905 2453 multis
924 2415 1057 2464 refellit.
1106 2415 1220 2451 Primo
1238 2415 1391 2459 ostendit,
1410 2424 1545 2453 mortem

169 2488 233 2510 non
245 2485 340 2524 posse
365 2473 492 2509 malum
523 2485 588 2509 esse
615 2472 765 2514 mortuis,
796 2468 884 2520 quod
898 2470 1002 2517 falsa
1031 2470 1098 2504 sint
1128 2470 1249 2512 omnia,
1277 2483 1355 2519 quae
1372 2468 1413 2505 de
1430 2469 1545 2518 irgferis

171 2527 267 2578 apud
283 2527 399 2578 po'dtas
428 2535 622 2571 narrentur,
655 2534 699 2569 et,
727 2526 756 2561 si
787 2536 952 2574 nusquam
984 2523 1051 2559 sint
1082 2523 1215 2567 mortui,
1242 2535 1304 2558 non
1325 2522 1454 2572 possint
1479 2535 1547 2560 esse

163 2641 200 2671 57
225 2635 308 2666 Iaeror
341 2636 455 2677 quidem
487 2633 707 2677 philosophiam]
741 2633 811 2664 Ele·
854 2634 908 2663 sed
938 2639 1045 2663 tamen
1076 2643 1129 2672 per
1154 2632 1279 2671 jocum,
1310 2638 1340 2661 et
1369 2631 1544 2663 subridens.

123 2685 229 2717 gamer
252 2680 400 2710 Davisius
427 2679 576 2720 laetorque,
607 2688 668 2706 earn
689 2677 812 2716 philoso-
854 2676 1004 2706 Ceterum
1027 2676 1120 2706 lectio
1147 2677 1215 2705 haec
1242 2675 1339 2704 variat
1361 2675 1394 2703 in
1416 2675 1485 2704 edd.
1514 2680 1545 2703 et

118 2720 218 2759 phium
243 2724 301 2754 διε.
326 2721 359 2751 τὸ
382 2733 444 2752 eam
464 2723 560 2752 etiam
584 2720 628 2750 w*
642 2721 747 2760 igitur,
764 2730 810 2749 τε·
852 2728 912 2749 ser.
928 2719 1026 2755 libris,
1039 2721 1094 2758 qui
1107 2727 1213 2748 tamen
1227 2718 1270 2747 nil
1285 2717 1399 2747 melius
1415 2718 1545 2746 habent.

122 2764 227 2801 quirit.
856 2762 1003 2792 Davisius
1027 2772 1066 2791 ex
1089 2763 1125 2791 iis
1151 2762 1287 2790 confecit
1312 2761 1396 2789 hanc
1420 2759 1546 2798 conjee·

169 2813 206 2836 58
230 2807 305 2843 Νοη,
320 2817 406 2848 quam
418 2813 542 2836 nostram
552 2804 679 2848 quidun]
698 2805 810 2841 Suam,
854 2811 959 2835 turam
972 2816 978 2833 ε
1003 2815 1147 2845 nunquam
1162 2810 1265 2833 nostrae
1280 2803 1404 2844 quidem.

125 2848 324 2888 Epicuream,
339 2856 506 2890 exceptam
520 2849 590 2881 vult
604 2848 812 2889 Pomponius,
