1778 3095
578 127 760 165 LIBER
789 125 1095 164 QUARTUS.
1482 132 1552 166 185

128 237 351 280 ficiendum
386 244 462 288 est,
492 243 645 292 praeter
675 243 844 276 motum
879 233 1037 289 ingenii
1070 232 1297 289 quendam,
1326 234 1368 276 id
1390 246 1467 288 est,
1488 255 1554 280 ra-

126 295 313 336 tionem:
346 307 512 336 necesse
544 302 622 341 est,
655 290 754 332 huic
788 290 984 331 ultimum
1022 304 1126 340 esse,
1162 304 1212 330 ex
1244 290 1394 332 virtute
1428 294 1553 337 vitam

130 352 300 407 fingere.
336 348 505 391 rationis
539 348 651 388 enirn
686 347 906 402 perfectio,
942 356 1008 388 est
1040 347 1182 388 virtus.
1219 347 1281 388 sin
1319 348 1437 400 nihil,
1477 353 1554 394 nisi

128 423 312 463 corpus:
341 420 505 447 summa
533 413 657 445 erunt
684 404 769 455 illa,
798 403 999 454 valitudo,
1034 403 1217 444 vacuitas
1247 404 1420 457 doloris,
1459 409 1554 462 pul-

127 463 335 512 chritudO,
357 472 399 502 et
419 471 571 503 cetera.
592 476 702 501 nunc
725 460 778 501 de
802 460 985 501 hominis
1014 474 1182 500 summo
1202 460 1316 501 bono
1338 463 1553 517 quaeritur.

128 521 243 577 Quid
270 533 372 574 ergo
406 518 648 559 dubitamus
683 517 725 557 in
755 526 843 558 tota
877 519 968 573 ejus
1004 526 1152 557 natura
1179 523 1216 554 67
1230 532 1429 573 quaerere,
1452 521 1553 576 quid
1573 517 1637 565 14

127 578 182 617 sit
201 577 394 617 effectum
414 577 427 615 ?
463 574 575 615 Cum
595 574 704 615 enim
723 582 888 615 constet
908 575 1016 614 inter
1037 587 1198 625 omnes,
1213 588 1338 615 omne
1352 577 1552 628 officium,
1565 586 1618 622 36

127 646 364 687 munusque
385 631 614 686 sapientiae,
634 631 676 671 in
697 630 878 671 hominis
904 630 1022 671 cultu
1051 645 1142 671 esse
1173 640 1453 686 occupatum:
1486 635 1557 676 alii

129 692 198 742 (ne
219 703 288 729 me
307 688 517 728 existimes
539 697 687 728 contra
703 687 868 728 Stoicos
900 687 1036 728 solum
1064 687 1218 740 dicere)
1243 702 1312 729 eas
1333 692 1557 732 sententias

125 745 315 796 afferunt,
338 754 386 786 ut
406 759 619 785 summum
641 744 800 785 bonum
831 744 874 785 in
905 759 956 785 eo
988 758 1143 799 genere
1172 754 1346 799 ponant,
1369 747 1485 802 quod
1505 748 1559 789 sit

126 810 243 842 extra
272 811 458 843 nostram
488 809 757 855 potestatem,
788 809 1007 856 tamquam
1038 801 1090 841 de
1121 801 1290 842 animali
1319 802 1462 858 aliquo
1492 803 1556 845 lo-

127 867 337 914 quantur:
369 858 439 898 alii
459 867 619 908 contra,
649 858 768 913 quasi
797 857 961 898 nullum
991 872 1144 912 corpus
1175 858 1228 898 sit
1257 858 1455 911 hominis,
1485 861 1557 911 ita,

127 923 280 969 praeter
307 915 510 965 animum,
541 914 645 955 nihil
676 922 850 955 curant:
881 928 977 954 cum
1006 915 1238 968 praesertim
1267 915 1356 971 ipse
1387 932 1557 973 quoque

127 971 291 1012 animus
322 986 407 1012 non
437 971 559 1011 inane
592 971 731 1012 nescio
765 970 867 1026 quid
902 971 955 1011 sit
992 973 1143 1026 (neque
1172 972 1285 1012 enim
1315 972 1359 1013 id
1383 988 1557 1028 possum

126 1028 378 1083 intelligere)
404 1034 442 1059 68
455 1027 528 1069 sed
547 1028 589 1068 in
610 1026 794 1083 quodam
829 1041 986 1082 genere
1016 1028 1204 1082 corporis
1227 1045 1236 1068 ε
1267 1036 1315 1068 ut
1337 1044 1387 1070 ne
1410 1031 1442 1071 is
1465 1032 1559 1086 qui-

127 1084 225 1125 dem
245 1086 395 1126 virtute
415 1099 498 1126 una
518 1094 740 1125 contentus
758 1084 824 1134 sit,
841 1084 915 1124 sed
928 1093 1097 1139 appetat
1114 1085 1364 1125 vacuitatem
1386 1086 1560 1128 doloris.

127 1141 405 1196 quamobrem
446 1141 613 1197 utrique
660 1141 773 1182 idem
820 1140 994 1190 faciunt,
1037 1149 1085 1181 ut
1128 1141 1180 1182 si·
1203 1141 1350 1182 laevam
1398 1154 1560 1198 partem

128 1198 404 1252 negligerent,
428 1197 643 1239 dexteram
671 1206 917 1238 tuerentur:
950 1205 1023 1238 aut
1052 1197 1182 1252 ipsius
1211 1198 1353 1250 animi,
1383 1209 1432 1240 ut
1461 1201 1560 1242 fecit
1573 1207 1603 1236 b-

130 1254 332 1304 Herillus,
354 1255 643 1310 cognitionem
663 1254 1013 1308 amplexarentur,
1034 1254 1243 1295 actionem
1264 1255 1560 1312 relinquerent.

129 1325 277 1352 eorum
298 1311 409 1352 enim
431 1311 636 1361 omnium,
668 1311 803 1351 multa
830 1311 1254 1365 praetermittentium,
1282 1311 1384 1353 dum
1404 1314 1562 1369 eligant

129 1367 302 1422 aliquid,
334 1367 449 1423 quod
480 1376 720 1422 sequantur,
752 1367 869 1422 quasi
902 1377 1021 1408 curta
1054 1368 1273 1408 sententia.
1304 1377 1347 1408 at
1377 1384 1472 1410 vero
1493 1371 1565 1412 illa

130 1425 319 1478 perfecta
350 1433 477 1479 atque
504 1425 628 1479 plena
659 1438 823 1474 eorum,
857 1424 929 1478 qui
967 1438 1062 1463 cum
1099 1423 1150 1463 de
1183 1424 1366 1466 hominis
1394 1441 1563 1467 summo

130 1481 246 1520 bono
268 1488 517 1535 quaererent,
539 1480 697 1520 nullam
718 1480 759 1520 in
789 1494 839 1520 eo
871 1493 1004 1534 neque
1034 1480 1176 1531 animi,
1208 1495 1345 1536 neque
1375 1484 1564 1539 corporis

128 1545 292 1592 partem
323 1551 495 1577 vacuam
526 1535 659 1576 tutela
686 1536 958 1590 reliquerunt.
1017 1537 1107 1576 Vos
1137 1546 1295 1588 autem,
1318 1538 1444 1590 Cato,
1467 1542 1625 1596 quia37

130 1593 275 1644 virtus,
306 1602 354 1634 ut
383 1607 530 1633 omnes
562 1593 758 1643 fatemur,
792 1592 1044 1632 altissimum
1076 1592 1219 1633 locum
1248 1594 1290 1634 in
1318 1595 1490 1637 homine
1524 1605 1566 1638 et

129 1649 312 1690 maxime
332 1649 605 1690 excellentem
625 1657 754 1699 tenet,
784 1657 827 1689 et
855 1648 972 1704 quod
1003 1663 1090 1699 eos,
1125 1650 1197 1705 qui
1227 1650 1434 1706 sapientes
1455 1663 1567 1704 sunt,

130 1706 365 1757 absolutos,
378 1716 420 1747 et
434 1707 642 1761 perfectos
656 1714 854 1761 putamus
874 1722 883 1745 :
916 1705 1046 1746 aciem
1065 1706 1303 1747 animorum
1324 1718 1567 1751 nostrorum

129 1763 292 1804 virtutis
318 1763 540 1818 splendore
555 1762 860 1818 praestringitiS.
891 1762 981 1802 69in
1005 1763 1121 1802 omni
1141 1763 1252 1803 enim
1274 1764 1485 1807 animante
1505 1777 1569 1808 est

131 1834 347 1860 summum
363 1819 522 1876 aliquid
536 1828 661 1875 atque
675 1822 900 1874 optimum,
914 1828 963 1859 ut
978 1819 1019 1858 in
1036 1819 1170 1874 equis,
1188 1820 1230 1860 in
1246 1821 1418 1863 canibus
1432 1839 1442 1873 3
1473 1824 1568 1880 qui-

131 1876 212 1917 bus
245 1884 383 1917 tamen
415 1886 458 1917 et
489 1876 636 1917 dolore
667 1890 810 1917 vacare
834 1890 940 1930 opus
963 1884 1040 1925 est,
1063 1886 1106 1917 et
1126 1876 1274 1917 valere.
1295 1879 1353 1919 sic
1375 1879 1506 1934 igitur
1525 1881 1568 1922 in

131 1932 305 1973 homine
327 1933 528 1987 perfectio
549 1933 642 1984 ista,
665 1932 707 1973 in
726 1947 777 1973 eo
799 1932 1081 1988 potissimum,
1111 1933 1227 1989 quod
1252 1943 1314 1974 est
1343 1936 1568 1991 optimum,

132 1988 177 2029 id
197 1997 275 2039 est,
296 1989 387 2029 ⁷0in
403 1989 554 2030 virtute
574 1989 784 2031 laudatur.
848 1989 994 2044 Itaque
1016 1989 1121 2030 mihi
1150 2005 1233 2031 non
1253 1991 1351 2032 satis
1372 1992 1569 2035 videmini

135 2045 414 2097 considerare,
435 2045 551 2101 quod
570 2045 649 2086 iter
669 2046 722 2086 sit
742 2054 915 2096 naturae,
947 2061 1126 2101 quaeque
1156 2048 1411 2102 progressio.
1434 2058 1469 2085 71
1483 2066 1568 2091 non

135 2102 248 2143 enim
271 2101 389 2158 quod
408 2102 509 2143 facit
529 2102 572 2143 in
596 2102 806 2158 frugibus,
836 2111 898 2153 ut,
928 2117 1023 2144 cun]
1057 2103 1111 2144 ad
1141 2104 1300 2159 spicam
1331 2105 1570 2160 perduxerit

178 2221 215 2250 67
242 2227 382 2257 quaerere,
410 2217 484 2258 quid
507 2217 545 2246 sit
570 2214 721 2257 effictum]
748 2216 798 2247 Sc.
814 2226 832 2245 a

919 2223 959 2251 70
982 2217 1013 2245 in
1027 2217 1140 2247 virtute
1154 2217 1305 2258 laudatur]
1324 2219 1490 2258 Eleganter
1505 2222 1569 2251 Da-

135 2259 288 2299 sapientra
310 2262 348 2290 ad
371 2260 635 2300 consequendum
660 2260 760 2289 finem
777 2260 832 2289 bo-

874 2260 970 2289 visius
997 2260 1133 2297 conjecit
1159 2260 1280 2298 locatur,
1311 2264 1452 2301 ponitur,
1484 2266 1569 2302 quod

137 2312 265 2332 norum.

179 2351 218 2375 68
241 2345 291 2373 ,τειί
304 2344 333 2373 in
349 2344 470 2385 quodam
488 2355 590 2383 genere
601 2343 737 2384 corporis]
755 2345 830 2375 Non

135 2398 201 2427 quo
217 2389 352 2426 corporis
379 2397 479 2426 genus
504 2389 641 2418 habeat:
666 2388 719 2418 sed
744 2390 830 2427 quod

135 2432 168 2460 in
185 2441 222 2461 eo
234 2431 273 2461 sit
289 2430 420 2470 aliquid,
444 2431 529 2470 quod
553 2431 688 2461 firmum
710 2438 740 2460 et
764 2442 831 2471 per-

136 2484 271 2504 manens
297 2475 348 2509 sit‚
375 2475 458 2504 sicut
484 2475 614 2504 materia
637 2482 683 2504 est
704 2475 736 2503 in
764 2484 831 2504 cor-

135 2527 223 2556 pore,
240 2518 272 2547 in
288 2527 352 2556 quo
373 2517 551 2547 efficiantur
573 2527 698 2554 senSUS,
715 2519 833 2556 cogita-

136 2560 250 2596 tiones,
266 2560 471 2599 appetitiones
489 2562 549 2589 &c.
566 2560 711 2590 similiter
734 2560 832 2591 locuti

134 2610 214 2633 sunt
236 2604 273 2633 de
295 2603 404 2641 spiritu
432 2610 463 2632 et
494 2603 562 2632 Deo
585 2605 726 2633 doctores
744 2603 832 2634 latini

137 2646 247 2676 veteris
264 2646 425 2682 Ecclesiae,
442 2646 496 2675 sed
511 2647 624 2677 eodem
640 2656 746 2676 sensu.

180 2694 219 2721 69
243 2689 273 2717 in
309 2690 384 2717 omni
430 2689 589 2718 enim—sic
625 2689 718 2728 igitur
757 2687 830 2727 δία]

141 2728 238 2760 Deest
261 2732 425 2771 particula,
448 2741 520 2771 quae
544 2733 580 2762 ad
612 2732 651 2761 sic
675 2733 834 2762 referatur.

139 2773 236 2810 Igitur
266 2775 310 2811 id,
333 2784 376 2804 sc.
401 2781 434 2803 ut
460 2775 505 2804 sic
528 2776 663 2805 addam:
700 2776 730 2804 in
758 2775 833 2804 omni

140 2815 213 2844 enim
243 2817 388 2846 animante
418 2824 450 2846 ut
480 2824 520 2846 est
552 2828 690 2847 summum
720 2817 838 2859 aliquid

140 2858 200 2888 Ele.

875 2303 1074 2342 aptissimum
1107 2304 1148 2333 rei
1176 2312 1205 2333 et
1235 2306 1399 2335 sententiae
1429 2313 1491 2336 est:
1517 2309 1570 2337 sed

874 2352 983 2375 tamen
1000 2353 1029 2374 et
1044 2345 1212 2385 vulgatum
1228 2348 1272 2377 sic
1292 2348 1440 2387 explicari
1458 2356 1569 2388 potest,

874 2390 960 2427 quod
982 2389 1104 2419 virtutis
1127 2391 1259 2419 nomine
1281 2392 1526 2422 commendatur
1541 2400 1572 2423 et

876 2432 1034 2468 laudatur,
1051 2441 1127 2462 cum
1152 2434 1183 2462 in
1208 2443 1244 2462 ea
1267 2435 1409 2472 ponitur:
1438 2436 1482 2466 sic
1498 2443 1570 2466 ante

874 2475 1005 2511 dixerat,
1028 2476 1150 2505 virtutis
1173 2475 1337 2515 splendore
1360 2477 1470 2508 oculos
1494 2489 1571 2518 prae-

874 2519 1025 2557 stringere
1056 2519 1187 2548 Stoicos.
1219 2529 1335 2559 nempe
1365 2529 1442 2550 cum
1474 2522 1505 2551 in
1537 2533 1573 2552 ea

875 2571 1045 2591 summum
1064 2562 1188 2592 bonum
1211 2570 1347 2601 ponunt.
1373 2564 1434 2593 hoc
1458 2565 1571 2595 malim

875 2610 993 2641 tenere,
1011 2605 1086 2643 quia
1109 2604 1194 2635 illius
1217 2605 1361 2646 lectionis
1385 2607 1516 2638 nullum
1541 2609 1572 2638 in

876 2646 963 2678 libris
976 2648 1145 2687 vestigium
1163 2656 1320 2688 repertum
1338 2656 1394 2678 est.

923 2696 957 2724 71
984 2702 1037 2719 non
1054 2691 1140 2727 enim,
1158 2691 1322 2733 quodfacit
1346 2691 1375 2720 in
1387 2692 1573 2732 frugibus—-

878 2732 1056 2773 idemfacit]
1077 2734 1126 2764 Ab
1144 2735 1232 2764 initio
1257 2735 1288 2764 in
1311 2735 1446 2774 vulgatis
1464 2742 1574 2764 estnon

877 2776 951 2805 enim
981 2776 1040 2806 hoc.
1084 2777 1211 2807 Nonius
1249 2779 1319 2807 haec
1357 2779 1452 2807 verba
1486 2787 1574 2807 com-

878 2828 1061 2849 memorans
1086 2830 1151 2850 non
1176 2820 1272 2850 habet
1294 2820 1354 2857 hoc,
1379 2821 1574 2859 quodetiam

876 2862 944 2893 sine
961 2862 1013 2892 tali
1029 2870 1156 2894 auctore
1171 2863 1343 2894 delendum
1359 2870 1432 2893 erat.
