1768 3095
540 62 720 99 LIBER
751 59 1064 99 QUARTUS.
1467 64 1518 108 67

88 183 230 213 rerum
259 180 358 213 sunt
386 169 575 227 quaesita,
605 169 845 211 videamus:
877 175 915 200 31
934 169 1048 210 velut
1076 168 1183 210 illud
1219 177 1331 210 ante.
1389 170 1520 213 Estne

88 229 311 284 quisquam
341 237 459 268 tanto
489 227 655 267 inflatus
686 240 841 276 errore,
871 234 920 266 ut
949 226 1028 266 sibi
1057 239 1102 267 se
1130 224 1203 266 illa
1221 225 1328 267 scire
1348 239 1519 281 persua-

84 285 212 326 serit?
247 299 329 326 non
356 297 499 339 quaero
529 283 711 324 rationes
742 297 826 333 eas,
846 297 939 339 quae
966 297 1016 322 ex
1044 282 1289 338 conjectura
1306 282 1517 338 pendent:

86 356 180 397 quae
200 339 553 396 disputationibus
575 340 673 390 huc,
694 347 737 380 et
757 339 855 380 illuc
876 338 1114 390 trahuntur,
1136 339 1295 380 nullam
1315 339 1520 380 adhibent

84 397 361 453 persuadendi
401 398 706 438 necessitatem.
766 396 1009 437 Geometrae
1055 395 1317 451 provideant,
1356 396 1428 451 qui
1474 410 1518 437 se

84 454 332 509 profitentur
352 467 436 494 non
457 453 722 509 persuadere,
744 452 818 493 sed
839 466 994 507 cogere
1012 468 1021 493 ε
1054 461 1096 493 et
1117 453 1190 507 qui
1222 452 1365 493 omnia
1384 452 1517 503 vobis,

84 525 177 565 quae
198 510 453 561 describunt,
474 510 668 565 probant.
699 523 782 550 non
804 523 949 565 quaero
968 523 1017 549 ex
1038 509 1101 550 his
1122 509 1195 550 illa
1213 509 1331 550 initia
1350 509 1517 550 mathe-

83 566 364 608 maticorum:
396 566 548 621 quibus
590 581 674 607 non
709 566 935 615 concessis,
971 564 1154 621 digitum
1192 566 1394 621 progredi
1432 580 1515 607 non

80 633 271 678 possunt.
318 624 525 664 Punctum
549 637 655 674 esse,
675 622 792 677 quod
812 622 1149 677 magnitudinem
1171 621 1329 663 nullam
1349 622 1514 663 babeat.

81 680 416 731 Extremitatem‚
446 689 489 720 et
519 680 638 735 quasi
667 680 981 729 libramentum,
1013 680 1053 719 in
1085 694 1169 734 quo
1202 679 1317 720 nulla
1342 680 1514 720 omnino

80 736 312 777 crassitudo
341 736 410 787 sit,
439 744 478 768 82
500 736 757 777 lineamento
793 736 882 777 sine
915 735 1000 776 ulla
1032 736 1254 777 latitudine
1287 745 1511 776 carentem.

81 793 189 833 Haec
209 807 307 833 cum
326 807 420 833 vera
440 808 532 834 esse
549 807 798 834 concessero
818 809 826 833 :
850 794 883 833 si
902 793 1097 848 adjiciam
1113 792 1428 849 jusjurandum,
1447 807 1512 833 sa-

78 848 318 904 pientemne
357 857 396 881 ³3
412 850 542 905 prius,
578 865 705 905 quam
744 849 1024 890 Archimedes
1061 864 1112 889 eo
1149 850 1409 905 inspectante
1446 864 1511 891 ra-

78 906 214 946 tiones
248 921 395 947 omnes
425 906 691 962 descripserit
715 921 798 957 eas,
827 906 980 962 quibus
1001 906 1194 956 efficitur,
1215 906 1361 947 multis
1380 907 1512 960 parti-

77 962 155 1003 bus
175 963 307 1004 solem
329 962 534 1019 majorem
563 977 667 1014 esse,
689 978 816 1019 quam
837 973 1006 1013 terram,
1019 962 1264 1018 juraturum
1285 972 1409 1018 putas
1429 964 1441 1003 ?
1476 963 1510 1004 si

75 1018 247 1061 fecerit:
279 1019 412 1061 solem
441 1020 595 1076 ipsum,
626 1034 754 1076 quem
778 1019 905 1061 deum
933 1029 1078 1060 censet
1097 1034 1202 1071 esse,
1224 1019 1509 1061 contemserit.

75 1075 243 1132 Quodsi
273 1077 543 1131 geometricis
570 1077 804 1118 rationibus
839 1091 921 1116 non
944 1085 1009 1118 est
1037 1077 1289 1127 crediturus,
1309 1092 1403 1132 quae
1426 1077 1507 1117 vim
1526 1084 1597 1122 117

74 1132 253 1174 afferunt
276 1134 319 1174 in
344 1133 552 1184 docendo,
572 1149 643 1175 vos
668 1134 748 1189 ipsi
776 1142 823 1174 ut
841 1133 978 1174 dicitis
996 1150 1005 1174 :
1037 1148 1100 1174 nae
1121 1133 1192 1174 ille
1211 1134 1339 1188 longe
1359 1133 1508 1184 aberit,
1520 1130 1550 1161 b.

74 1197 123 1229 ut
147 1190 407 1244 argumentis
434 1190 577 1231 credat
597 1190 949 1246 philosophorum
970 1207 979 1231 ε
1011 1199 1098 1241 aut,
1120 1191 1154 1231 si
1176 1200 1239 1231 est
1259 1190 1508 1242 crediturus,

74 1259 257 1300 quorum
278 1246 574 1301 potissimum?
610 1247 764 1288 Omnia
785 1246 1056 1301 physicorum
1079 1246 1177 1287 licet
1197 1247 1418 1301 explicare.
1436 1247 1509 1288 sed

73 1300 253 1357 longum
285 1311 362 1344 est.
395 1317 539 1359 quaero
572 1311 729 1353 tamen,
749 1317 875 1358 quem
898 1312 1110 1358 sequatur.
1171 1304 1303 1358 Finge
1322 1304 1507 1359 aliquem

72 1371 184 1398 nunc
224 1358 311 1399 fieri
347 1360 594 1414 sapientem,
631 1360 819 1400 nondum
856 1374 976 1400 esse:
1018 1366 1059 1391 34
1073 1374 1201 1415 quam
1236 1360 1505 1415 potissimum

71 1415 323 1455 sententiam
354 1416 486 1470 eliget
514 1425 557 1456 et
585 1414 880 1471 disciplinam?
914 1415 994 1456 etsi
1024 1423 1062 1448 3⁵
1081 1431 1395 1472 quamcumque
1427 1416 1505 1457 eli-

71 1478 159 1526 get,
180 1470 379 1527 insipiens
401 1472 545 1527 eliget.
604 1472 688 1512 Sed
719 1473 773 1513 sit
801 1472 973 1527 ingenio
1002 1472 1157 1522 divino,
1177 1487 1303 1528 quem
1331 1487 1463 1514 unum
1483 1488 1507 1514 e

69 1527 255 1583 physicis
283 1528 552 1583 potissimum
583 1535 623 1559 36
638 1529 865 1583 probabit?
901 1543 978 1568 nec
1003 1529 1098 1583 plus
1124 1544 1211 1569 uno
1229 1529 1400 1585 poterit.
1420 1545 1506 1571 non

69 1597 299 1639 persequor
317 1585 571 1640 quaestiones
592 1585 772 1626 infinitas
793 1602 802 1626 ε
835 1593 999 1626 tantum
1028 1585 1081 1626 de
1107 1586 1323 1642 principiis
1349 1601 1504 1638 rerum,

69 1654 93 1680 e
114 1640 266 1696 quibus
296 1642 440 1682 omnia
469 1651 678 1694 constant,
707 1642 921 1683 videamus
952 1657 1078 1698 quem
1109 1643 1274 1697 probet.
1306 1650 1370 1683 est
1391 1644 1504 1684 enim

66 1695 175 1738 inter
203 1712 383 1753 magnos
413 1698 607 1740 homines
638 1714 805 1740 summa
833 1698 1052 1740 dissensio.
1112 1699 1308 1754 Princeps
1333 1687 1581 1753 Thales‚37

67 1767 176 1794 unus
196 1768 220 1795 e
240 1763 416 1809 septem,
441 1755 510 1796 cui
538 1770 609 1796 sex
634 1756 818 1812 reliquos
840 1762 877 1791 37
894 1755 1152 1796 concessisse
1171 1757 1327 1811 primas
1346 1755 1502 1808 ferunt,

67 1824 120 1850 ex
138 1824 247 1866 aqua
266 1811 370 1852 dixit
389 1820 582 1853 constare
602 1814 758 1854 omnia.
817 1813 879 1853 At
905 1812 987 1854 hoc
1008 1812 1342 1864 Anaximandro,
1362 1827 1500 1870 popu-
1516 1819 1589 1852 118

67 1865 157 1918 lari,
186 1877 229 1907 et
259 1867 392 1908 sodali
422 1883 514 1920 suo,
546 1883 628 1909 non
660 1869 882 1925 persuasit.
904 1869 937 1910 is
959 1869 1072 1909 enim
1098 1869 1404 1911 asinfinitatem
1426 1886 1501 1912 na-

108 1987 146 2012 31
171 1980 257 2011 velut
280 1981 358 2012 illud
379 1982 459 2021 ante]
484 1983 568 2013 velut
591 1984 625 2013 h.
649 1984 671 2013 1.
694 1993 760 2013 non
804 1984 915 2021 melius,
932 1986 1018 2024 quod
1043 1994 1109 2014 non
1128 1985 1186 2014 fert
1202 1984 1294 2022 illud,
1311 1996 1399 2027 quam
1408 1986 1502 2026 petis-

64 2030 176 2063 aptum
200 2031 256 2054 est.
281 2025 383 2064 placet
406 2037 508 2055 verum
532 2026 608 2056 illud
629 2034 694 2056 ante
714 2035 759 2056 sc.
803 2028 905 2056 simum
923 2029 982 2058 ἃς.

64 2066 238 2097 videamus.
252 2069 296 2098 sic
312 2076 343 2098 et
358 2069 506 2099 Davisius
523 2070 670 2107 conjecit.

107 2116 147 2140 32
171 2110 340 2140 lineamento
365 2112 424 2141 sine
445 2123 474 2142 u.
492 2112 647 2141 latitudine
662 2122 760 2142 caren-

65 2151 134 2192 tem]
155 2152 235 2183 Haee
247 2155 357 2184 vitiosa
372 2165 450 2192 esse,
466 2165 579 2185 omnes
594 2157 755 2186 viderunt:

63 2196 97 2226 in
113 2197 296 2235 corrigendo
310 2199 481 2234 variarunt,
499 2208 558 2228 nec
575 2199 655 2228 mihi
671 2199 757 2229 satis-

63 2239 174 2269 fecere.
219 2240 348 2280 Optime
372 2241 434 2271 Ms.
460 2241 639 2280 Cantabrig.
664 2249 758 2280 atque

63 2281 135 2312 inde
162 2283 309 2313 Davisius
323 2296 330 2313 t
357 2284 576 2313 Lineamentum
603 2284 760 2324 longitudi-

63 2335 125 2354 nem
137 2325 196 2354 sine
212 2325 375 2357 latitudine.
418 2327 570 2357 Carentem
583 2335 629 2357 est
645 2338 662 2357 a
677 2328 759 2367 glos-

62 2373 175 2405 satore,
201 2370 256 2407 qui
284 2370 363 2399 alius
388 2370 582 2400 definitionis
604 2372 698 2401 verba
726 2372 758 2400 in

62 2418 170 2441 mente
201 2413 338 2442 habebat
360 2414 392 2442 in
415 2423 480 2452 quo
503 2421 579 2450 erat,
603 2413 759 2443 latitudine

63 2461 215 2484 carentem.

104 2503 144 2527 aa
162 2497 258 2536 prius,
283 2509 369 2539 quam
393 2497 497 2537 Arch.]
524 2499 557 2528 P.
575 2499 674 2528 Faber
688 2507 756 2528 cor-

62 2540 141 2570 rexit
157 2546 323 2582 postquam.
347 2543 433 2580 quod
451 2542 553 2582 aptius
570 2549 615 2572 est
630 2548 756 2572 senten-

62 2582 112 2612 tiae
127 2581 200 2613 loci.

102 2631 142 2656 34
167 2637 254 2667 quam
271 2626 452 2665 potissimum
476 2627 645 2657 sententiam
670 2627 758 2667 eliget

62 2673 90 2695 et
112 2668 293 2708 disciplinam
305 2668 337 2709 3]
363 2670 414 2700 Sic
438 2671 558 2700 habent
572 2671 703 2709 quidam
720 2670 758 2700 li-

61 2708 107 2739 bri
120 2720 178 2741 scr.
196 2712 324 2750 melius,
337 2723 437 2752 quarn
452 2713 550 2752 vulgo
564 2720 611 2744 est
626 2725 684 2755 qua
692 2719 756 2752 pot.

62 2753 199 2782 sententia
215 2765 253 2784 m.
269 2754 356 2795 eliget
370 2755 572 2796 disciplinam3
588 2757 674 2796 quod
686 2766 758 2786 sen-

62 2803 136 2825 sum
160 2799 372 2829 commodum
396 2808 462 2830 non
483 2799 590 2830 habet.
607 2799 707 2830 delevi
727 2805 758 2828 et

848 2077 886 2101 :35
912 2082 1119 2112 quamcumque
1141 2068 1244 2110 eliget]
1272 2071 1421 2102 Latinitas
1445 2081 1501 2112 po·

804 2113 900 2143 stulat
923 2113 1052 2153 elegerit,
1078 2120 1114 2143 ut
1133 2121 1164 2143 et
1179 2113 1231 2143 alii
1249 2115 1404 2145 viderunt.
1422 2124 1502 2145 mox

801 2165 829 2185 c.
847 2166 912 2195 seq.
938 2167 1146 2198 quamcumque
1168 2157 1338 2187 sententiam
1355 2157 1502 2198 probave-

803 2205 853 2227 rzt.

847 2247 888 2272 :36
905 2241 1043 2280 probabit
1053 2240 1084 2279 t]
1111 2241 1135 2270 is
1152 2241 1274 2272 addunt
1296 2242 1365 2272 edd.
1381 2248 1501 2273 veteres

803 2285 966 2323 quaedam,
990 2285 1021 2314 in
1044 2284 1162 2323 quibus
1185 2291 1294 2314 tamen
1315 2285 1379 2315 fere
1394 2294 1501 2316 unum

802 2328 937 2357 verbum
954 2334 1000 2358 est
1010 2326 1184 2367 probabitis,
1200 2334 1237 2358 ut
1255 2327 1288 2357 in
1304 2327 1386 2358 Ven.
1406 2334 1501 2364 1471.

804 2376 896 2403 1494.

846 2419 883 2448 37
911 2413 1069 2443 concessisse
1086 2411 1213 2452 primas]
1241 2413 1293 2443 Sic
1308 2412 1390 2444 bene
1405 2413 1501 2444 edidit

802 2456 835 2486 P.
854 2457 1035 2493 Manutius,
1050 2465 1251 2495 quamquam
1264 2466 1280 2486 e
1296 2457 1498 2494 conjectura:

799 2509 900 2538 quem
910 2500 1050 2530 imitatus
1067 2506 1112 2529 est
1128 2499 1294 2530 Davisius:
1318 2506 1350 2530 et
1365 2501 1398 2530 in
1413 2499 1501 2530 libris

800 2552 860 2573 scr.
891 2550 1049 2582 repertum
1079 2549 1126 2572 est
1150 2542 1274 2581 primas.
1320 2543 1499 2582 Vulgatum

801 2586 965 2615 consensisse
977 2586 1085 2625 primos
1099 2591 1179 2615 stare
1195 2595 1260 2615 non
1277 2592 1395 2625 potest:
1421 2595 1499 2616 nam

802 2627 891 2658 aliter
913 2635 959 2658 est
982 2630 1035 2658 hic
1059 2629 1092 2658 in
1114 2628 1323 2667 sequentibus
1345 2636 1376 2659 et
1393 2629 1431 2658 de
1447 2638 1500 2658 eo-

802 2680 875 2700 rum
898 2672 1054 2702 dissensu.
1100 2671 1161 2701 Sed
1183 2672 1302 2711 primas
1324 2673 1353 2702 ei
1368 2681 1499 2702 conces-

801 2714 876 2744 sisse
900 2724 1011 2744 verum
1035 2721 1094 2752 est,
1119 2721 1307 2755 constatque
1322 2724 1340 2745 e
1355 2715 1500 2753 Diogene

802 2757 937 2787 Laertio.

845 2806 886 2831 38
910 2798 1086 2838 irgfi'nitatem
1109 2797 1241 2841 nature]
1266 2800 1288 2830 i.
1305 2809 1331 2830 e.
1349 2806 1498 2831 naturam

738 2852 810 2881 FZ
