<?xml version="1.0" encoding="UTF-8"?>
<!DOCTYPE html PUBLIC "-//W3C//DTD XHTML 1.0 Transitional//EN"
    "http://www.w3.org/TR/xhtml1/DTD/xhtml1-transitional.dtd">
<html xmlns="http://www.w3.org/1999/xhtml" xml:lang="en" lang="en">
 <head>
  <title>
</title>
<meta http-equiv="Content-Type" content="text/html;charset=utf-8" />
  <meta name='ocr-system' content='tesseract 3.04.00' />
  <meta name='ocr-capabilities' content='ocr_page ocr_carea ocr_par ocr_line ocrx_word'/>
</head>
<body>
  <div class='ocr_page' id='page_1' title='image "./p1operaomnia04ciceuoft_0561.png"; bbox 0 0 1778 3095; ppageno 0'>
   <div class='ocr_carea' id='block_1_1' title="bbox 575 150 1507 192">
    <p class='ocr_par' dir='ltr' id='par_1_1' title="bbox 575 150 1507 192">
     <span class='ocr_line' id='line_1_1' title="bbox 575 150 1507 192; baseline -0.001 0"><span class='ocrx_word' id='word_1_1' title='bbox 575 152 755 192; x_wconf 88' lang='lat' dir='ltr'>LIBER</span> <span class='ocrx_word' id='word_1_2' title='bbox 795 150 1034 192; x_wconf 84' lang='lat' dir='ltr'><strong>PRIMUS.</strong></span> <span class='ocrx_word' id='word_1_3' title='bbox 1433 157 1507 192; x_wconf 84' lang='lat'>553</span> 
     </span>
    </p>
   </div>
   <div class='ocr_carea' id='block_1_2' title="bbox 87 260 1653 2405">
    <p class='ocr_par' dir='ltr' id='par_1_2' title="bbox 87 260 1511 321">
     <span class='ocr_line' id='line_1_2' title="bbox 87 260 1511 321; baseline -0.004 -14"><span class='ocrx_word' id='word_1_4' title='bbox 87 264 327 321; x_wconf 82' lang='lat' dir='ltr'>quaerimus,</span> <span class='ocrx_word' id='word_1_5' title='bbox 361 261 559 305; x_wconf 83' lang='lat' dir='ltr'>faciliora.</span> <span class='ocrx_word' id='word_1_6' title='bbox 591 261 781 301; x_wconf 87' lang='lat' dir='ltr'>continet</span> <span class='ocrx_word' id='word_1_7' title='bbox 810 260 920 301; x_wconf 86' lang='lat' dir='ltr'>enim</span> <span class='ocrx_word' id='word_1_8' title='bbox 952 269 1086 302; x_wconf 88' lang='lat' dir='ltr'>totam</span> <span class='ocrx_word' id='word_1_9' title='bbox 1105 260 1213 301; x_wconf 87' lang='lat' dir='ltr'>hanc</span> <span class='ocrx_word' id='word_1_10' title='bbox 1235 260 1511 314; x_wconf 74' lang='lat' dir='ltr'>quaestionem</span> 
     </span>
    </p>

    <p class='ocr_par' dir='ltr' id='par_1_3' title="bbox 88 316 1512 375">
     <span class='ocr_line' id='line_1_3' title="bbox 88 316 1512 375; baseline -0.004 -12"><span class='ocrx_word' id='word_1_11' title='bbox 88 337 138 362; x_wconf 87' lang='lat' dir='ltr'>ea</span> <span class='ocrx_word' id='word_1_12' title='bbox 168 322 288 372; x_wconf 86' lang='lat' dir='ltr'>ratio,</span> <span class='ocrx_word' id='word_1_13' title='bbox 323 336 416 375; x_wconf 88' lang='lat' dir='ltr'>quae</span> <span class='ocrx_word' id='word_1_14' title='bbox 441 326 503 360; x_wconf 88' lang='lat' dir='ltr'>est</span> <span class='ocrx_word' id='word_1_15' title='bbox 531 317 583 357; x_wconf 87' lang='lat' dir='ltr'>de</span> <span class='ocrx_word' id='word_1_16' title='bbox 603 327 752 357; x_wconf 90' lang='lat' dir='ltr'>natura</span> <span class='ocrx_word' id='word_1_17' title='bbox 772 316 963 367; x_wconf 81' lang='lat' dir='ltr'>deorum,</span> <span class='ocrx_word' id='word_1_18' title='bbox 983 332 1076 371; x_wconf 88' lang='lat' dir='ltr'>quae</span> <span class='ocrx_word' id='word_1_19' title='bbox 1097 332 1120 357; x_wconf 92' lang='lat' dir='ltr'>a</span> <span class='ocrx_word' id='word_1_20' title='bbox 1139 326 1181 357; x_wconf 91' lang='lat' dir='ltr'>te</span> <span class='ocrx_word' id='word_1_21' title='bbox 1202 316 1384 357; x_wconf 89' lang='lat' dir='ltr'>secundo</span> <span class='ocrx_word' id='word_1_22' title='bbox 1405 317 1512 358; x_wconf 86' lang='lat' dir='ltr'>libro</span> 
     </span>
    </p>

    <p class='ocr_par' dir='ltr' id='par_1_4' title="bbox 90 372 1653 2122">
     <span class='ocr_line' id='line_1_4' title="bbox 90 372 1514 433; baseline -0.005 -13"><span class='ocrx_word' id='word_1_23' title='bbox 90 387 127 410; x_wconf 82' lang='lat'>⁵⁵</span> <span class='ocrx_word' id='word_1_24' title='bbox 148 388 212 419; x_wconf 84' lang='lat' dir='ltr'>est</span> <span class='ocrx_word' id='word_1_25' title='bbox 241 377 446 433; x_wconf 86' lang='lat' dir='ltr'>explicata</span> <span class='ocrx_word' id='word_1_26' title='bbox 474 373 670 414; x_wconf 87' lang='lat' dir='ltr'><strong>dilucide.</strong></span> <span class='ocrx_word' id='word_1_27' title='bbox 729 373 870 429; x_wconf 67' lang='lat' dir='ltr'>Quam</span> <span class='ocrx_word' id='word_1_28' title='bbox 901 373 935 412; x_wconf 90' lang='lat' dir='ltr'>si</span> <span class='ocrx_word' id='word_1_29' title='bbox 971 373 1224 423; x_wconf 80' lang='lat' dir='ltr'>obtinemus,</span> <span class='ocrx_word' id='word_1_30' title='bbox 1255 372 1381 412; x_wconf 88' lang='lat' dir='ltr'>stabit</span> <span class='ocrx_word' id='word_1_31' title='bbox 1409 373 1514 413; x_wconf 85' lang='lat' dir='ltr'>illud</span> 
     </span>
     <span class='ocr_line' id='line_1_5' title="bbox 90 428 1516 489; baseline -0.005 -14"><span class='ocrx_word' id='word_1_32' title='bbox 90 434 276 489; x_wconf 83' lang='lat' dir='ltr'>quidem,</span> <span class='ocrx_word' id='word_1_33' title='bbox 310 431 423 489; x_wconf 92' lang='lat' dir='ltr'>quod</span> <span class='ocrx_word' id='word_1_34' title='bbox 459 431 598 471; x_wconf 91' lang='lat' dir='ltr'>locum</span> <span class='ocrx_word' id='word_1_35' title='bbox 630 429 743 470; x_wconf 91' lang='lat' dir='ltr'>hunc</span> <span class='ocrx_word' id='word_1_36' title='bbox 773 428 974 478; x_wconf 83' lang='lat' dir='ltr'>continet,</span> <span class='ocrx_word' id='word_1_37' title='bbox 1005 428 1057 468; x_wconf 91' lang='lat' dir='ltr'>de</span> <span class='ocrx_word' id='word_1_38' title='bbox 1088 443 1172 483; x_wconf 84' lang='lat' dir='ltr'>quo</span> <span class='ocrx_word' id='word_1_39' title='bbox 1203 428 1384 484; x_wconf 80' lang='lat' dir='ltr'>agimus,</span> <span class='ocrx_word' id='word_1_40' title='bbox 1415 430 1516 469; x_wconf 87' lang='lat' dir='ltr'>Esse</span> 
     </span>
     <span class='ocr_line' id='line_1_6' title="bbox 90 484 1516 541; baseline -0.005 -10"><span class='ocrx_word' id='word_1_41' title='bbox 90 491 207 541; x_wconf 86' lang='lat' dir='ltr'>deos,</span> <span class='ocrx_word' id='word_1_42' title='bbox 239 499 279 530; x_wconf 92' lang='lat' dir='ltr'>et</span> <span class='ocrx_word' id='word_1_43' title='bbox 308 501 452 529; x_wconf 86' lang='lat' dir='ltr'>eorum</span> <span class='ocrx_word' id='word_1_44' title='bbox 483 485 741 541; x_wconf 83' lang='lat' dir='ltr'>providentia</span> <span class='ocrx_word' id='word_1_45' title='bbox 769 484 976 526; x_wconf 89' lang='lat' dir='ltr'>mundum</span> <span class='ocrx_word' id='word_1_46' title='bbox 1006 485 1299 534; x_wconf 84' lang='lat' dir='ltr'>administrari,</span> <span class='ocrx_word' id='word_1_47' title='bbox 1323 484 1516 525; x_wconf 87' lang='lat' dir='ltr'>eosdem-</span> 
     </span>
     <span class='ocr_line' id='line_1_7' title="bbox 90 540 1517 601; baseline -0.004 -14"><span class='ocrx_word' id='word_1_48' title='bbox 90 561 173 601; x_wconf 85' lang='lat' dir='ltr'>que</span> <span class='ocrx_word' id='word_1_49' title='bbox 205 546 421 587; x_wconf 83' lang='lat' dir='ltr'>consulere</span> <span class='ocrx_word' id='word_1_50' title='bbox 453 545 576 583; x_wconf 87' lang='lat' dir='ltr'>rebus</span> <span class='ocrx_word' id='word_1_51' title='bbox 607 542 814 591; x_wconf 83' lang='lat' dir='ltr'>humanis,</span> <span class='ocrx_word' id='word_1_52' title='bbox 850 555 924 581; x_wconf 88' lang='lat' dir='ltr'>nec</span> <span class='ocrx_word' id='word_1_53' title='bbox 960 541 1097 581; x_wconf 88' lang='lat' dir='ltr'>solum</span> <span class='ocrx_word' id='word_1_54' title='bbox 1131 540 1342 591; x_wconf 79' lang='lat' dir='ltr'>universis,</span> <span class='ocrx_word' id='word_1_55' title='bbox 1375 555 1517 581; x_wconf 87' lang='lat' dir='ltr'>verum</span> 
     </span>
     <span class='ocr_line' id='line_1_8' title="bbox 90 596 1519 655; baseline -0.003 -12"><span class='ocrx_word' id='word_1_56' title='bbox 90 604 217 643; x_wconf 84' lang='lat' dir='ltr'>etiam</span> <span class='ocrx_word' id='word_1_57' title='bbox 249 600 434 655; x_wconf 87' lang='lat' dir='ltr'>singulis.</span> <span class='ocrx_word' id='word_1_58' title='bbox 494 600 600 639; x_wconf 90' lang='lat' dir='ltr'>Haec</span> <span class='ocrx_word' id='word_1_59' title='bbox 630 600 663 639; x_wconf 88' lang='lat' dir='ltr'>si</span> <span class='ocrx_word' id='word_1_60' title='bbox 690 609 894 647; x_wconf 84' lang='lat' dir='ltr'>tenemus,</span> <span class='ocrx_word' id='word_1_61' title='bbox 916 613 1009 653; x_wconf 86' lang='lat' dir='ltr'>quae</span> <span class='ocrx_word' id='word_1_62' title='bbox 1040 596 1145 637; x_wconf 83' lang='lat' dir='ltr'>mihi</span> <span class='ocrx_word' id='word_1_63' title='bbox 1165 597 1336 651; x_wconf 87' lang='lat' dir='ltr'>quidem</span> <span class='ocrx_word' id='word_1_64' title='bbox 1357 612 1440 638; x_wconf 89' lang='lat' dir='ltr'>non</span> <span class='ocrx_word' id='word_1_65' title='bbox 1459 597 1519 639; x_wconf 89' lang='lat' dir='ltr'>vi-</span> 
     </span>
     <span class='ocr_line' id='line_1_9' title="bbox 91 653 1516 712; baseline -0.004 -13"><span class='ocrx_word' id='word_1_66' title='bbox 91 658 243 699; x_wconf 83' lang='lat' dir='ltr'>dentur</span> <span class='ocrx_word' id='word_1_67' title='bbox 262 670 384 712; x_wconf 83' lang='lat' dir='ltr'>posse</span> <span class='ocrx_word' id='word_1_68' title='bbox 415 654 616 696; x_wconf 83' lang='lat' dir='ltr'>convelli:</span> <span class='ocrx_word' id='word_1_69' title='bbox 645 655 835 710; x_wconf 81' lang='lat' dir='ltr'>profecto</span> <span class='ocrx_word' id='word_1_70' title='bbox 864 653 1105 694; x_wconf 88' lang='lat' dir='ltr'>hominibus</span> <span class='ocrx_word' id='word_1_71' title='bbox 1126 668 1150 693; x_wconf 89' lang='lat' dir='ltr'>a</span> <span class='ocrx_word' id='word_1_72' title='bbox 1169 653 1245 693; x_wconf 89' lang='lat' dir='ltr'>diis</span> <span class='ocrx_word' id='word_1_73' title='bbox 1267 654 1408 693; x_wconf 81' lang='lat' dir='ltr'>futura</span> <span class='ocrx_word' id='word_1_74' title='bbox 1430 654 1516 709; x_wconf 82' lang='lat' dir='ltr'>sig·</span> 
     </span>
     <span class='ocr_line' id='line_1_10' title="bbox 91 709 1606 765; baseline -0.005 -9"><span class='ocrx_word' id='word_1_75' title='bbox 91 714 247 756; x_wconf 84' lang='lat' dir='ltr'>nificari</span> <span class='ocrx_word' id='word_1_76' title='bbox 267 726 434 753; x_wconf 88' lang='lat' dir='ltr'>necesse</span> <span class='ocrx_word' id='word_1_77' title='bbox 458 720 534 752; x_wconf 84' lang='lat' dir='ltr'>est.</span> <span class='ocrx_word' id='word_1_78' title='bbox 593 711 676 753; x_wconf 90' lang='lat' dir='ltr'>Sed</span> <span class='ocrx_word' id='word_1_79' title='bbox 709 718 747 743; x_wconf 82' lang='lat'>⁵⁶</span> <span class='ocrx_word' id='word_1_80' title='bbox 763 710 1108 765; x_wconf 83' lang='lat' dir='ltr'>distinguendum</span> <span class='ocrx_word' id='word_1_81' title='bbox 1139 709 1313 760; x_wconf 79' lang='lat' dir='ltr'>videtur,</span> <span class='ocrx_word' id='word_1_82' title='bbox 1335 724 1517 764; x_wconf 81' lang='lat' dir='ltr'>quonam</span> <span class='ocrx_word' id='word_1_83' title='bbox 1534 724 1606 757; x_wconf 66' lang='lat'>113</span> 
     </span>
     <span class='ocr_line' id='line_1_11' title="bbox 91 766 1599 826; baseline -0.003 -15"><span class='ocrx_word' id='word_1_84' title='bbox 91 771 235 811; x_wconf 92' lang='lat' dir='ltr'>modo.</span> <span class='ocrx_word' id='word_1_85' title='bbox 296 777 331 805; x_wconf 74' lang='lat'>57</span> <span class='ocrx_word' id='word_1_86' title='bbox 354 770 467 810; x_wconf 85' lang='lat' dir='ltr'>Nam</span> <span class='ocrx_word' id='word_1_87' title='bbox 499 782 582 808; x_wconf 89' lang='lat' dir='ltr'>non</span> <span class='ocrx_word' id='word_1_88' title='bbox 610 768 748 822; x_wconf 89' lang='lat' dir='ltr'>placet</span> <span class='ocrx_word' id='word_1_89' title='bbox 780 767 946 817; x_wconf 85' lang='lat' dir='ltr'>Stoicis,</span> <span class='ocrx_word' id='word_1_90' title='bbox 977 766 1151 821; x_wconf 87' lang='lat' dir='ltr'>singulis</span> <span class='ocrx_word' id='word_1_91' title='bbox 1175 766 1368 822; x_wconf 86' lang='lat' dir='ltr'>jecorum</span> <span class='ocrx_word' id='word_1_92' title='bbox 1401 766 1518 817; x_wconf 84' lang='lat' dir='ltr'>fissis,</span> <span class='ocrx_word' id='word_1_93' title='bbox 1533 778 1599 826; x_wconf 75' lang='lat'>52</span> 
     </span>
     <span class='ocr_line' id='line_1_12' title="bbox 92 822 1520 878; baseline -0.004 -11"><span class='ocrx_word' id='word_1_94' title='bbox 92 836 166 867; x_wconf 86' lang='lat' dir='ltr'>aut</span> <span class='ocrx_word' id='word_1_95' title='bbox 194 827 331 867; x_wconf 83' lang='lat' dir='ltr'>avium</span> <span class='ocrx_word' id='word_1_96' title='bbox 363 825 553 865; x_wconf 81' lang='lat' dir='ltr'>cantibus</span> <span class='ocrx_word' id='word_1_97' title='bbox 584 824 780 864; x_wconf 78' lang='lat' dir='ltr'>interesse</span> <span class='ocrx_word' id='word_1_98' title='bbox 813 822 968 864; x_wconf 88' lang='lat' dir='ltr'>deum:</span> <span class='ocrx_word' id='word_1_99' title='bbox 1000 837 1134 878; x_wconf 90' lang='lat' dir='ltr'>neque</span> <span class='ocrx_word' id='word_1_100' title='bbox 1172 823 1282 863; x_wconf 91' lang='lat' dir='ltr'>enim</span> <span class='ocrx_word' id='word_1_101' title='bbox 1319 822 1520 863; x_wconf 89' lang='lat' dir='ltr'>decorum</span> 
     </span>
     <span class='ocr_line' id='line_1_13' title="bbox 93 878 1524 936; baseline -0.002 -13"><span class='ocrx_word' id='word_1_102' title='bbox 93 891 171 933; x_wconf 81' lang='lat' dir='ltr'>est,</span> <span class='ocrx_word' id='word_1_103' title='bbox 203 897 276 922; x_wconf 88' lang='lat' dir='ltr'>nec</span> <span class='ocrx_word' id='word_1_104' title='bbox 308 881 386 923; x_wconf 91' lang='lat' dir='ltr'>diis</span> <span class='ocrx_word' id='word_1_105' title='bbox 415 881 607 936; x_wconf 81' lang='lat' dir='ltr'>dignum,</span> <span class='ocrx_word' id='word_1_106' title='bbox 638 894 714 920; x_wconf 91' lang='lat' dir='ltr'>nec</span> <span class='ocrx_word' id='word_1_107' title='bbox 746 879 830 919; x_wconf 85' lang='lat' dir='ltr'>fieri</span> <span class='ocrx_word' id='word_1_108' title='bbox 859 880 947 919; x_wconf 86' lang='lat' dir='ltr'>ullo</span> <span class='ocrx_word' id='word_1_109' title='bbox 977 888 1102 934; x_wconf 90' lang='lat' dir='ltr'>pacto</span> <span class='ocrx_word' id='word_1_110' title='bbox 1130 888 1296 934; x_wconf 83' lang='lat' dir='ltr'>potest:</span> <span class='ocrx_word' id='word_1_111' title='bbox 1329 878 1480 920; x_wconf 89' lang='lat' dir='ltr'>sedita</span> <span class='ocrx_word' id='word_1_112' title='bbox 1499 894 1524 920; x_wconf 85' lang='lat' dir='ltr'>a</span> 
     </span>
     <span class='ocr_line' id='line_1_14' title="bbox 91 935 1525 994; baseline -0.002 -15"><span class='ocrx_word' id='word_1_113' title='bbox 91 939 298 994; x_wconf 86' lang='lat' dir='ltr'>principio</span> <span class='ocrx_word' id='word_1_114' title='bbox 336 938 581 978; x_wconf 87' lang='lat' dir='ltr'>inchoatum</span> <span class='ocrx_word' id='word_1_115' title='bbox 620 950 709 976; x_wconf 90' lang='lat' dir='ltr'>esse</span> <span class='ocrx_word' id='word_1_116' title='bbox 751 935 973 984; x_wconf 88' lang='lat' dir='ltr'>mundum,</span> <span class='ocrx_word' id='word_1_117' title='bbox 1014 944 1060 975; x_wconf 92' lang='lat' dir='ltr'>ut</span> <span class='ocrx_word' id='word_1_118' title='bbox 1094 935 1215 975; x_wconf 86' lang='lat' dir='ltr'>certis</span> <span class='ocrx_word' id='word_1_119' title='bbox 1256 936 1378 976; x_wconf 88' lang='lat' dir='ltr'>rebus</span> <span class='ocrx_word' id='word_1_120' title='bbox 1410 944 1525 977; x_wconf 86' lang='lat' dir='ltr'>certa</span> 
     </span>
     <span class='ocr_line' id='line_1_15' title="bbox 94 991 1524 1050; baseline -0.002 -14"><span class='ocrx_word' id='word_1_121' title='bbox 94 995 215 1050; x_wconf 81' lang='lat' dir='ltr'>signa</span> <span class='ocrx_word' id='word_1_122' title='bbox 244 1002 558 1050; x_wconf 84' lang='lat' dir='ltr'>praecurrerent,</span> <span class='ocrx_word' id='word_1_123' title='bbox 591 992 671 1032; x_wconf 84' lang='lat' dir='ltr'>alia</span> <span class='ocrx_word' id='word_1_124' title='bbox 703 992 742 1031; x_wconf 92' lang='lat' dir='ltr'>in</span> <span class='ocrx_word' id='word_1_125' title='bbox 772 992 890 1040; x_wconf 83' lang='lat' dir='ltr'>extis,</span> <span class='ocrx_word' id='word_1_126' title='bbox 912 991 993 1031; x_wconf 88' lang='lat' dir='ltr'>alia</span> <span class='ocrx_word' id='word_1_127' title='bbox 1020 991 1061 1031; x_wconf 91' lang='lat' dir='ltr'>in</span> <span class='ocrx_word' id='word_1_128' title='bbox 1090 992 1248 1041; x_wconf 88' lang='lat' dir='ltr'>avibus,</span> <span class='ocrx_word' id='word_1_129' title='bbox 1270 992 1351 1032; x_wconf 86' lang='lat' dir='ltr'>alia</span> <span class='ocrx_word' id='word_1_130' title='bbox 1376 992 1416 1033; x_wconf 91' lang='lat' dir='ltr'>in</span> <span class='ocrx_word' id='word_1_131' title='bbox 1440 993 1524 1033; x_wconf 83' lang='lat' dir='ltr'>ful-</span> 
     </span>
     <span class='ocr_line' id='line_1_16' title="bbox 94 1047 1524 1106; baseline -0.001 -14"><span class='ocrx_word' id='word_1_132' title='bbox 94 1051 285 1106; x_wconf 81' lang='lat' dir='ltr'>guribus,</span> <span class='ocrx_word' id='word_1_133' title='bbox 318 1049 398 1091; x_wconf 76' lang='lat' dir='ltr'>alia</span> <span class='ocrx_word' id='word_1_134' title='bbox 426 1049 467 1089; x_wconf 90' lang='lat' dir='ltr'>in</span> <span class='ocrx_word' id='word_1_135' title='bbox 495 1048 686 1099; x_wconf 84' lang='lat' dir='ltr'>ostentis,</span> <span class='ocrx_word' id='word_1_136' title='bbox 717 1047 798 1088; x_wconf 85' lang='lat' dir='ltr'>alia</span> <span class='ocrx_word' id='word_1_137' title='bbox 826 1049 867 1088; x_wconf 91' lang='lat' dir='ltr'>in</span> <span class='ocrx_word' id='word_1_138' title='bbox 897 1047 1040 1097; x_wconf 84' lang='lat' dir='ltr'>stellis,</span> <span class='ocrx_word' id='word_1_139' title='bbox 1060 1048 1141 1088; x_wconf 85' lang='lat' dir='ltr'>alia</span> <span class='ocrx_word' id='word_1_140' title='bbox 1160 1048 1202 1088; x_wconf 90' lang='lat' dir='ltr'>in</span> <span class='ocrx_word' id='word_1_141' title='bbox 1224 1049 1524 1090; x_wconf 75' lang='lat' dir='ltr'>somniantium</span> 
     </span>
     <span class='ocr_line' id='line_1_17' title="bbox 95 1104 1526 1160; baseline 0 -14"><span class='ocrx_word' id='word_1_142' title='bbox 95 1107 204 1158; x_wconf 68' lang='lat' dir='ltr'>visis,</span> <span class='ocrx_word' id='word_1_143' title='bbox 236 1106 315 1148; x_wconf 86' lang='lat' dir='ltr'>alia</span> <span class='ocrx_word' id='word_1_144' title='bbox 343 1106 385 1146; x_wconf 90' lang='lat' dir='ltr'>in</span> <span class='ocrx_word' id='word_1_145' title='bbox 416 1105 643 1146; x_wconf 75' lang='lat' dir='ltr'>furentium</span> <span class='ocrx_word' id='word_1_146' title='bbox 673 1104 860 1145; x_wconf 84' lang='lat' dir='ltr'>vocibus.</span> <span class='ocrx_word' id='word_1_147' title='bbox 919 1105 980 1144; x_wconf 89' lang='lat' dir='ltr'>Ea</span> <span class='ocrx_word' id='word_1_148' title='bbox 1010 1104 1161 1159; x_wconf 88' lang='lat' dir='ltr'>quibus</span> <span class='ocrx_word' id='word_1_149' title='bbox 1193 1105 1299 1145; x_wconf 88' lang='lat' dir='ltr'>bene</span> <span class='ocrx_word' id='word_1_150' title='bbox 1329 1115 1526 1160; x_wconf 86' lang='lat' dir='ltr'>percepta</span> 
     </span>
     <span class='ocr_line' id='line_1_18' title="bbox 95 1159 1527 1217; baseline -0.002 -13"><span class='ocrx_word' id='word_1_151' title='bbox 95 1172 208 1213; x_wconf 83' lang='lat' dir='ltr'>sunt,</span> <span class='ocrx_word' id='word_1_152' title='bbox 237 1163 266 1204; x_wconf 90' lang='lat' dir='ltr'>ii</span> <span class='ocrx_word' id='word_1_153' title='bbox 295 1177 379 1203; x_wconf 90' lang='lat' dir='ltr'>non</span> <span class='ocrx_word' id='word_1_154' title='bbox 410 1176 520 1216; x_wconf 85' lang='lat' dir='ltr'>saepe</span> <span class='ocrx_word' id='word_1_155' title='bbox 549 1161 764 1202; x_wconf 88' lang='lat' dir='ltr'>falluntur.</span> <span class='ocrx_word' id='word_1_156' title='bbox 824 1159 941 1201; x_wconf 84' lang='lat' dir='ltr'>Male</span> <span class='ocrx_word' id='word_1_157' title='bbox 962 1160 1154 1217; x_wconf 88' lang='lat' dir='ltr'>conjecta</span> <span class='ocrx_word' id='word_1_158' title='bbox 1177 1162 1370 1216; x_wconf 89' lang='lat' dir='ltr'>maleque</span> <span class='ocrx_word' id='word_1_159' title='bbox 1400 1162 1527 1202; x_wconf 83' lang='lat' dir='ltr'>inter-</span> 
     </span>
     <span class='ocr_line' id='line_1_19' title="bbox 94 1217 1525 1274; baseline -0.003 -13"><span class='ocrx_word' id='word_1_160' title='bbox 94 1228 272 1274; x_wconf 78' lang='lat' dir='ltr'>pretata,</span> <span class='ocrx_word' id='word_1_161' title='bbox 290 1219 394 1260; x_wconf 85' lang='lat' dir='ltr'>falsa</span> <span class='ocrx_word' id='word_1_162' title='bbox 413 1226 524 1268; x_wconf 85' lang='lat' dir='ltr'>sunt,</span> <span class='ocrx_word' id='word_1_163' title='bbox 547 1233 631 1258; x_wconf 92' lang='lat' dir='ltr'>non</span> <span class='ocrx_word' id='word_1_164' title='bbox 652 1232 788 1258; x_wconf 87' lang='lat' dir='ltr'>rerum</span> <span class='ocrx_word' id='word_1_165' title='bbox 810 1217 925 1267; x_wconf 87' lang='lat' dir='ltr'>vitio,</span> <span class='ocrx_word' id='word_1_166' title='bbox 946 1217 1019 1258; x_wconf 90' lang='lat' dir='ltr'>sed</span> <span class='ocrx_word' id='word_1_167' title='bbox 1050 1217 1324 1273; x_wconf 83' lang='lat' dir='ltr'>interpretum</span> <span class='ocrx_word' id='word_1_168' title='bbox 1346 1217 1525 1260; x_wconf 88' lang='lat' dir='ltr'>inscien-</span> 
     </span>
     <span class='ocr_line' id='line_1_20' title="bbox 95 1274 1524 1330; baseline 0.001 -14"><span class='ocrx_word' id='word_1_169' title='bbox 95 1277 168 1316; x_wconf 86' lang='lat' dir='ltr'>tia.</span> <span class='ocrx_word' id='word_1_170' title='bbox 228 1277 325 1316; x_wconf 93' lang='lat' dir='ltr'>Hoc</span> <span class='ocrx_word' id='word_1_171' title='bbox 356 1284 495 1315; x_wconf 86' lang='lat' dir='ltr'>autem</span> <span class='ocrx_word' id='word_1_172' title='bbox 530 1275 669 1329; x_wconf 90' lang='lat' dir='ltr'>posito</span> <span class='ocrx_word' id='word_1_173' title='bbox 700 1283 825 1329; x_wconf 88' lang='lat' dir='ltr'>atque</span> <span class='ocrx_word' id='word_1_174' title='bbox 857 1287 1069 1325; x_wconf 86' lang='lat' dir='ltr'>concesso,</span> <span class='ocrx_word' id='word_1_175' title='bbox 1092 1289 1183 1315; x_wconf 89' lang='lat' dir='ltr'>esse</span> <span class='ocrx_word' id='word_1_176' title='bbox 1210 1276 1420 1330; x_wconf 85' lang='lat' dir='ltr'>quandam</span> <span class='ocrx_word' id='word_1_177' title='bbox 1441 1274 1524 1316; x_wconf 90' lang='lat' dir='ltr'>vim</span> 
     </span>
     <span class='ocr_line' id='line_1_21' title="bbox 95 1331 1653 1388; baseline 0.001 -16"><span class='ocrx_word' id='word_1_178' title='bbox 95 1331 291 1382; x_wconf 84' lang='lat' dir='ltr'>divinam,</span> <span class='ocrx_word' id='word_1_179' title='bbox 313 1332 530 1372; x_wconf 90' lang='lat' dir='ltr'>hominum</span> <span class='ocrx_word' id='word_1_180' title='bbox 556 1332 679 1371; x_wconf 83' lang='lat' dir='ltr'>vitam</span> <span class='ocrx_word' id='word_1_181' title='bbox 700 1331 980 1371; x_wconf 84' lang='lat' dir='ltr'>continentem</span> <span class='ocrx_word' id='word_1_182' title='bbox 1001 1347 1010 1369; x_wconf 76' lang='grc' dir='ltr'>ε</span> <span class='ocrx_word' id='word_1_183' title='bbox 1043 1346 1125 1371; x_wconf 91' lang='lat' dir='ltr'>non</span> <span class='ocrx_word' id='word_1_184' title='bbox 1147 1331 1312 1373; x_wconf 86' lang='lat' dir='ltr'>difficile</span> <span class='ocrx_word' id='word_1_185' title='bbox 1331 1341 1407 1382; x_wconf 86' lang='lat' dir='ltr'>est,</span> <span class='ocrx_word' id='word_1_186' title='bbox 1430 1348 1522 1388; x_wconf 85' lang='lat' dir='ltr'>quae</span> <span class='ocrx_word' id='word_1_187' title='bbox 1533 1346 1566 1376; x_wconf 80' lang='lat' dir='ltr'>P·</span> <span class='ocrx_word' id='word_1_188' title='bbox 1583 1343 1653 1367; x_wconf 82' lang='lat'><strong>10⁵·</strong></span> 
     </span>
     <span class='ocr_line' id='line_1_22' title="bbox 98 1387 1570 1442; baseline 0.002 -14"><span class='ocrx_word' id='word_1_189' title='bbox 98 1388 185 1430; x_wconf 85' lang='lat' dir='ltr'>fieri</span> <span class='ocrx_word' id='word_1_190' title='bbox 218 1398 330 1430; x_wconf 87' lang='lat' dir='ltr'>certe</span> <span class='ocrx_word' id='word_1_191' title='bbox 357 1388 560 1437; x_wconf 77' lang='lat' dir='ltr'>videmus,</span> <span class='ocrx_word' id='word_1_192' title='bbox 582 1402 630 1427; x_wconf 82' lang='lat' dir='ltr'>ea</span> <span class='ocrx_word' id='word_1_193' title='bbox 659 1401 741 1442; x_wconf 89' lang='lat' dir='ltr'>qua</span> <span class='ocrx_word' id='word_1_194' title='bbox 761 1387 920 1427; x_wconf 86' lang='lat' dir='ltr'>ratione</span> <span class='ocrx_word' id='word_1_195' title='bbox 941 1387 1053 1438; x_wconf 83' lang='lat' dir='ltr'>fiant,</span> <span class='ocrx_word' id='word_1_196' title='bbox 1076 1389 1290 1442; x_wconf 87' lang='lat' dir='ltr'>suspicari.</span> <span class='ocrx_word' id='word_1_197' title='bbox 1347 1391 1462 1430; x_wconf 85' lang='lat' dir='ltr'>Nam</span> <span class='ocrx_word' id='word_1_198' title='bbox 1485 1389 1570 1431; x_wconf 69' lang='lat' dir='ltr'>eta·</span> 
     </span>
     <span class='ocr_line' id='line_1_23' title="bbox 97 1442 1529 1500; baseline 0.001 -16"><span class='ocrx_word' id='word_1_199' title='bbox 97 1445 153 1485; x_wconf 87' lang='lat' dir='ltr'>ad</span> <span class='ocrx_word' id='word_1_200' title='bbox 174 1445 354 1486; x_wconf 81' lang='lat' dir='ltr'>hostiam</span> <span class='ocrx_word' id='word_1_201' title='bbox 376 1443 642 1499; x_wconf 80' lang='lat' dir='ltr'>deligendam</span> <span class='ocrx_word' id='word_1_202' title='bbox 663 1452 801 1498; x_wconf 86' lang='lat' dir='ltr'>potest</span> <span class='ocrx_word' id='word_1_203' title='bbox 823 1442 905 1483; x_wconf 87' lang='lat' dir='ltr'>dux</span> <span class='ocrx_word' id='word_1_204' title='bbox 926 1457 1015 1483; x_wconf 84' lang='lat' dir='ltr'>esse</span> <span class='ocrx_word' id='word_1_205' title='bbox 1040 1444 1096 1484; x_wconf 87' lang='lat' dir='ltr'>vis</span> <span class='ocrx_word' id='word_1_206' title='bbox 1117 1445 1310 1500; x_wconf 78' lang='lat' dir='ltr'>quaedam</span> <span class='ocrx_word' id='word_1_207' title='bbox 1333 1446 1529 1497; x_wconf 79' lang='lat' dir='ltr'>sentiens,</span> 
     </span>
     <span class='ocr_line' id='line_1_24' title="bbox 100 1499 1530 1557; baseline 0.001 -15"><span class='ocrx_word' id='word_1_208' title='bbox 100 1516 194 1557; x_wconf 86' lang='lat' dir='ltr'>quae</span> <span class='ocrx_word' id='word_1_209' title='bbox 216 1510 279 1542; x_wconf 88' lang='lat' dir='ltr'>est</span> <span class='ocrx_word' id='word_1_210' title='bbox 299 1509 391 1542; x_wconf 85' lang='lat' dir='ltr'>toto</span> <span class='ocrx_word' id='word_1_211' title='bbox 421 1500 598 1541; x_wconf 86' lang='lat' dir='ltr'>confusa</span> <span class='ocrx_word' id='word_1_212' title='bbox 626 1499 786 1540; x_wconf 90' lang='lat' dir='ltr'>mundo</span> <span class='ocrx_word' id='word_1_213' title='bbox 808 1516 816 1540; x_wconf 77' lang='grc' dir='ltr'>ε</span> <span class='ocrx_word' id='word_1_214' title='bbox 848 1509 890 1540; x_wconf 88' lang='grc' dir='ltr'>θῖ</span> <span class='ocrx_word' id='word_1_215' title='bbox 910 1509 1016 1549; x_wconf 83' lang='lat' dir='ltr'>tum,</span> <span class='ocrx_word' id='word_1_216' title='bbox 1037 1501 1169 1555; x_wconf 83' lang='lat' dir='ltr'>ipsam</span> <span class='ocrx_word' id='word_1_217' title='bbox 1191 1516 1286 1542; x_wconf 86' lang='lat' dir='ltr'>cum</span> <span class='ocrx_word' id='word_1_218' title='bbox 1309 1502 1530 1543; x_wconf 86' lang='lat' dir='ltr'>immolare</span> 
     </span>
     <span class='ocr_line' id='line_1_25' title="bbox 99 1556 1533 1614; baseline 0.002 -17"><span class='ocrx_word' id='word_1_219' title='bbox 99 1557 214 1607; x_wconf 82' lang='lat' dir='ltr'>velis,</span> <span class='ocrx_word' id='word_1_220' title='bbox 248 1567 440 1598; x_wconf 83' lang='lat' dir='ltr'>extorum</span> <span class='ocrx_word' id='word_1_221' title='bbox 475 1556 560 1597; x_wconf 91' lang='lat' dir='ltr'>fieri</span> <span class='ocrx_word' id='word_1_222' title='bbox 589 1556 767 1597; x_wconf 86' lang='lat' dir='ltr'>mutatio</span> <span class='ocrx_word' id='word_1_223' title='bbox 795 1563 948 1611; x_wconf 79' lang='lat' dir='ltr'>potest,</span> <span class='ocrx_word' id='word_1_224' title='bbox 970 1566 1016 1597; x_wconf 88' lang='lat' dir='ltr'>ut</span> <span class='ocrx_word' id='word_1_225' title='bbox 1043 1566 1116 1598; x_wconf 86' lang='lat' dir='ltr'>aut</span> <span class='ocrx_word' id='word_1_226' title='bbox 1141 1558 1249 1598; x_wconf 88' lang='lat' dir='ltr'>absit</span> <span class='ocrx_word' id='word_1_227' title='bbox 1266 1558 1437 1614; x_wconf 83' lang='lat' dir='ltr'>aliquid,</span> <span class='ocrx_word' id='word_1_228' title='bbox 1459 1569 1533 1600; x_wconf 87' lang='lat' dir='ltr'>aut</span> 
     </span>
     <span class='ocr_line' id='line_1_26' title="bbox 102 1613 1531 1670; baseline 0.001 -16"><span class='ocrx_word' id='word_1_229' title='bbox 102 1614 294 1668; x_wconf 85' lang='lat' dir='ltr'>supersit.</span> <span class='ocrx_word' id='word_1_230' title='bbox 318 1614 449 1668; x_wconf 82' lang='lat' dir='ltr'>parvis</span> <span class='ocrx_word' id='word_1_231' title='bbox 470 1613 581 1653; x_wconf 89' lang='lat' dir='ltr'>enim</span> <span class='ocrx_word' id='word_1_232' title='bbox 601 1613 827 1654; x_wconf 88' lang='lat' dir='ltr'>momentis</span> <span class='ocrx_word' id='word_1_233' title='bbox 848 1613 982 1652; x_wconf 81' lang='lat' dir='ltr'>multa</span> <span class='ocrx_word' id='word_1_234' title='bbox 1001 1622 1148 1654; x_wconf 88' lang='lat' dir='ltr'>natura</span> <span class='ocrx_word' id='word_1_235' title='bbox 1168 1624 1239 1655; x_wconf 88' lang='lat' dir='ltr'>aut</span> <span class='ocrx_word' id='word_1_236' title='bbox 1260 1615 1436 1670; x_wconf 83' lang='lat' dir='ltr'>affingit,</span> <span class='ocrx_word' id='word_1_237' title='bbox 1458 1624 1531 1656; x_wconf 87' lang='lat' dir='ltr'>aut</span> 
     </span>
     <span class='ocr_line' id='line_1_27' title="bbox 102 1668 1620 1725; baseline 0.002 -14"><span class='ocrx_word' id='word_1_238' title='bbox 102 1679 253 1720; x_wconf 82' lang='lat' dir='ltr'>mutat,</span> <span class='ocrx_word' id='word_1_239' title='bbox 284 1679 357 1709; x_wconf 83' lang='lat' dir='ltr'>aut</span> <span class='ocrx_word' id='word_1_240' title='bbox 385 1669 579 1710; x_wconf 81' lang='lat' dir='ltr'>detrahit.</span> <span class='ocrx_word' id='word_1_241' title='bbox 639 1668 768 1724; x_wconf 70' lang='lat' dir='ltr'>Quod</span> <span class='ocrx_word' id='word_1_242' title='bbox 799 1683 850 1709; x_wconf 85' lang='lat' dir='ltr'>ne</span> <span class='ocrx_word' id='word_1_243' title='bbox 880 1669 1070 1709; x_wconf 86' lang='lat' dir='ltr'>dubitare</span> <span class='ocrx_word' id='word_1_244' title='bbox 1100 1671 1324 1725; x_wconf 85' lang='lat' dir='ltr'>possimus,</span> <span class='ocrx_word' id='word_1_245' title='bbox 1347 1672 1530 1713; x_wconf 86' lang='lat' dir='ltr'>maximo</span> <span class='ocrx_word' id='word_1_246' title='bbox 1546 1683 1620 1723; x_wconf 84' lang='lat'>119</span> 
     </span>
     <span class='ocr_line' id='line_1_28' title="bbox 102 1725 1534 1781; baseline 0.002 -15"><span class='ocrx_word' id='word_1_247' title='bbox 102 1735 165 1767; x_wconf 89' lang='lat' dir='ltr'>est</span> <span class='ocrx_word' id='word_1_248' title='bbox 194 1735 459 1781; x_wconf 83' lang='lat' dir='ltr'>argumento,</span> <span class='ocrx_word' id='word_1_249' title='bbox 491 1725 605 1781; x_wconf 86' lang='lat' dir='ltr'>quod</span> <span class='ocrx_word' id='word_1_250' title='bbox 637 1734 674 1756; x_wconf 78' lang='lat'>58</span> <span class='ocrx_word' id='word_1_251' title='bbox 689 1725 831 1780; x_wconf 89' lang='lat' dir='ltr'>paullo</span> <span class='ocrx_word' id='word_1_252' title='bbox 861 1734 956 1765; x_wconf 80' lang='lat' dir='ltr'>ante</span> <span class='ocrx_word' id='word_1_253' title='bbox 985 1725 1198 1767; x_wconf 84' lang='lat' dir='ltr'>interitum</span> <span class='ocrx_word' id='word_1_254' title='bbox 1233 1727 1411 1768; x_wconf 83' lang='lat' dir='ltr'>Caesaris</span> <span class='ocrx_word' id='word_1_255' title='bbox 1432 1743 1534 1769; x_wconf 87' lang='lat' dir='ltr'>con-</span> 
     </span>
     <span class='ocr_line' id='line_1_29' title="bbox 104 1781 1535 1837; baseline 0.003 -15"><span class='ocrx_word' id='word_1_256' title='bbox 104 1782 202 1837; x_wconf 87' lang='lat' dir='ltr'>tigit</span> <span class='ocrx_word' id='word_1_257' title='bbox 221 1799 230 1823; x_wconf 75' lang='grc' dir='ltr'><strong>ι</strong></span> <span class='ocrx_word' id='word_1_258' title='bbox 257 1783 328 1837; x_wconf 90' lang='lat' dir='ltr'>qui</span> <span class='ocrx_word' id='word_1_259' title='bbox 350 1797 444 1822; x_wconf 88' lang='lat' dir='ltr'>cum</span> <span class='ocrx_word' id='word_1_260' title='bbox 468 1781 707 1823; x_wconf 82' lang='lat' dir='ltr'>immolaret</span> <span class='ocrx_word' id='word_1_261' title='bbox 724 1781 796 1822; x_wconf 94' lang='lat' dir='ltr'>illo</span> <span class='ocrx_word' id='word_1_262' title='bbox 812 1781 891 1832; x_wconf 84' lang='lat' dir='ltr'>die,</span> <span class='ocrx_word' id='word_1_263' title='bbox 913 1796 998 1837; x_wconf 90' lang='lat' dir='ltr'>quo</span> <span class='ocrx_word' id='word_1_264' title='bbox 1018 1783 1201 1837; x_wconf 87' lang='lat' dir='ltr'>primum</span> <span class='ocrx_word' id='word_1_265' title='bbox 1223 1784 1265 1824; x_wconf 90' lang='lat' dir='ltr'>in</span> <span class='ocrx_word' id='word_1_266' title='bbox 1288 1784 1390 1825; x_wconf 89' lang='lat' dir='ltr'>sella</span> <span class='ocrx_word' id='word_1_267' title='bbox 1410 1799 1535 1826; x_wconf 81' lang='lat' dir='ltr'>aurea</span> 
     </span>
     <span class='ocr_line' id='line_1_30' title="bbox 105 1838 1536 1897; baseline 0.003 -18"><span class='ocrx_word' id='word_1_268' title='bbox 105 1839 228 1889; x_wconf 79' lang='lat' dir='ltr'>sedit,</span> <span class='ocrx_word' id='word_1_269' title='bbox 259 1847 302 1878; x_wconf 89' lang='lat' dir='ltr'>et</span> <span class='ocrx_word' id='word_1_270' title='bbox 331 1853 428 1878; x_wconf 89' lang='lat' dir='ltr'>eum</span> <span class='ocrx_word' id='word_1_271' title='bbox 458 1852 665 1893; x_wconf 88' lang='lat' dir='ltr'>purpurea</span> <span class='ocrx_word' id='word_1_272' title='bbox 693 1848 804 1878; x_wconf 83' lang='lat' dir='ltr'>veste</span> <span class='ocrx_word' id='word_1_273' title='bbox 833 1838 1048 1892; x_wconf 84' lang='lat' dir='ltr'>processit,</span> <span class='ocrx_word' id='word_1_274' title='bbox 1080 1839 1122 1879; x_wconf 90' lang='lat' dir='ltr'>in</span> <span class='ocrx_word' id='word_1_275' title='bbox 1141 1840 1246 1881; x_wconf 84' lang='lat' dir='ltr'>extis</span> <span class='ocrx_word' id='word_1_276' title='bbox 1267 1841 1382 1881; x_wconf 86' lang='lat' dir='ltr'>bovis</span> <span class='ocrx_word' id='word_1_277' title='bbox 1405 1842 1536 1897; x_wconf 88' lang='lat' dir='ltr'>opimi</span> 
     </span>
     <span class='ocr_line' id='line_1_31' title="bbox 106 1894 1538 1952; baseline 0.003 -17"><span class='ocrx_word' id='word_1_278' title='bbox 106 1910 179 1935; x_wconf 87' lang='lat' dir='ltr'>cor</span> <span class='ocrx_word' id='word_1_279' title='bbox 209 1910 292 1935; x_wconf 86' lang='lat' dir='ltr'>non</span> <span class='ocrx_word' id='word_1_280' title='bbox 322 1895 414 1935; x_wconf 79' lang='lat' dir='ltr'>fuit.</span> <span class='ocrx_word' id='word_1_281' title='bbox 472 1896 590 1935; x_wconf 88' lang='lat' dir='ltr'>Num</span> <span class='ocrx_word' id='word_1_282' title='bbox 621 1894 751 1949; x_wconf 83' lang='lat' dir='ltr'>igitur</span> <span class='ocrx_word' id='word_1_283' title='bbox 781 1908 924 1934; x_wconf 87' lang='lat' dir='ltr'>censes</span> <span class='ocrx_word' id='word_1_284' title='bbox 955 1894 1089 1935; x_wconf 87' lang='lat' dir='ltr'>ullum</span> <span class='ocrx_word' id='word_1_285' title='bbox 1116 1896 1284 1947; x_wconf 80' lang='lat' dir='ltr'>animal,</span> <span class='ocrx_word' id='word_1_286' title='bbox 1307 1897 1420 1952; x_wconf 91' lang='lat' dir='ltr'>quod</span> <span class='ocrx_word' id='word_1_287' title='bbox 1441 1913 1538 1939; x_wconf 88' lang='lat' dir='ltr'>san-</span> 
     </span>
     <span class='ocr_line' id='line_1_32' title="bbox 107 1950 1535 2006; baseline 0.003 -15"><span class='ocrx_word' id='word_1_288' title='bbox 107 1952 280 2006; x_wconf 83' lang='lat' dir='ltr'>guinem</span> <span class='ocrx_word' id='word_1_289' title='bbox 309 1951 475 2001; x_wconf 80' lang='lat' dir='ltr'>habeat,</span> <span class='ocrx_word' id='word_1_290' title='bbox 497 1950 584 1990; x_wconf 88' lang='lat' dir='ltr'>sine</span> <span class='ocrx_word' id='word_1_291' title='bbox 613 1950 737 1991; x_wconf 89' lang='lat' dir='ltr'>corde</span> <span class='ocrx_word' id='word_1_292' title='bbox 763 1964 853 1990; x_wconf 87' lang='lat' dir='ltr'>esse</span> <span class='ocrx_word' id='word_1_293' title='bbox 884 1953 1034 2005; x_wconf 83' lang='lat' dir='ltr'>posse?</span> <span class='ocrx_word' id='word_1_294' title='bbox 1068 1967 1150 2006; x_wconf 83' lang='lat' dir='ltr'>qua</span> <span class='ocrx_word' id='word_1_295' title='bbox 1177 1953 1247 1993; x_wconf 86' lang='lat' dir='ltr'>ille</span> <span class='ocrx_word' id='word_1_296' title='bbox 1280 1963 1317 1987; x_wconf 79' lang='lat'>⁵9</span> <span class='ocrx_word' id='word_1_297' title='bbox 1332 1954 1390 1994; x_wconf 89' lang='lat' dir='ltr'>rei</span> <span class='ocrx_word' id='word_1_298' title='bbox 1419 1955 1535 1995; x_wconf 89' lang='lat' dir='ltr'>novi-</span> 
     </span>
     <span class='ocr_line' id='line_1_33' title="bbox 107 2006 1537 2062; baseline 0.003 -14"><span class='ocrx_word' id='word_1_299' title='bbox 107 2017 195 2048; x_wconf 89' lang='lat' dir='ltr'>tate</span> <span class='ocrx_word' id='word_1_300' title='bbox 214 2021 449 2062; x_wconf 83' lang='lat' dir='ltr'>percussus,</span> <span class='ocrx_word' id='word_1_301' title='bbox 471 2021 569 2047; x_wconf 89' lang='lat' dir='ltr'>cum</span> <span class='ocrx_word' id='word_1_302' title='bbox 602 2007 810 2061; x_wconf 83' lang='lat' dir='ltr'>Spurinna</span> <span class='ocrx_word' id='word_1_303' title='bbox 837 2006 1006 2056; x_wconf 85' lang='lat' dir='ltr'>diceret,</span> <span class='ocrx_word' id='word_1_304' title='bbox 1027 2007 1261 2049; x_wconf 89' lang='lat' dir='ltr'>timendum</span> <span class='ocrx_word' id='word_1_305' title='bbox 1290 2024 1394 2061; x_wconf 87' lang='lat' dir='ltr'>esse,</span> <span class='ocrx_word' id='word_1_306' title='bbox 1418 2026 1469 2051; x_wconf 88' lang='lat' dir='ltr'>ne</span> <span class='ocrx_word' id='word_1_307' title='bbox 1494 2021 1537 2052; x_wconf 88' lang='lat' dir='ltr'>et</span> 
     </span>
     <span class='ocr_line' id='line_1_34' title="bbox 109 2062 1537 2122; baseline 0.002 -17"><span class='ocrx_word' id='word_1_308' title='bbox 109 2064 346 2114; x_wconf 77' lang='lat' dir='ltr'>consilium,</span> <span class='ocrx_word' id='word_1_309' title='bbox 372 2072 415 2104; x_wconf 89' lang='lat' dir='ltr'>et</span> <span class='ocrx_word' id='word_1_310' title='bbox 442 2063 525 2103; x_wconf 85' lang='lat' dir='ltr'>vita</span> <span class='ocrx_word' id='word_1_311' title='bbox 556 2062 778 2104; x_wconf 86' lang='lat' dir='ltr'>deficeret:</span> <span class='ocrx_word' id='word_1_312' title='bbox 807 2078 948 2103; x_wconf 83' lang='lat' dir='ltr'>earum</span> <span class='ocrx_word' id='word_1_313' title='bbox 989 2064 1101 2105; x_wconf 80' lang='lat' dir='ltr'>enim</span> <span class='ocrx_word' id='word_1_314' title='bbox 1136 2080 1274 2106; x_wconf 84' lang='lat' dir='ltr'>rerum</span> <span class='ocrx_word' id='word_1_315' title='bbox 1309 2076 1537 2122; x_wconf 85' lang='lat' dir='ltr'>utrumque</span> 
     </span>
    </p>

    <p class='ocr_par' dir='ltr' id='par_1_5' title="bbox 109 2119 1541 2405">
     <span class='ocr_line' id='line_1_35' title="bbox 109 2119 1537 2178; baseline 0.003 -18"><span class='ocrx_word' id='word_1_316' title='bbox 109 2135 134 2161; x_wconf 87' lang='lat' dir='ltr'>a</span> <span class='ocrx_word' id='word_1_317' title='bbox 153 2119 281 2160; x_wconf 88' lang='lat' dir='ltr'>corde</span> <span class='ocrx_word' id='word_1_318' title='bbox 309 2119 513 2174; x_wconf 86' lang='lat' dir='ltr'>proficisci</span> <span class='ocrx_word' id='word_1_319' title='bbox 531 2136 540 2160; x_wconf 91' lang='lat'><strong>:</strong></span> <span class='ocrx_word' id='word_1_320' title='bbox 570 2128 740 2174; x_wconf 83' lang='lat' dir='ltr'>postero</span> <span class='ocrx_word' id='word_1_321' title='bbox 771 2119 836 2159; x_wconf 79' lang='lat' dir='ltr'>die</span> <span class='ocrx_word' id='word_1_322' title='bbox 856 2127 984 2174; x_wconf 79' lang='lat' dir='ltr'>caput</span> <span class='ocrx_word' id='word_1_323' title='bbox 1003 2120 1202 2176; x_wconf 89' lang='lat' dir='ltr'>injecore</span> <span class='ocrx_word' id='word_1_324' title='bbox 1225 2137 1308 2162; x_wconf 89' lang='lat' dir='ltr'>non</span> <span class='ocrx_word' id='word_1_325' title='bbox 1329 2123 1422 2164; x_wconf 86' lang='lat' dir='ltr'>fuit.</span> <span class='ocrx_word' id='word_1_326' title='bbox 1443 2139 1537 2178; x_wconf 88' lang='lat' dir='ltr'>quae</span> 
     </span>
     <span class='ocr_line' id='line_1_36' title="bbox 110 2175 1541 2232; baseline 0.003 -16"><span class='ocrx_word' id='word_1_327' title='bbox 110 2177 282 2232; x_wconf 80' lang='lat' dir='ltr'>quidem</span> <span class='ocrx_word' id='word_1_328' title='bbox 314 2175 374 2216; x_wconf 90' lang='lat' dir='ltr'>illi</span> <span class='ocrx_word' id='word_1_329' title='bbox 406 2175 763 2230; x_wconf 81' lang='lat' dir='ltr'>portendebantur</span> <span class='ocrx_word' id='word_1_330' title='bbox 788 2191 812 2216; x_wconf 87' lang='lat' dir='ltr'>a</span> <span class='ocrx_word' id='word_1_331' title='bbox 844 2175 922 2216; x_wconf 91' lang='lat' dir='ltr'>diis</span> <span class='ocrx_word' id='word_1_332' title='bbox 952 2175 1275 2229; x_wconf 73' lang='lat' dir='ltr'>immortalibus,</span> <span class='ocrx_word' id='word_1_333' title='bbox 1304 2188 1351 2219; x_wconf 89' lang='lat' dir='ltr'>ut</span> <span class='ocrx_word' id='word_1_334' title='bbox 1384 2179 1541 2221; x_wconf 84' lang='lat' dir='ltr'>videret</span> 
     </span>
     <span class='ocr_line' id='line_1_37' title="bbox 110 2232 1540 2288; baseline 0.003 -15"><span class='ocrx_word' id='word_1_335' title='bbox 110 2233 341 2281; x_wconf 88' lang='lat' dir='ltr'>interitum,</span> <span class='ocrx_word' id='word_1_336' title='bbox 373 2247 456 2272; x_wconf 89' lang='lat' dir='ltr'>non</span> <span class='ocrx_word' id='word_1_337' title='bbox 485 2241 533 2273; x_wconf 87' lang='lat' dir='ltr'>ut</span> <span class='ocrx_word' id='word_1_338' title='bbox 562 2243 738 2273; x_wconf 79' lang='lat' dir='ltr'>caveret.</span> <span class='ocrx_word' id='word_1_339' title='bbox 800 2232 911 2273; x_wconf 86' lang='lat' dir='ltr'>Cum</span> <span class='ocrx_word' id='word_1_340' title='bbox 949 2232 1078 2287; x_wconf 75' lang='lat' dir='ltr'>igitur</span> <span class='ocrx_word' id='word_1_341' title='bbox 1106 2247 1164 2273; x_wconf 76' lang='lat' dir='ltr'>eae</span> <span class='ocrx_word' id='word_1_342' title='bbox 1198 2245 1334 2288; x_wconf 81' lang='lat' dir='ltr'>partes</span> <span class='ocrx_word' id='word_1_343' title='bbox 1364 2236 1407 2276; x_wconf 93' lang='lat' dir='ltr'>in</span> <span class='ocrx_word' id='word_1_344' title='bbox 1436 2237 1540 2278; x_wconf 81' lang='lat' dir='ltr'>extis</span> 
     </span>
     <span class='ocr_line' id='line_1_38' title="bbox 113 2288 1538 2348; baseline 0.004 -19"><span class='ocrx_word' id='word_1_345' title='bbox 113 2304 196 2329; x_wconf 89' lang='lat' dir='ltr'>non</span> <span class='ocrx_word' id='word_1_346' title='bbox 226 2288 501 2344; x_wconf 76' lang='lat' dir='ltr'>reperiuntur,</span> <span class='ocrx_word' id='word_1_347' title='bbox 533 2288 619 2328; x_wconf 82' lang='lat' dir='ltr'>sine</span> <span class='ocrx_word' id='word_1_348' title='bbox 650 2289 803 2344; x_wconf 90' lang='lat' dir='ltr'>quibus</span> <span class='ocrx_word' id='word_1_349' title='bbox 837 2288 1004 2329; x_wconf 78' lang='lat' dir='ltr'>victima</span> <span class='ocrx_word' id='word_1_350' title='bbox 1040 2290 1110 2330; x_wconf 79' lang='lat' dir='ltr'>illa</span> <span class='ocrx_word' id='word_1_351' title='bbox 1138 2291 1269 2331; x_wconf 78' lang='lat' dir='ltr'>vivere</span> <span class='ocrx_word' id='word_1_352' title='bbox 1304 2293 1538 2348; x_wconf 86' lang='lat' dir='ltr'>nequisset;</span> 
     </span>
     <span class='ocr_line' id='line_1_39' title="bbox 111 2344 1540 2405; baseline 0.003 -19"><span class='ocrx_word' id='word_1_353' title='bbox 111 2345 432 2400; x_wconf 85' lang='lat' dir='ltr'>intelligendum</span> <span class='ocrx_word' id='word_1_354' title='bbox 460 2353 537 2395; x_wconf 79' lang='lat' dir='ltr'>est,</span> <span class='ocrx_word' id='word_1_355' title='bbox 565 2344 606 2384; x_wconf 90' lang='lat' dir='ltr'>in</span> <span class='ocrx_word' id='word_1_356' title='bbox 634 2345 725 2401; x_wconf 89' lang='lat' dir='ltr'>ipso</span> <span class='ocrx_word' id='word_1_357' title='bbox 756 2345 1056 2386; x_wconf 87' lang='lat' dir='ltr'>immolationis</span> <span class='ocrx_word' id='word_1_358' title='bbox 1088 2356 1277 2403; x_wconf 86' lang='lat' dir='ltr'>tempore</span> <span class='ocrx_word' id='word_1_359' title='bbox 1297 2362 1364 2389; x_wconf 85' lang='lat' dir='ltr'>eas</span> <span class='ocrx_word' id='word_1_360' title='bbox 1386 2358 1540 2405; x_wconf 84' lang='lat' dir='ltr'>parteS‚</span> 
     </span>
    </p>
   </div>
   <div class='ocr_carea' id='block_1_3' title="bbox 118 2488 1544 2917">
    <p class='ocr_par' dir='ltr' id='par_1_6' title="bbox 118 2488 1542 2620">
     <span class='ocr_line' id='line_1_40' title="bbox 161 2488 1541 2534; baseline 0.006 -16"><span class='ocrx_word' id='word_1_361' title='bbox 161 2497 198 2520; x_wconf 85' lang='lat'>55</span> <span class='ocrx_word' id='word_1_362' title='bbox 223 2497 262 2520; x_wconf 75' lang='lat' dir='ltr'>est</span> <span class='ocrx_word' id='word_1_363' title='bbox 291 2488 452 2530; x_wconf 71' lang='lat' dir='ltr'>explicata]</span> <span class='ocrx_word' id='word_1_364' title='bbox 485 2491 596 2520; x_wconf 69' lang='lat' dir='ltr'>Addidi</span> <span class='ocrx_word' id='word_1_365' title='bbox 626 2499 665 2520; x_wconf 77' lang='lat' dir='ltr'>est</span> <span class='ocrx_word' id='word_1_366' title='bbox 695 2501 711 2521; x_wconf 83' lang='lat' dir='ltr'>e</span> <span class='ocrx_word' id='word_1_367' title='bbox 742 2492 805 2522; x_wconf 86' lang='lat' dir='ltr'>MS.</span> <span class='ocrx_word' id='word_1_368' title='bbox 894 2498 931 2521; x_wconf 79' lang='lat'>58</span> <span class='ocrx_word' id='word_1_369' title='bbox 945 2492 1044 2530; x_wconf 81' lang='lat' dir='ltr'>paullo</span> <span class='ocrx_word' id='word_1_370' title='bbox 1060 2500 1126 2521; x_wconf 79' lang='lat' dir='ltr'>ante</span> <span class='ocrx_word' id='word_1_371' title='bbox 1142 2494 1291 2524; x_wconf 67' lang='lat' dir='ltr'>interitum</span> <span class='ocrx_word' id='word_1_372' title='bbox 1318 2493 1369 2534; x_wconf 75' lang='lat' dir='ltr'>C.]</span> <span class='ocrx_word' id='word_1_373' title='bbox 1395 2497 1458 2532; x_wconf 85' lang='lat' dir='ltr'>Sic,</span> <span class='ocrx_word' id='word_1_374' title='bbox 1476 2508 1541 2527; x_wconf 86' lang='lat' dir='ltr'>non</span> 
     </span>
     <span class='ocr_line' id='line_1_41' title="bbox 118 2532 1541 2575; baseline 0.006 -13"><span class='ocrx_word' id='word_1_375' title='bbox 118 2532 224 2562; x_wconf 83' lang='lat' dir='ltr'>Guelf.</span> <span class='ocrx_word' id='word_1_376' title='bbox 248 2534 301 2562; x_wconf 87' lang='lat' dir='ltr'>sed</span> <span class='ocrx_word' id='word_1_377' title='bbox 324 2540 354 2563; x_wconf 85' lang='lat' dir='ltr'>et</span> <span class='ocrx_word' id='word_1_378' title='bbox 375 2534 426 2563; x_wconf 84' lang='lat' dir='ltr'>alii</span> <span class='ocrx_word' id='word_1_379' title='bbox 451 2535 570 2564; x_wconf 79' lang='lat' dir='ltr'>habent</span> <span class='ocrx_word' id='word_1_380' title='bbox 592 2542 621 2564; x_wconf 85' lang='lat' dir='ltr'>et</span> <span class='ocrx_word' id='word_1_381' title='bbox 644 2535 714 2563; x_wconf 86' lang='lat' dir='ltr'>edd.</span> <span class='ocrx_word' id='word_1_382' title='bbox 730 2542 804 2565; x_wconf 88' lang='lat' dir='ltr'>vett.</span> <span class='ocrx_word' id='word_1_383' title='bbox 849 2533 980 2569; x_wconf 75' lang='lat' dir='ltr'>interitu,</span> <span class='ocrx_word' id='word_1_384' title='bbox 994 2542 1029 2565; x_wconf 90' lang='lat' dir='ltr'>ut</span> <span class='ocrx_word' id='word_1_385' title='bbox 1044 2537 1075 2565; x_wconf 90' lang='lat' dir='ltr'>in</span> <span class='ocrx_word' id='word_1_386' title='bbox 1092 2536 1236 2575; x_wconf 54' lang='lat' dir='ltr'>vulgatis,</span> <span class='ocrx_word' id='word_1_387' title='bbox 1252 2539 1345 2567; x_wconf 81' lang='lat' dir='ltr'>habet</span> <span class='ocrx_word' id='word_1_388' title='bbox 1356 2540 1418 2569; x_wconf 86' lang='lat' dir='ltr'>Ms.</span> <span class='ocrx_word' id='word_1_389' title='bbox 1436 2540 1541 2570; x_wconf 81' lang='lat' dir='ltr'>Guelf.</span> 
     </span>
     <span class='ocr_line' id='line_1_42' title="bbox 118 2576 1542 2620; baseline 0.008 -19"><span class='ocrx_word' id='word_1_390' title='bbox 118 2583 153 2606; x_wconf 80' lang='lat' dir='ltr'>ut</span> <span class='ocrx_word' id='word_1_391' title='bbox 168 2576 247 2605; x_wconf 84' lang='lat' dir='ltr'>Ven.</span> <span class='ocrx_word' id='word_1_392' title='bbox 268 2582 357 2607; x_wconf 75' lang='lat'>1494.</span> <span class='ocrx_word' id='word_1_393' title='bbox 850 2578 925 2606; x_wconf 71' lang='lat' dir='ltr'>item</span> <span class='ocrx_word' id='word_1_394' title='bbox 950 2578 1012 2608; x_wconf 61' lang='grc' dir='ltr'>ΜΞ.</span> <span class='ocrx_word' id='word_1_395' title='bbox 1029 2579 1060 2608; x_wconf 86' lang='lat' dir='ltr'>in</span> <span class='ocrx_word' id='word_1_396' title='bbox 1084 2589 1127 2608; x_wconf 91' lang='lat' dir='ltr'>m.</span> <span class='ocrx_word' id='word_1_397' title='bbox 1151 2581 1198 2608; x_wconf 80' lang='lat' dir='ltr'>cd.</span> <span class='ocrx_word' id='word_1_398' title='bbox 1218 2581 1249 2609; x_wconf 94' lang='lat' dir='ltr'>L.</span> <span class='ocrx_word' id='word_1_399' title='bbox 1267 2582 1424 2620; x_wconf 74' lang='lat' dir='ltr'>ediditque</span> <span class='ocrx_word' id='word_1_400' title='bbox 1447 2583 1542 2612; x_wconf 85' lang='lat' dir='ltr'>etiam</span> 
     </span>
    </p>

    <p class='ocr_par' dir='ltr' id='par_1_7' title="bbox 118 2617 1543 2778">
     <span class='ocr_line' id='line_1_43' title="bbox 163 2617 1543 2658; baseline 0.006 -11"><span class='ocrx_word' id='word_1_401' title='bbox 163 2623 200 2648; x_wconf 80' lang='lat'>56</span> <span class='ocrx_word' id='word_1_402' title='bbox 224 2617 453 2656; x_wconf 79' lang='lat' dir='ltr'>distinguendum</span> <span class='ocrx_word' id='word_1_403' title='bbox 469 2618 599 2658; x_wconf 77' lang='lat' dir='ltr'>videtur]</span> <span class='ocrx_word' id='word_1_404' title='bbox 619 2620 746 2650; x_wconf 84' lang='lat' dir='ltr'>Brevius</span> <span class='ocrx_word' id='word_1_405' title='bbox 761 2621 806 2650; x_wconf 91' lang='lat' dir='ltr'>di-</span> <span class='ocrx_word' id='word_1_406' title='bbox 850 2621 941 2649; x_wconf 74' lang='lat' dir='ltr'>tacite</span> <span class='ocrx_word' id='word_1_407' title='bbox 965 2621 1121 2651; x_wconf 79' lang='lat' dir='ltr'>Davisius.</span> <span class='ocrx_word' id='word_1_408' title='bbox 1138 2623 1191 2651; x_wconf 58' lang='lat' dir='ltr'>scd</span> <span class='ocrx_word' id='word_1_409' title='bbox 1214 2624 1258 2652; x_wconf 86' lang='lat' dir='ltr'>sic</span> <span class='ocrx_word' id='word_1_410' title='bbox 1281 2632 1310 2654; x_wconf 86' lang='lat' dir='ltr'>et</span> <span class='ocrx_word' id='word_1_411' title='bbox 1326 2626 1394 2654; x_wconf 85' lang='lat' dir='ltr'>edd.</span> <span class='ocrx_word' id='word_1_412' title='bbox 1417 2632 1490 2655; x_wconf 83' lang='lat' dir='ltr'>vett.</span> <span class='ocrx_word' id='word_1_413' title='bbox 1507 2634 1543 2655; x_wconf 87' lang='lat' dir='ltr'>ut</span> 
     </span>
     <span class='ocr_line' id='line_1_44' title="bbox 119 2661 1540 2701; baseline 0.004 -10"><span class='ocrx_word' id='word_1_414' title='bbox 119 2667 208 2691; x_wconf 89' lang='lat' dir='ltr'>ctum</span> <span class='ocrx_word' id='word_1_415' title='bbox 224 2670 291 2699; x_wconf 86' lang='lat' dir='ltr'>pro,</span> <span class='ocrx_word' id='word_1_416' title='bbox 307 2661 359 2689; x_wconf 86' lang='lat' dir='ltr'>sed</span> <span class='ocrx_word' id='word_1_417' title='bbox 376 2661 593 2699; x_wconf 80' lang='lat' dir='ltr'>distinguenda</span> <span class='ocrx_word' id='word_1_418' title='bbox 608 2670 682 2692; x_wconf 89' lang='lat' dir='ltr'>sunt</span> <span class='ocrx_word' id='word_1_419' title='bbox 695 2672 808 2701; x_wconf 83' lang='lat' dir='ltr'>genera</span> <span class='ocrx_word' id='word_1_420' title='bbox 850 2663 930 2693; x_wconf 89' lang='lat' dir='ltr'>Ven.</span> <span class='ocrx_word' id='word_1_421' title='bbox 951 2671 1040 2696; x_wconf 75' lang='lat'>1494.</span> <span class='ocrx_word' id='word_1_422' title='bbox 1060 2665 1189 2694; x_wconf 79' lang='lat' dir='ltr'>Mediol.</span> <span class='ocrx_word' id='word_1_423' title='bbox 1208 2669 1278 2695; x_wconf 73' lang='lat' dir='ltr'>Asc.</span> <span class='ocrx_word' id='word_1_424' title='bbox 1295 2667 1367 2697; x_wconf 89' lang='lat' dir='ltr'>Ald.</span> <span class='ocrx_word' id='word_1_425' title='bbox 1383 2668 1464 2697; x_wconf 88' lang='lat' dir='ltr'>Vict.</span> <span class='ocrx_word' id='word_1_426' title='bbox 1482 2669 1540 2697; x_wconf 71' lang='grc' dir='ltr'>διε.</span> 
     </span>
     <span class='ocr_line' id='line_1_45' title="bbox 118 2704 1539 2745; baseline 0.004 -12"><span class='ocrx_word' id='word_1_427' title='bbox 118 2704 251 2738; x_wconf 85' lang='lat' dir='ltr'>diversa,</span> <span class='ocrx_word' id='word_1_428' title='bbox 276 2710 306 2732; x_wconf 88' lang='lat' dir='ltr'>et</span> <span class='ocrx_word' id='word_1_429' title='bbox 329 2704 438 2732; x_wconf 68' lang='lat' dir='ltr'>diversi</span> <span class='ocrx_word' id='word_1_430' title='bbox 463 2705 547 2734; x_wconf 91' lang='lat' dir='ltr'>modi</span> <span class='ocrx_word' id='word_1_431' title='bbox 571 2706 808 2745; x_wconf 84' lang='lat' dir='ltr'>significationis</span> <span class='ocrx_word' id='word_1_432' title='bbox 850 2706 928 2735; x_wconf 86' lang='lat' dir='ltr'>forte</span> <span class='ocrx_word' id='word_1_433' title='bbox 951 2716 1024 2736; x_wconf 80' lang='lat' dir='ltr'>casu</span> <span class='ocrx_word' id='word_1_434' title='bbox 1049 2707 1135 2737; x_wconf 84' lang='lat' dir='ltr'>litera</span> <span class='ocrx_word' id='word_1_435' title='bbox 1159 2707 1271 2738; x_wconf 84' lang='lat' dir='ltr'>ultima</span> <span class='ocrx_word' id='word_1_436' title='bbox 1294 2710 1409 2740; x_wconf 84' lang='lat' dir='ltr'>excidit</span> <span class='ocrx_word' id='word_1_437' title='bbox 1432 2711 1463 2740; x_wconf 86' lang='lat' dir='ltr'>in</span> <span class='ocrx_word' id='word_1_438' title='bbox 1494 2711 1539 2739; x_wconf 89' lang='lat' dir='ltr'>ed.</span> 
     </span>
     <span class='ocr_line' id='line_1_46' title="bbox 120 2745 942 2778; baseline 0.004 -3"><span class='ocrx_word' id='word_1_439' title='bbox 120 2747 234 2776; x_wconf 80' lang='lat' dir='ltr'>divinae</span> <span class='ocrx_word' id='word_1_440' title='bbox 250 2745 456 2775; x_wconf 64' lang='lat' dir='ltr'>declarandae.</span> <span class='ocrx_word' id='word_1_441' title='bbox 851 2749 942 2778; x_wconf 86' lang='lat' dir='ltr'>Grut.</span> 
     </span>
    </p>

    <p class='ocr_par' dir='ltr' id='par_1_8' title="bbox 119 2787 1544 2917">
     <span class='ocr_line' id='line_1_47' title="bbox 166 2787 1544 2831; baseline 0.006 -15"><span class='ocrx_word' id='word_1_442' title='bbox 166 2795 200 2823; x_wconf 81' lang='lat'>57</span> <span class='ocrx_word' id='word_1_443' title='bbox 228 2789 306 2817; x_wconf 84' lang='lat' dir='ltr'>Nam</span> <span class='ocrx_word' id='word_1_444' title='bbox 319 2799 370 2816; x_wconf 84' lang='lat' dir='ltr'>non</span> <span class='ocrx_word' id='word_1_445' title='bbox 380 2787 476 2826; x_wconf 73' lang='lat' dir='ltr'>placet</span> <span class='ocrx_word' id='word_1_446' title='bbox 490 2787 555 2827; x_wconf 57' lang='lat' dir='ltr'>SA}</span> <span class='ocrx_word' id='word_1_447' title='bbox 573 2789 686 2820; x_wconf 88' lang='lat' dir='ltr'>Addidi</span> <span class='ocrx_word' id='word_1_448' title='bbox 702 2791 781 2820; x_wconf 87' lang='lat' dir='ltr'>Nam</span> <span class='ocrx_word' id='word_1_449' title='bbox 793 2800 809 2819; x_wconf 83' lang='lat' dir='ltr'>e</span> <span class='ocrx_word' id='word_1_450' title='bbox 897 2799 937 2823; x_wconf 81' lang='lat'>59</span> <span class='ocrx_word' id='word_1_451' title='bbox 960 2792 1000 2820; x_wconf 77' lang='lat' dir='ltr'>rei</span> <span class='ocrx_word' id='word_1_452' title='bbox 1016 2793 1146 2822; x_wconf 78' lang='lat' dir='ltr'>novitate</span> <span class='ocrx_word' id='word_1_453' title='bbox 1158 2791 1316 2831; x_wconf 73' lang='lat' dir='ltr'>perculsus]</span> <span class='ocrx_word' id='word_1_454' title='bbox 1336 2793 1397 2823; x_wconf 85' lang='lat' dir='ltr'>Hie</span> <span class='ocrx_word' id='word_1_455' title='bbox 1407 2795 1473 2823; x_wconf 82' lang='lat' dir='ltr'>sine</span> <span class='ocrx_word' id='word_1_456' title='bbox 1485 2795 1544 2824; x_wconf 90' lang='lat' dir='ltr'>du-</span> 
     </span>
     <span class='ocr_line' id='line_1_48' title="bbox 122 2831 1542 2876; baseline 0.005 -16"><span class='ocrx_word' id='word_1_457' title='bbox 122 2831 186 2861; x_wconf 87' lang='lat' dir='ltr'>Ms.</span> <span class='ocrx_word' id='word_1_458' title='bbox 204 2831 309 2860; x_wconf 83' lang='lat' dir='ltr'>Guelf.</span> <span class='ocrx_word' id='word_1_459' title='bbox 326 2839 355 2861; x_wconf 85' lang='lat' dir='ltr'>et</span> <span class='ocrx_word' id='word_1_460' title='bbox 370 2832 439 2860; x_wconf 86' lang='lat' dir='ltr'>edd.</span> <span class='ocrx_word' id='word_1_461' title='bbox 455 2836 530 2859; x_wconf 78' lang='lat' dir='ltr'>vett.</span> <span class='ocrx_word' id='word_1_462' title='bbox 568 2831 606 2862; x_wconf 89' lang='lat' dir='ltr'>In</span> <span class='ocrx_word' id='word_1_463' title='bbox 622 2833 686 2863; x_wconf 87' lang='lat' dir='ltr'>Ms.</span> <span class='ocrx_word' id='word_1_464' title='bbox 701 2834 812 2873; x_wconf 89' lang='lat' dir='ltr'>reperit</span> <span class='ocrx_word' id='word_1_465' title='bbox 854 2834 905 2862; x_wconf 89' lang='lat' dir='ltr'>bio</span> <span class='ocrx_word' id='word_1_466' title='bbox 935 2833 1106 2872; x_wconf 82' lang='lat' dir='ltr'>legendum</span> <span class='ocrx_word' id='word_1_467' title='bbox 1134 2842 1299 2873; x_wconf 75' lang='lat' dir='ltr'>percussus:</span> <span class='ocrx_word' id='word_1_468' title='bbox 1323 2837 1375 2865; x_wconf 91' lang='lat' dir='ltr'>cui</span> <span class='ocrx_word' id='word_1_469' title='bbox 1401 2846 1482 2876; x_wconf 82' lang='lat' dir='ltr'>saepe</span> <span class='ocrx_word' id='word_1_470' title='bbox 1509 2838 1542 2870; x_wconf 75' lang='lat' dir='ltr'>in</span> 
     </span>
     <span class='ocr_line' id='line_1_49' title="bbox 119 2873 1428 2917; baseline 0.004 -13"><span class='ocrx_word' id='word_1_471' title='bbox 119 2880 151 2905; x_wconf 69' lang='lat' dir='ltr'>et</span> <span class='ocrx_word' id='word_1_472' title='bbox 163 2873 231 2912; x_wconf 86' lang='lat' dir='ltr'>jam</span> <span class='ocrx_word' id='word_1_473' title='bbox 247 2875 361 2914; x_wconf 85' lang='lat' dir='ltr'>recepit</span> <span class='ocrx_word' id='word_1_474' title='bbox 375 2874 533 2904; x_wconf 82' lang='lat' dir='ltr'>Davisius.</span> <span class='ocrx_word' id='word_1_475' title='bbox 854 2875 939 2907; x_wconf 76' lang='lat' dir='ltr'>libris</span> <span class='ocrx_word' id='word_1_476' title='bbox 956 2877 1039 2908; x_wconf 80' lang='lat' dir='ltr'>male</span> <span class='ocrx_word' id='word_1_477' title='bbox 1054 2878 1260 2908; x_wconf 87' lang='lat' dir='ltr'>substitutum</span> <span class='ocrx_word' id='word_1_478' title='bbox 1271 2877 1428 2917; x_wconf 73' lang='lat' dir='ltr'>perculsus,</span> 
     </span>
    </p>
   </div>
  </div>
 </body>
</html>
