1778 3095
219 197 298 233 456
599 197 677 235 DE
704 197 964 237 NATURA
992 200 1260 239 DEORUM

218 303 335 359 quod
356 318 504 345 nomen
533 315 679 361 postea
707 307 831 348 latius
861 307 1010 363 patuit.
1072 309 1160 352 Qui
1190 318 1329 351 autern
1363 310 1519 363 omnia,
1550 325 1644 368 quae

219 360 273 400 ad
309 361 471 402 cultum
504 362 676 404 deorum
714 365 982 419 pertinerent,
1017 364 1238 421 diligenter
1275 374 1564 418 retractarent,
1604 377 1648 410 et

219 425 436 473 tamquam
468 420 715 473 relegerent,
746 430 843 462 sunt
878 421 979 462 dicti
1012 423 1214 477 religiosi,
1244 438 1293 464 ex
1326 423 1568 478 relegendo,
1600 433 1649 465 ut

219 473 434 528 elegantes
455 489 504 515 ex
524 475 733 530 eligendo,
755 483 793 508 86
808 487 1022 532 tamquam
1043 493 1067 518 a
1086 479 1300 534 diligendo
1330 479 1567 534 diligentes,
1595 494 1648 520 ex

219 529 494 586 intelligendo
527 532 820 588 intelligentes.
852 534 915 573 bis
945 534 1056 574 enim
1088 535 1129 575 in
1160 537 1291 577 verbis
1322 537 1519 576 omnibus
1539 536 1650 577 inest

217 587 276 627 vis
306 587 475 642 legendi
510 589 670 639 eadem,
703 605 797 644 quae
828 589 869 629 in
901 589 1113 644 religioso.
1174 594 1238 633 Ita
1267 594 1424 633 factum
1461 601 1524 632 est
1555 599 1592 629 87
1608 591 1652 632 in

220 644 508 697 superstitioso
527 654 569 684 et
586 646 798 700 religioso,
813 645 992 686 alterum
1010 646 1093 687 vitii
1114 662 1281 700 nomen,
1301 649 1479 689 alterum
1501 648 1650 689 laudis.

220 699 287 739 Ac
308 699 411 741 mihi
430 700 572 741 videor
602 703 715 750 satis,
745 711 788 741 et
816 716 906 741 esse
937 702 1053 753 deos,
1082 713 1125 744 et
1156 706 1299 760 quales
1328 715 1481 756 essent,
1510 712 1653 746 osten-

222 755 345 796 disse.

140 806 211 860 529
282 812 521 853 Proximum
551 822 627 863 est,
657 823 703 853 ut
731 813 922 864 doceam,
951 814 1126 856 deorum
1156 816 1414 870 providentia
1442 816 1651 858 mundum

161 880 208 919 73
223 867 514 909 administrari.
547 870 733 923 Magnus
754 885 850 911 sane
864 870 997 922 locus,
1012 880 1053 912 et
1073 886 1097 911 a
1115 871 1273 921 vestris,
1293 873 1436 924 Cotta,
1457 884 1653 915 vexatus:

222 940 271 965 ac
307 924 502 965 nimirum
542 926 759 967 vobiscum
798 942 923 967 omne
966 938 1176 968 certamen
1225 937 1303 969 est.
1362 930 1476 970 Nam
1517 930 1653 980 vobis,

221 981 373 1031 Vellei,
404 981 542 1022 minus
574 991 721 1023 notum
754 993 831 1033 est,
867 984 1227 1039 quemadmodum
1261 985 1448 1041 quidque
1476 986 1655 1027 dicatur.

224 1038 376 1078 Vestra
413 1039 524 1078 enim
563 1039 700 1080 solum
739 1039 893 1095 legitis,
932 1050 1066 1082 vestra
1104 1041 1281 1082 amatis:
1332 1051 1495 1082 ceteros
1531 1056 1659 1082 causa

222 1093 440 1148 incognita
460 1095 764 1137 condemnatis.
793 1097 923 1138 Velut
944 1112 968 1138 a
987 1106 1028 1138 te
1049 1098 1154 1153 ipso,
1175 1097 1370 1139 hesterno
1393 1098 1475 1149 die,
1495 1098 1657 1138 dictum

221 1160 302 1199 est,
321 1165 445 1191 anum
475 1152 689 1193 fatidicam
717 1152 879 1209 πρόνοιαν
909 1169 933 1194 a
963 1153 1114 1208 Stoicis
1144 1154 1301 1205 induci,
1324 1163 1362 1186 88
1382 1154 1440 1208 [id
1457 1163 1534 1206 est,
1556 1168 1657 1209 pro-

220 1206 482 1261 videntiam}
540 1209 668 1264 Quod
700 1223 750 1250 eo
785 1224 923 1250 errore
957 1210 1111 1261 dixisti,
1148 1211 1246 1266 quia
1277 1211 1489 1252 existimas
1517 1211 1571 1252 ab
1591 1209 1659 1251 his

223 1263 527 1317 providentiam
565 1265 665 1320 fingi
699 1267 817 1320 quasi
853 1267 1062 1322 quandam
1096 1267 1217 1308 deam
1255 1267 1525 1322 singularem,
1561 1282 1656 1322 quae

223 1319 428 1360 mundum
452 1335 621 1361 omnem
640 1323 862 1376 gubernet,
884 1332 926 1362 et
946 1332 1067 1378 regat
1089 1340 1098 1364 ε
1131 1323 1203 1364 sed
1224 1322 1266 1363 id
1298 1324 1470 1378 praeeise
1489 1323 1657 1364 dicitur.

162 1383 212 1424 74
227 1377 302 1425 Ut,
324 1376 357 1416 si
386 1378 478 1431 quis
508 1377 633 1428 dieat,
662 1378 985 1419 Atheniensium
1016 1380 1316 1434 rempublicam
1347 1379 1524 1420 consilio
1551 1378 1658 1434 regi,

224 1431 332 1472 desit
364 1432 483 1482 illud,
517 1434 753 1489 Ariopagi:
786 1436 859 1486 sic,
893 1450 989 1476 cum
1021 1436 1214 1486 dicimus,
1245 1435 1504 1491 providentia
1532 1450 1659 1476 mun-

224 1487 327 1529 dum
349 1489 642 1541 administrari,
674 1492 818 1532 deesse
849 1492 1086 1540 arbitrator,
1120 1493 1310 1533 deorum.
1372 1492 1496 1533 Plene
1516 1500 1659 1533 autem

224 1553 268 1586 et
287 1546 470 1600 perfecte
491 1547 552 1587 sic
571 1547 654 1588 dici
682 1548 935 1598 existimato,
960 1549 1219 1604 providentia
1250 1549 1426 1589 deorum
1452 1548 1658 1589 mundum

222 1601 517 1644 administrari.
576 1605 642 1644 Ita
677 1605 803 1645 salem
844 1605 985 1655 istum,
1022 1621 1106 1659 quo
1141 1614 1254 1646 caret
1285 1615 1420 1646 vestra
1452 1605 1579 1655 natio,
1614 1605 1658 1644 in

221 1658 442 1700 irridendis
482 1660 602 1700 nobis
640 1660 817 1702 nolitote
856 1675 1128 1702 consumere:
1169 1671 1212 1702 et
1250 1661 1474 1710 mehercle,
1515 1661 1548 1700 si
1588 1675 1657 1701 me

223 1715 418 1765 audiatis,
449 1730 500 1756 ne
529 1717 798 1771 experiamini
829 1718 1015 1772 quidem.
1073 1720 1175 1759 Non
1208 1718 1356 1758 decet:
1395 1731 1479 1757 non
1512 1716 1658 1758 datum

119 1780 318 1820 p.41.est:
349 1786 431 1812 non
462 1773 651 1826 potestis.
711 1781 750 1807 89
763 1775 857 1815 Nec
891 1788 986 1815 vero
1021 1774 1102 1815 hoc
1130 1774 1173 1814 in
1208 1783 1249 1815 te
1281 1789 1413 1814 unum
1449 1773 1659 1823 convenit,

184 1833 213 1853 a.
227 1828 416 1869 moribus
436 1828 677 1870 domesticis
698 1844 747 1870 ac
767 1838 1004 1871 nostrorum
1027 1831 1247 1871 hominum
1273 1830 1512 1871 urbanitate
1531 1829 1656 1870 lima-

226 1894 347 1925 tum:
379 1885 452 1926 sed
482 1900 580 1926 cum
611 1885 653 1926 in
688 1887 872 1942 reliquos
906 1896 1079 1937 vestros,
1118 1897 1209 1928 tum
1245 1887 1286 1926 in
1326 1901 1424 1927 eum
1459 1886 1657 1937 maxime,

226 1941 299 1996 qui
320 1941 400 1981 ista
419 1942 592 1996 peperit,
626 1942 842 1983 hominem
877 1943 965 1983 sine
1001 1954 1104 1994 arte,
1140 1944 1227 1983 sine
1257 1943 1419 1991 litteris,
1449 1942 1657 1982 insultan-

227 2005 313 2037 tem
349 1998 393 2038 in
431 2013 590 2048 omnes,
630 1999 718 2039 sine
756 1999 949 2039 acumine
988 1999 1091 2050 ullo,
1139 2000 1226 2039 sine
1263 1999 1529 2048 auctoritate,
1569 1998 1658 2038 sine

143 2049 214 2096 30
228 2053 383 2109 lepore.
441 2055 554 2096 Dico
574 2055 704 2110 igitur
721 2055 980 2110 providentia
1000 2056 1178 2097 deorum
1201 2055 1422 2105 mundum,
1443 2064 1487 2095 et
1508 2069 1656 2095 omnes

163 2123 211 2162 75
227 2110 373 2151 mundi
412 2121 549 2165 partes
584 2122 628 2152 et
657 2112 778 2152 initio
814 2112 1061 2153 constitutas
1095 2127 1198 2162 esse,
1232 2122 1275 2153 et
1309 2112 1425 2152 omni
1463 2119 1657 2165 tempore

225 2167 531 2209 administrari:
571 2182 748 2223 eamque
787 2169 1114 2223 disputationem
1153 2178 1234 2209 tres
1269 2168 1312 2209 in
1350 2176 1488 2222 partes
1524 2167 1658 2208 nostri

224 2223 310 2263 fere
330 2223 518 2264 dividunt
534 2239 546 2274 ;
578 2233 617 2258 90
628 2239 805 2280 quarum
827 2239 923 2280 pars
951 2225 1088 2280 prima
1118 2234 1194 2275 est,
1223 2240 1317 2280 quae
1348 2223 1515 2265 ducitur
1535 2223 1588 2264 ab
1609 2237 1659 2264 ea

224 2280 399 2330 ratione,
434 2295 528 2335 quse
560 2280 686 2321 docet
716 2296 806 2321 csse
844 2281 973 2322 deos:
1006 2297 1091 2337 quo
1124 2296 1340 2331 concesso,
1369 2279 1658 2321 confitendum

223 2345 302 2386 est,
343 2351 491 2377 eorum
531 2337 708 2378 consilio
754 2338 960 2378 mundum
1009 2338 1300 2379 administrari.
1359 2336 1553 2377 Secunda
1594 2344 1658 2376 est

224 2401 380 2443 autem,
402 2408 495 2449 quce
517 2393 656 2444 docet,
678 2408 821 2435 omnes
843 2409 905 2435 res
927 2395 1135 2450 subjectas
1157 2408 1245 2435 esse
1267 2402 1425 2434 naturae
1448 2391 1658 2442 sentienti,

269 2510 307 2535 85
332 2513 479 2547 tamquam
504 2519 522 2536 α
546 2507 614 2546 dih]
642 2514 789 2549 tanquam
812 2509 918 2538 delen-
1007 2515 1045 2540 89
1070 2509 1133 2538 Nec
1147 2519 1180 2538 v.
1201 2507 1249 2535 hoc
1267 2507 1297 2536 in
1318 2512 1345 2535 te
1364 2517 1417 2535 uno
1433 2503 1582 2544 convenit]
1601 2505 1660 2535 La-

224 2549 330 2586 dump
342 2557 408 2577 uto.
963 2552 1066 2581 tinitas
1084 2550 1221 2589 postulat
1236 2550 1266 2578 in
1289 2555 1315 2578 te
1338 2561 1425 2578 unum
1441 2557 1471 2578 et
1486 2555 1555 2588 post
1572 2548 1658 2577 lima-

270 2596 306 2624 87
334 2590 362 2618 in
377 2592 567 2629 superstitioso
588 2600 615 2621 et
639 2591 781 2631 religioso]
804 2593 853 2622 Ab
869 2594 918 2622 ed.
963 2601 1033 2622 tum.
1050 2594 1159 2622 eadem
1176 2592 1367 2622 constructio
1390 2598 1435 2621 est
1459 2601 1508 2630 ap.
1526 2591 1656 2621 Sueton.

229 2640 322 2663 1494.
338 2633 425 2663 abest
440 2635 574 2664 alterum
588 2635 616 2663 in
634 2634 685 2664 rel.
702 2643 777 2673 puto
794 2643 918 2665 utrum-
961 2637 1045 2674 Aug.
1062 2643 1113 2666 ⁶25.
1130 2636 1183 2665 sed
1207 2635 1247 2664 ibi
1272 2635 1414 2664 vitiosam
1438 2635 1583 2672 judicant
1599 2634 1655 2663 riri

226 2684 288 2714 que
317 2675 501 2706 delendum.
525 2687 601 2706 nam
628 2685 658 2706 et
683 2687 916 2715 supervacuum
961 2679 1057 2713 docti,
1083 2679 1299 2713 Burmannus,
1323 2678 1579 2715 Oudendorpius,
1600 2677 1656 2714 qui

226 2726 286 2753 est,
310 2725 341 2747 ct
366 2722 558 2749 constructio
582 2730 647 2749 non
677 2720 760 2750 bona
774 2731 783 2749 ;
797 2721 917 2760 sactum
960 2729 990 2750 et
1008 2722 1059 2750 hic
1075 2721 1220 2750 vitiosam
1238 2731 1302 2750 csse
1316 2721 1447 2758 judicat.
1471 2720 1543 2757 quia
1559 2726 1590 2748 et
1604 2719 1657 2748 hie

227 2768 268 2790 est
285 2761 314 2788 in
327 2767 389 2799 sup.
406 2768 433 2790 et
449 2762 499 2790 rel.
961 2766 1102 2802 sequitur
1117 2771 1145 2791 er
1168 2775 1229 2792 cum
1255 2764 1283 2792 in
1308 2762 1430 2804 reliquos
1454 2769 1574 2798 vestros,
1597 2768 1658 2790 tum

272 2810 310 2833 88
335 2803 367 2832 id
394 2812 434 2832 cst
455 2803 682 2843 providentiam]
714 2805 799 2844 Sapit
827 2805 918 2834 Glos-
964 2806 991 2834 in
1022 2817 1084 2835 eum
1114 2807 1263 2844 maxime,
1296 2815 1362 2836 non
1391 2805 1529 2836 dubitavi
1560 2804 1655 2834 corri-

226 2856 317 2875 sam:
341 2853 371 2875 et
400 2857 494 2886 supra
519 2847 587 2884 jam
617 2848 739 2878 dictum
769 2855 832 2877 est:
867 2849 921 2878 ab—
964 2858 1046 2888 gere.

227 2889 351 2927 fuitque
381 2889 459 2920 libro
489 2900 548 2920 scr.
589 2891 706 2921 Ursini.
741 2890 856 2921 delerit
890 2898 921 2921 et
1009 2899 1048 2924 90
1072 2902 1194 2930 quarum
1215 2898 1285 2931 pars
1302 2890 1402 2930 prima
1425 2887 1480 2928 est]
1503 2890 1567 2919 Aut
1585 2894 1658 2928 pars

227 2932 387 2963 Davisius.
963 2934 1108 2971 delenda,
1126 2942 1179 2965 aut
1189 2935 1321 2974 partium
1337 2933 1518 2972 legendum.
