1768 3095
521 138 702 175 LIBER
731 136 1070 175 SECUNDUS.
1442 143 1515 175 125

81 250 221 305 ipsum
251 247 522 303 flagitiosum,
552 244 679 286 etiam
709 244 743 284 si
771 243 887 284 nulla
915 241 1142 283 comitetur
1166 238 1367 281 infamia?
1401 242 1519 284 Quid

83 307 212 349 fortes
231 304 331 346 viri?
363 303 682 357 voluptatumne
698 300 871 341 calculis
892 298 1124 347 subductis,
1143 296 1339 351 proelium
1358 296 1520 349 ineunt,

83 362 332 417 sanguinem
353 374 429 414 pro
451 358 586 414 patria
609 356 893 413 profundunt:
926 370 978 395 an
999 354 1185 410 quodam
1207 353 1336 394 animi
1357 353 1519 405 ardore,

82 427 209 474 atque
241 417 402 471 impetu
435 414 667 455 concitati?
716 422 858 454 utrum
893 412 1063 453 tandem
1096 424 1257 461 censeS,
1291 410 1520 465 Torquate,

86 484 125 507 14
149 474 425 529 Imperiosum
447 471 582 521 illum,
614 471 647 512 si
678 478 820 510 nostra
849 469 973 509 verba
1002 467 1179 518 audiret,
1210 476 1383 507 tuamne
1404 467 1456 507 de
1477 481 1521 508 se

83 531 315 573 orationem
348 528 546 569 libentius
580 527 823 568 auditurum
857 526 998 575 fuisse,
1028 539 1081 565 an
1111 538 1248 564 meam
1265 539 1277 574 3
1309 538 1407 563 cum
1439 538 1521 578 ego

83 588 277 636 dicerem,
299 584 400 627 nihil
433 599 528 625 eum
559 584 708 625 fecisse
739 598 814 624 sua
842 597 982 632 causa,
1013 581 1239 636 omniaque
1263 579 1521 635 reipublicae,

83 652 130 686 tu
150 652 296 684 contra
315 641 433 691 nihil,
462 641 539 681 nisi
568 642 670 681 sua?
704 640 738 681 si
768 653 864 680 vero
891 638 934 679 id
970 639 1095 679 etiam
1126 637 1348 691 explanare
1379 637 1520 688 velles,

84 699 349 755 apertiusque
370 697 542 748 diceres,
564 697 666 738 nihil
697 711 794 737 eum
827 696 989 746 fecisse,
1020 695 1099 735 nisi
1129 694 1356 749 voluptatis
1378 708 1564 745 causam,

83 771 168 811 quo
207 754 336 796 modo
375 769 471 795 eum
513 753 683 795 tandem
721 753 905 793 laturum
946 752 1074 793 fuisse
1111 750 1352 792 existimes?
1387 751 1581 797 Estozcii

84 811 244 861 fecerit,
281 812 314 852 si
345 810 403 852 ita
436 811 510 861 vis,
546 811 786 866 Torquatus
819 818 990 864 propter
1023 823 1118 849 suas
1154 807 1372 848 utilitates.
1406 807 1520 848 malo

82 869 192 910 enim
215 868 367 918 dicere,
387 882 513 923 quam
535 867 784 922 voluptates,
806 867 847 907 in
869 873 987 906 tanto
1018 864 1251 920 praesertim
1272 864 1385 904 viro:
1419 879 1520 905 num

83 925 207 967 etiam
231 927 322 981 ejus
347 924 512 979 collega
542 925 585 964 P.
608 924 784 973 Decius,
806 932 842 955 1⁵
865 922 1058 978 princeps
1089 922 1130 961 in
1161 935 1210 961 ea
1240 920 1399 961 familia
1420 935 1523 961 con·

83 982 257 1032 sulatus,
291 988 328 1014 16
357 996 456 1022 cum
487 995 532 1022 se
562 980 805 1031 devovebat,
837 989 880 1020 et
911 993 1021 1034 equo
1050 977 1234 1018 admisso
1264 978 1306 1017 in
1340 977 1523 1018 mediam

82 1038 216 1080 aciem
232 1039 480 1080 Latinorum
499 1038 698 1087 irruebat,
711 1035 870 1092 aliquid
887 1035 938 1076 de
954 1034 1242 1090 voluptatibus
1260 1034 1344 1075 suis
1362 1035 1526 1089 cogita-

83 1095 156 1136 bat
173 1096 186 1136 ?
220 1110 316 1136 nam
336 1095 410 1136 ubi
429 1108 522 1137 eam
539 1103 723 1149 caperet,
744 1102 817 1134 aut
834 1092 1018 1149 quando,
1035 1106 1131 1132 cum
1153 1091 1278 1131 sciret
1299 1091 1525 1132 confestim

83 1165 174 1193 esse
194 1151 476 1202 moriendum,
510 1166 686 1206 eamque
710 1159 892 1191 mortem
923 1149 1159 1190 ardentiore
1186 1147 1327 1188 studio
1348 1156 1525 1203 peteret,

84 1222 212 1264 quam
241 1209 448 1263 Epicurus
476 1209 735 1263 voluptatem
766 1206 992 1263 petendam
1022 1206 1174 1261 putat?
1208 1204 1324 1260 quod
1352 1204 1524 1260 quidem

85 1266 177 1320 ejus
216 1265 376 1306 factum
414 1265 493 1307 nisi
524 1273 634 1306 esset
661 1264 757 1319 jure
788 1263 1022 1314 laudatum,
1061 1277 1146 1303 non
1186 1270 1298 1302 esset
1336 1262 1526 1303 imitatus

88 1329 239 1376 quarto
258 1321 483 1363 consulatu
509 1335 585 1362 suo
617 1320 749 1362 filius:
782 1334 917 1375 neque
947 1334 1073 1374 porro
1104 1333 1156 1360 ex
1184 1333 1236 1359 eo
1269 1327 1406 1369 natus,
1427 1333 1525 1360 cum

90 1376 252 1433 Pyrrho
281 1378 440 1420 bellum
468 1391 632 1433 gerenS,
660 1376 808 1418 consul
840 1376 1060 1417 cecidisset
1091 1376 1133 1417 in
1165 1375 1331 1429 proelio,
1353 1389 1482 1430 seque
1503 1389 1527 1415 e

87 1433 319 1476 continenti
351 1448 507 1489 genere
540 1434 706 1474 tertiam
741 1433 950 1474 victimam
986 1431 1227 1487 reipublicae
1261 1432 1526 1486 praebuisset.

87 1489 301 1532 Contineo
321 1505 389 1531 me
409 1491 463 1531 ab
482 1490 700 1545 exemplis.
761 1490 922 1531 Graecis
953 1489 1035 1530 hoc
1065 1488 1283 1529 modicum
1314 1496 1408 1529 est:
1440 1489 1525 1528 Le-
1539 1493 1590 1529 62
1634 1534 1635 1537 Ἴ

84 1546 246 1596 onidas,
282 1546 612 1601 Epaminondas,
644 1554 678 1583 17
696 1555 779 1588 tres
815 1546 959 1602 aliqui,
996 1554 1070 1586 aut
1108 1554 1323 1600 quattuor.
1354 1559 1452 1600 ego,
1494 1544 1528 1586 si

87 1612 254 1645 nostros
274 1603 476 1658 colligere
506 1617 691 1659 coepero,
722 1603 932 1658 perficiam
964 1601 1069 1642 illud
1098 1601 1287 1657 quidem,
1316 1609 1365 1642 ut
1385 1616 1428 1642 se
1447 1601 1529 1642 vir-

88 1659 170 1703 tutti
199 1659 338 1701 tradat
368 1659 739 1715 constringendam
774 1660 980 1714 voluptas.
1013 1658 1087 1699 sed
1119 1658 1207 1699 dies
1236 1673 1305 1699 me
1334 1657 1527 1700 deficiet:

88 1725 145 1767 et,
165 1725 213 1758 ut
233 1716 289 1759 A.
312 1717 480 1768 Varius,
509 1717 583 1774 qui
612 1727 677 1758 est
707 1716 876 1758 habitus
901 1716 1034 1772 judex
1066 1715 1224 1765 durior,
1256 1714 1395 1755 dicere
1425 1729 1529 1755 con-

87 1773 239 1819 sessori
259 1773 439 1824 sulebat,
463 1781 500 1805 18
522 1788 636 1824 cum,
659 1773 767 1815 datis
788 1774 984 1823 testibus,
1012 1772 1082 1813 alii
1113 1781 1254 1813 tamen
1285 1773 1529 1822 citarentur,

88 1830 181 1872 Aut
200 1829 282 1871 hoc
308 1831 480 1872 testium
512 1831 612 1872 satis
644 1840 721 1880 est,
752 1841 826 1871 aut
863 1830 1020 1880 nescio,
1051 1829 1153 1885 quid
1185 1829 1285 1870 satis
1316 1828 1395 1869 sit:
1429 1828 1487 1869 sic
1507 1843 1531 1869 a

88 1900 157 1927 me
190 1887 290 1928 satis
325 1887 474 1930 datum
510 1896 574 1928 est
615 1887 803 1929 testium.
839 1887 941 1943 quid
976 1886 1118 1927 enim?
1163 1895 1205 1927 te
1242 1886 1400 1940 ipsum,
1434 1884 1530 1940 dig-

89 1942 311 1985 nissimum
341 1943 574 1999 majoribus
605 1944 704 1994 tuis,
734 1945 982 1999 voluptasne
1014 1943 1194 1994 induxit,
1224 1953 1273 1983 ut
1304 1951 1341 1976 19
1364 1942 1532 1983 adoles-

90 1999 285 2040 cent-ulus
322 2000 505 2055 eriperes
554 2001 597 2041 P.
640 2000 769 2042 Sullae
817 2000 1119 2042 consulatum?
1172 2014 1300 2055 quem
1339 2014 1437 2040 cum
1479 1997 1531 2041 ad

89 2064 254 2112 patrem
287 2063 412 2097 tuum
442 2056 672 2108 retulisses,
707 2058 987 2099 fortissimum
1020 2057 1169 2107 virum,
1201 2056 1336 2112 qualis
1370 2055 1441 2096 ille
1470 2055 1533 2096 vel
1585 2084 1589 2112 1

89 2112 252 2162 consul,
288 2113 355 2154 vel
385 2114 483 2155 civis
518 2128 616 2155 cum
647 2129 826 2169 semper,
860 2123 953 2155 turn
986 2122 1084 2170 post
1115 2114 1387 2155 consulatum
1422 2111 1531 2155 fuit?
1588 2116 1589 2119 ’

89 2183 176 2225 quo
198 2169 372 2225 quidem
393 2179 566 2212 auctore
588 2186 664 2211 nos
686 2171 764 2226 ipsi
782 2186 831 2212 ea
851 2171 1078 2227 gessimus,
1099 2179 1148 2211 ut
1168 2170 1368 2211 omnibus
1390 2169 1535 2225 potius

92 2240 220 2282 quam
242 2226 341 2282 ipsis
361 2227 484 2269 nobis
501 2227 854 2268 consuluerimus.
1480 2244 1486 2247 *

146 2283 207 2324 At
239 2298 367 2339 quam
403 2284 583 2340 pulchre
622 2285 761 2325 dicere
796 2284 1006 2333 videbare,
1037 2297 1136 2324 cum
1171 2297 1221 2323 ex
1253 2283 1385 2323 altera
1418 2290 1535 2336 parte
1548 2294 1596 2330 63

91 2340 277 2394 ponebas
296 2341 563 2382 cumulatum
593 2341 778 2396 aliquem
811 2341 1018 2395 plurimis,
1053 2349 1095 2379 et
1124 2339 1318 2380 maximis
1341 2339 1535 2393 volupta-

91 2395 218 2446 tibus,
241 2397 358 2438 nullo
379 2412 454 2438 nec
475 2399 686 2453 praesenti,
705 2412 780 2438 nec
797 2398 941 2438 futuro
959 2397 1105 2437 dolore
1123 2412 1131 2436 ε
1164 2410 1214 2435 ex
1231 2396 1362 2436 altera
1378 2404 1536 2445 autem,
1550 2414 1581 2443 p.
1599 2409 1651 2439 75*-

44 2452 47 2454 ’
91 2453 346 2494 cruciatibus
362 2454 570 2506 maximis,
585 2463 677 2495 toto
691 2469 884 2510 corpore,
899 2453 1015 2494 nulla
1029 2467 1103 2493 nec
1121 2451 1336 2508 adjuncta,
1352 2466 1428 2493 nec
1442 2465 1535 2508 spes
1552 2457 1580 2477 ²²·-

138 2583 177 2606 14
203 2576 385 2615 Imperiosum
411 2575 507 2614 illum]
535 2575 712 2612 Manlium,
738 2578 794 2614 qui
839 2575 1002 2604 devoverat
1017 2576 1104 2614 quod
1120 2575 1249 2604 Davisio
1265 2574 1395 2613 placuit.

94 2619 200 2650 filium
216 2619 351 2649 interfici
371 2619 476 2657 jussit.
493 2629 523 2649 v.
540 2619 634 2648 Offic.
653 2619 711 2648 ΙΙΙ.
729 2625 780 2649 31.
886 2624 919 2653 17
947 2625 1003 2647 tres
1031 2615 1140 2659 aliqui]
1172 2618 1309 2647 Ursinus
1340 2617 1442 2647 voluit
1471 2617 1539 2653 alii,

140 2670 175 2692 15
194 2663 328 2701 princeps
345 2662 365 2692 i.
382 2662 447 2702 e.f.
469 2660 646 2701 consulatus]
667 2662 793 2692 Primus
839 2671 905 2691 non
921 2668 967 2691 est
983 2671 1122 2691 necesse.
1137 2671 1166 2690 v.
1185 2660 1274 2690 Clav.
1291 2662 1322 2690 in
1340 2660 1458 2701 aliquis.

94 2713 134 2733 ex
149 2715 185 2734 ea
200 2705 324 2735 consul.
341 2715 365 2735 s.
383 2712 417 2734 ut
438 2705 511 2734 alibi
530 2705 617 2741 dicit,
640 2705 695 2744 qui
712 2714 790 2734 con-
881 2711 917 2734 18
941 2715 1017 2740 cum,
1046 2704 1123 2733 datis
1153 2703 1282 2742 testibus]
1316 2704 1447 2733 Videtur
1476 2713 1538 2734 nu-

94 2747 236 2777 sulatum
254 2749 285 2778 in
302 2757 373 2777 eam
389 2748 546 2777 familiam
563 2748 681 2778 intulit.
835 2757 944 2778 merus
960 2748 1116 2777 excidisse
1131 2754 1187 2776 aut
1202 2747 1323 2786 aliquid
1339 2746 1436 2775 aliud.

141 2795 178 2820 16
202 2801 263 2819 cum
288 2802 315 2819 se
340 2790 515 2829 devovebat]
543 2791 594 2821 Sic
625 2801 681 2831 pro
704 2791 791 2820 devo·
881 2798 920 2823 19
944 2789 1165 2819 adolescentulus
1177 2789 1298 2829 eriperes
1311 2790 1346 2819 P.
1364 2788 1459 2818 Sullae
1475 2800 1538 2817 conr

95 2839 179 2861 vere!
193 2833 311 2872 scripsi,
333 2834 409 2872 quia
432 2841 501 2872 post
523 2841 570 2864 est
585 2834 714 2863 irruebat
728 2845 737 2863 :
761 2839 793 2862 et
835 2831 977 2871 sulatum]
1003 2828 1263 2863 Accusando'sc.
1286 2833 1323 2862 de
1347 2832 1481 2862 ambitu.
1510 2841 1538 2860 r,

95 2875 139 2905 sic
151 2876 246 2905 etiam
257 2876 392 2906 latinitas
403 2877 550 2914 postulat.
569 2886 628 2907 nee
643 2886 791 2916 spernam
837 2886 892 2915 pro
909 2875 995 2906 Sulla
1014 2885 1042 2905 e.
1060 2883 1088 2905 ¹2·
