1768 3095
536 96 722 134 LIBER
760 94 1071 133 QUARTUS.
1464 101 1516 135 35

87 214 126 246 67
139 207 281 265 aliqua
299 204 515 248 recondit:
546 219 571 245 e
589 205 743 261 quibus
761 203 968 246 memoria
986 203 1134 244 oritur.
1165 207 1204 234 ⁶8
1219 208 1359 243 cetera
1377 210 1519 244 autem

86 263 430 307 similitudinibus
459 262 707 303 constituit:
738 276 791 303 ex
820 261 973 317 quibus
1003 259 1240 302 efficiuntur
1268 258 1430 300 notitiae
1454 274 1521 300 re·

89 337 210 364 rum:
242 335 344 378 quas
373 319 514 360 Graeci
542 327 636 360 tum
667 317 815 369 ἐννοίας,
837 327 929 359 tum
953 317 1148 372 προλῆψεις
1164 323 1328 357 vocant.
1351 329 1403 356 eo
1422 329 1521 357 cum

89 378 266 421 accessit
293 376 416 427 ratio,
435 374 760 432 argumentique
779 374 1014 426 conclusio,
1034 386 1261 429 rerumque
1281 372 1522 413 innumera-

89 435 238 477 bilium
266 432 512 484 multitudo,
534 441 626 473 tum
655 440 699 473 et
718 431 935 487 perceptio
951 445 1101 472 eorum
1122 430 1314 471 omnium
1335 438 1522 485 apparet,

89 500 134 533 et
151 490 296 532 eadem
326 489 436 531 ratio
455 489 644 544 perfecta
660 488 726 530 his
745 488 962 544 gradibus,
982 487 1037 528 ad
1056 486 1304 543 sapientiam
1320 485 1523 542 pervenit.

89 548 162 590 Ad
189 560 328 588 rerum
357 545 490 602 igitur
517 546 751 596 scientiam,
782 545 960 601 vitaeque
989 544 1270 585 constantiam
1307 542 1581 599 aptissimam

89 618 187 645 cum
207 603 261 645 sit
279 616 399 644 mens
419 603 618 655 hominis,
639 602 910 658 amplectitur
928 601 1112 642 maxime
1131 600 1423 656 cognitionem
1441 616 1451 641 ε
1482 608 1526 641 et

88 660 213 702 istam
239 659 466 711 κατάληψιν,
487 674 630 717 quam,
660 668 708 701 ut
728 658 828 710 dixi,
845 659 1021 699 verbum
1041 672 1064 698 e
1079 658 1208 700 verbo
1228 657 1525 713 exprimentes,

88 716 513 772 comprehensionem
531 717 737 767 dicemus,
757 730 855 757 cum
875 715 1011 771 ipsam
1029 728 1103 770 per
1123 728 1168 754 se
1187 723 1303 755 amat
1323 713 1445 767 (nihil
1462 723 1525 754 est

88 774 202 815 enim
222 773 261 814 ei
279 773 463 815 veritatis
483 773 580 815 luce
599 772 780 826 dulcius)
805 780 898 813 tum
919 772 1048 813 etiam
1067 779 1241 827 propter
1258 785 1399 812 usum.
1417 784 1526 827 quo—

89 830 200 871 circa
219 831 268 871 *et
289 830 481 872 sensibus
511 832 659 882 utitur,
679 839 722 872 et
746 837 857 871 artes
877 829 1018 879 efficit,
1035 828 1154 884 quasi
1174 842 1319 869 sensus
1339 827 1495 869 alteros
1515 844 1526 869 ι

89 895 134 928 et
161 901 295 943 usque
319 902 371 929 eo
395 887 710 943 philosophiam
742 887 875 942 ipsam
897 885 1160 936 corroborat,
1179 893 1229 926 ut
1246 885 1444 926 virtutem
1464 884 1527 924 ef-

92 943 221 995 ficiat,
242 950 282 978 ⁶9
296 959 348 985 ex
365 959 451 1001 qua
469 959 515 986 re
536 959 620 986 una
638 944 722 986 vita
741 944 880 985 omnis
900 953 1000 999 apta
1017 943 1084 983 sit.
1142 943 1260 997 Ergo
1281 941 1340 994 hi,
1361 942 1433 998 qui
1453 955 1526 982 ne-

90 1008 196 1056 gant
217 1000 449 1057 quidquam
468 1015 594 1058 posse
613 1000 933 1057 comprehendi,
953 1000 1046 1041 haec
1065 999 1158 1056 ipsa
1174 999 1357 1054 eripiunt
1375 998 1441 1040 vel
1461 998 1528 1038 in—

91 1065 340 1109 strumenta,
356 1058 421 1100 vel
440 1067 688 1100 ornamenta
705 1058 800 1100 vitae
820 1074 830 1099 z
852 1056 915 1098 vel
935 1056 1078 1112 potius
1097 1056 1224 1097 etiam
1244 1064 1382 1097 totam
1401 1055 1528 1097 vitam

92 1123 287 1157 evertunt
316 1115 524 1166 funditus,
543 1116 766 1172 ipsumque
785 1113 941 1156 animal
966 1114 1119 1155 orbant
1150 1113 1320 1154 animo:
1352 1121 1402 1153 ut
1420 1111 1529 1153 diffi-

92 1170 174 1212 cile
203 1172 260 1214 sit
287 1172 341 1213 de
371 1173 610 1214 temeritate
639 1187 806 1224 eorum,
826 1170 1001 1228 perinde
1030 1179 1078 1211 ut
1096 1184 1223 1212 causa
1241 1169 1447 1225 postulat,
1465 1168 1530 1209 di·-

91 1241 201 1269 cere.

150 1286 246 1327 Nec
275 1298 373 1326 vero
402 1285 502 1326 satis
531 1285 787 1326 constituere
816 1298 1006 1339 possum,
1035 1283 1149 1339 quod
1180 1283 1233 1324 sit
1260 1297 1408 1325 eorum
1428 1297 1531 1324 con·
1544 1294 1595 1325 32

94 1341 252 1393 silium,
271 1349 346 1382 aut
368 1340 470 1397 quid
496 1341 637 1382 velint.
695 1340 916 1382 Interdum
940 1341 1053 1381 enim
1077 1354 1177 1381 cum
1206 1339 1454 1381 adhibemus
1480 1339 1533 1381 ad
1543 1342 1578 1374 b·

95 1411 168 1439 eos
187 1397 421 1439 orationem
443 1397 717 1453 hujusmodi:
750 1397 793 1437 Si
818 1411 881 1447 ea,
902 1412 997 1452 quae
1026 1396 1306 1452 disputentur,
1326 1410 1420 1437 vera
1450 1411 1534 1437 non

95 1454 193 1505 sint,
218 1463 311 1496 tum
330 1453 473 1494 omnia
501 1455 591 1495 fore
617 1454 802 1495 incerta:
835 1453 1115 1509 respondent:
1147 1453 1264 1509 Quid
1293 1467 1396 1508 ergo
1424 1452 1537 1495 istud

97 1510 152 1552 ad
184 1525 260 1552 nos
280 1511 293 1550 ?
326 1524 428 1551 num
463 1519 606 1552 nostra
641 1510 766 1565 culpa
803 1511 897 1551 est?
931 1519 1124 1552 naturam
1159 1524 1326 1560 accusa,
1365 1525 1458 1565 quae
1494 1510 1537 1551 in

97 1567 310 1623 profundo
330 1567 563 1618 veritatem,
582 1577 630 1608 ut
648 1567 706 1608 ait
724 1566 1013 1618 Democritus,
1031 1566 1198 1622 penitus
1219 1576 1258 1603 70
1278 1567 1538 1608 abstruserit.

98 1623 187 1665 Alii
215 1632 360 1665 autem
389 1624 638 1679 elegantius,
666 1623 738 1680 qui
766 1624 894 1665 etiam
925 1632 1172 1680 queruntur,
1192 1623 1307 1679 quod
1336 1637 1408 1664 eos
1438 1623 1539 1664 insi-

99 1680 309 1722 mulemus
340 1681 483 1721 onmia
511 1681 669 1721 incerta
705 1680 867 1721 dicere:
907 1689 1199 1736 quantumque
1236 1680 1399 1722 intersit
1433 1681 1540 1722 inter

99 1737 322 1789 incertum,
352 1746 395 1779 et
426 1737 482 1788 id,
513 1736 628 1794 quod
657 1738 816 1793 percipi
846 1751 928 1778 non
959 1737 1106 1792 possit,
1136 1737 1289 1778 docere
1319 1746 1540 1786 conantur,

99 1808 232 1851 eaque
252 1794 525 1850 distinguere.
584 1793 697 1835 Cum
731 1793 796 1834 his
824 1794 955 1850 igitur
974 1808 1166 1849 agamus,
1187 1795 1259 1850 qui
1278 1793 1371 1835 haec
1389 1794 1539 1835 distin-

100 1859 241 1907 guunt
259 1868 268 1892 :
300 1851 410 1901 illos,
431 1852 502 1906 qui
534 1851 675 1892 omnia
702 1850 759 1891 sic
780 1851 938 1892 incerta
957 1850 1118 1902 dicunt,
1138 1859 1201 1901 ut,
1222 1851 1439 1892 stellarum
1460 1865 1539 1892 nu-

102 1921 258 1958 merus,
278 1915 314 1944 71
337 1922 426 1963 par,
445 1922 498 1948 an
514 1908 648 1962 impar
666 1908 733 1959 sit,
753 1907 870 1964 quasi
889 1907 1129 1962 desperatos
1151 1907 1313 1963 aliquos
1332 1908 1542 1964 relinqua-

103 1978 213 2005 mUS.
233 1964 380 2006 volunt
408 1965 519 2005 enim
555 1967 615 2017 (et
633 1964 714 2005 hoc
735 1964 906 2020 quidem
935 1963 999 2006 vel
1028 1965 1211 2007 maxime
1239 1964 1543 2005 animadverte-

102 2021 201 2062 bam
231 2035 303 2063 vos
333 2021 506 2074 moveri)
539 2020 757 2076 probabile
786 2020 944 2077 aliquid
972 2035 1075 2072 esse,
1096 2030 1140 2063 et
1169 2021 1287 2077 quasi
1307 2021 1544 2072 verisimile,

103 2091 237 2134 eaque
258 2092 301 2119 se
321 2078 384 2119 uti
403 2078 550 2134 regula
569 2086 612 2118 et
642 2078 682 2118 in
714 2077 877 2133 agenda
897 2078 993 2129 vita,
1015 2087 1058 2120 et
1079 2079 1120 2119 in
1140 2077 1368 2134 quaerendo
1388 2092 1437 2118 ac
1457 2077 1544 2118 dis-

103 2134 294 2176 serendo.
352 2136 462 2192 Quae
493 2136 574 2176 ista
593 2141 632 2171 72
658 2135 803 2190 regula
832 2142 911 2186 est,
942 2135 975 2175 si
1005 2136 1221 2176 notionem
1251 2135 1335 2175 veri
1363 2143 1406 2175 et
1436 2134 1543 2184 falsi,
1563 2133 1624 2180 11

104 2199 327 2247 propterea
345 2191 460 2247 quod
485 2206 534 2232 ea
564 2205 648 2232 non
669 2200 845 2246 possunt
863 2191 1105 2243 internosci,
1125 2192 1283 2232 nullam
1306 2191 1512 2233 habemus
1528 2193 1541 2230 ?
1558 2208 1606 2239 33

105 2262 219 2298 nam,
245 2249 281 2289 si
310 2247 530 2299 habemus,
559 2248 756 2289 interesse
785 2256 970 2302 oportet,
990 2257 1038 2289 ut
1062 2247 1170 2289 inter
1189 2257 1367 2298 rectum,
1387 2256 1429 2289 et
1447 2262 1545 2303 pra-

105 2319 220 2356 vum,
241 2305 300 2346 sic
319 2305 426 2347 inter
442 2319 603 2355 verum,
622 2314 664 2346 et
685 2305 854 2346 falsum.
874 2304 908 2345 si
930 2304 1033 2345 nihil
1051 2304 1237 2355 interest,
1257 2304 1374 2346 nulla
1398 2304 1547 2359 regula

105 2369 194 2403 est:
226 2375 302 2404 nec
332 2370 474 2418 potest
502 2362 552 2413 is,
579 2369 616 2398 73
647 2362 717 2403 cui
747 2370 811 2402 est
840 2361 942 2402 visio
971 2361 1055 2402 veri
1085 2361 1262 2417 falsique
1292 2362 1545 2411 communis,

151 2502 189 2532 67
214 2496 318 2540 aliqua
354 2498 394 2527 sic
430 2496 572 2538 recondit]
612 2497 670 2528 Pro
704 2497 806 2539 aliqua
894 2503 934 2532 70
957 2496 1140 2536 abstruserit]
1160 2498 1232 2536 Leg.
1248 2498 1398 2528 abstrusi!-

106 2541 211 2571 scribo
232 2541 317 2579 alia;
339 2547 415 2571 tum
436 2541 475 2570 sic
497 2549 615 2571 temere
638 2542 806 2580 repetitum
895 2546 930 2575 71
946 2546 1016 2579 par,
1030 2551 1058 2569 a.
1074 2540 1094 2570 i.
1108 2551 1130 2571 s.
1141 2539 1299 2579 nesciatur]
1316 2540 1460 2570 nesciatur
1473 2540 1549 2570 alie-

107 2592 127 2613 e
140 2585 291 2624 superiori
308 2584 348 2614 sic
362 2584 481 2624 arripit.
518 2585 552 2615 P.
569 2585 667 2614 Faber
683 2585 807 2623 corrigit
850 2593 933 2613 num
949 2590 1005 2615 est.
1022 2590 1103 2613 recte
1118 2593 1136 2613 e
1153 2583 1231 2613 Mss.
1247 2590 1279 2613 et
1292 2585 1341 2614 ed.
1357 2584 1437 2614 Ven.
1459 2590 1550 2618 1471.

108 2627 204 2668 quasi.
851 2626 964 2656 delevit
977 2627 1123 2657 Davisius
1138 2634 1168 2656 et
1183 2627 1395 2657 AlemannuS.

154 2675 194 2701 68
225 2681 250 2701 c.
279 2669 518 2699 similitudinibus
548 2667 710 2709 constituit]
743 2670 762 2699 i.
779 2679 807 2700 e.
895 2675 934 2704 72
952 2668 1053 2708 regula
1069 2676 1110 2699 est
1124 2670 1190 2699 veri
1205 2676 1232 2699 et
1244 2669 1338 2710 falsi]
1358 2670 1424 2699 veri
1440 2669 1552 2709 etfalsi

109 2714 330 2752 comparandis
346 2713 421 2743 ideis
438 2712 597 2744 similibus
613 2712 735 2752 colligit
751 2722 808 2743 no·
851 2719 969 2742 temere
991 2722 1007 2742 e
1026 2714 1233 2752 sequentibus
1252 2714 1380 2753 repetita
1397 2720 1453 2742 est.
1500 2713 1552 2741 ln—

111 2754 212 2785 tiones
227 2757 403 2786 formarum
420 2762 451 2786 et
466 2766 633 2795 generum.
852 2755 1021 2794 telligenda
1040 2762 1148 2786 autem
1170 2763 1215 2785 est
1236 2756 1344 2795 regula
1366 2765 1432 2786 non
1457 2755 1554 2785 modo

157 2802 198 2830 69
220 2810 257 2829 ex
270 2810 328 2841 qua
344 2810 374 2828 re
389 2798 460 2838 una]
479 2799 559 2829 Puto
574 2810 604 2828 re
619 2808 685 2830 esse
701 2799 808 2830 delen-
852 2800 915 2828 veri
932 2806 961 2828 et
978 2798 1058 2834 falsi,
1075 2800 1129 2829 sed
1145 2800 1240 2829 etiam
1257 2801 1340 2829 vitae.

113 2839 204 2871 dum.
220 2852 277 2872 una
293 2843 422 2874 refertur
439 2843 477 2873 ad
494 2844 652 2874 virtutem.
899 2847 937 2876 73
956 2841 1001 2872 cui
1017 2848 1056 2871 est
1070 2842 1147 2872 visio
1163 2841 1370 2883 verifalsr'que
1386 2838 1550 2877 communis]

795 2896 873 2926 02
