1778 3095
265 150 344 191 570
700 143 779 180 DE
815 116 1259 184 D1v1NAT1oNE

199 259 249 293 35
265 267 360 293 curn
385 251 490 295 extis
510 265 769 293 concessero.
828 252 910 294 Sed
938 262 1094 304 tamen,
1118 268 1170 295 eo
1198 268 1414 305 concesso,
1442 254 1514 311 qui
1541 258 1689 310 evenit,

264 317 313 350 ut
344 309 378 350 is
406 309 478 365 qui
503 309 717 363 impetrire
746 308 857 359 velit,
889 311 1202 352 convenientem
1236 311 1420 352 hostiam
1451 313 1576 354 rebus
1605 316 1689 356 suis

264 366 485 407 immolet?
519 365 600 405 hoc
620 374 722 416 erat,
744 366 858 421 quod
887 381 969 421 ego
996 382 1080 408 non
1107 369 1227 408 rebar
1248 381 1368 423 posse
1388 367 1570 410 dissolvi.
1630 370 1691 412 At

263 438 391 478 quam
421 422 565 462 festive
593 421 843 463 dissolvitur.
904 423 1035 464 Pudet
1064 438 1131 464 me
1162 439 1245 464 non
1267 424 1328 465 tui
1358 424 1542 480 quidem,
1568 426 1689 482 cujus

263 479 390 520 etiam
428 478 673 518 memoriam
710 479 907 529 admiror,
946 479 1018 520 sed
1061 480 1302 536 Chrysippi,
1336 481 1566 536 Antipatri,
1606 483 1689 523 Po-

264 535 433 584 sidonii,
468 535 538 590 qui
572 534 683 575 idem
724 535 831 575 istuc
871 535 1042 590 quidem
1077 536 1236 588 dicunt,
1276 537 1390 593 quod
1427 545 1490 578 est
1527 538 1687 579 dictum

263 607 288 633 a
308 601 364 641 te,
385 591 437 632 ad
467 591 648 632 hostiam
680 591 946 646 deligendam
977 592 1126 632 ducem
1153 607 1243 633 esse
1261 594 1341 634 vim
1363 593 1573 650 quandam
1595 608 1690 635 sen-

263 648 456 699 tientem,
486 656 614 703 atque
643 647 838 695 divinam,
866 663 960 702 quae
990 655 1081 688 toto
1112 650 1286 690 confusa
1315 650 1474 691 mundo
1504 651 1570 691 sit.
1633 651 1689 691 11-

262 704 338 746 lud
363 719 458 746 vero
484 705 620 744 multo
653 703 779 744 etiam
808 704 972 754 melius,
998 704 1114 759 quod
1144 714 1187 745 et
1210 719 1235 745 a
1263 714 1304 746 te
1332 715 1576 762 usurpatum
1611 717 1689 757 est,

263 770 307 802 et
337 761 489 802 dicitur
521 761 574 800 ab
607 760 713 801 illis:
744 774 842 800 eum
870 760 1089 801 immolare
1115 761 1321 816 quispiam
1343 763 1453 814 velit,
1479 774 1569 804 tum
1604 764 1696 805 fieri·

263 827 456 859 extorum
499 817 790 865 mutationem,
824 824 872 857 ut
911 825 984 857 aut
1018 817 1128 858 absit
1164 817 1338 873 aliquid,
1370 829 1442 859 aut
1479 820 1690 875 supersit:

199 875 252 914 36
264 874 435 915 deorum
460 873 570 913 enim
594 873 752 913 numini
775 887 919 928 parere
940 874 1094 914 omnia.
1153 874 1261 914 Haec
1284 873 1391 930 jam,
1420 875 1524 916 mihi
1551 877 1689 927 crede,

263 945 315 972 ne
344 930 521 971 anieulae
560 929 730 985 quidem
767 930 1018 971 existimant.
1075 930 1146 970 An
1183 944 1340 981 censes,
1371 931 1549 972 eundem
1581 933 1690 974 vitu-

261 988 367 1039 lum,
389 987 422 1027 si
443 987 548 1027 alius
571 986 789 1041 delegerit,
809 987 894 1027 sine
915 987 1051 1042 capite
1066 986 1187 1043 jecur
1207 987 1493 1028 inventurum:
1516 988 1550 1029 si
1570 988 1690 1040 alius,

260 1058 359 1085 cum
379 1044 539 1099 capite?
573 1043 664 1084 haec
694 1043 883 1084 decessio
910 1044 1073 1099 capitis,
1093 1051 1165 1084 aut
1183 1044 1369 1085 accessio
1388 1044 1583 1086 subitone
1606 1045 1691 1087 fieri

261 1110 418 1156 potest,
439 1110 487 1141 ut
511 1114 554 1140 se
579 1109 673 1140 exta
699 1100 752 1141 ad
780 1100 1059 1145 immolatoris
1087 1100 1298 1141 fortunam
1332 1101 1688 1143 accommodent?

263 1172 346 1198 non
379 1157 629 1212 perspicitiS,
657 1156 789 1197 aleam
826 1156 1037 1212 quandam
1067 1171 1157 1197 esse
1189 1156 1232 1197 in
1264 1156 1412 1198 hostiis
1442 1157 1690 1214 deligendis,

259 1214 493 1269 praesertim
521 1228 618 1254 cum
646 1228 712 1254 res
740 1214 829 1269 ipsa
858 1213 1032 1254 doceat?
1065 1228 1161 1254 cum
1191 1214 1303 1254 enim
1329 1213 1566 1255 tristissima
1594 1222 1691 1256 exta

260 1270 349 1311 sine
378 1271 514 1325 capite
544 1271 726 1320 fuerunt,
758 1270 908 1325 quibus
938 1270 1041 1310 nihil
1064 1269 1224 1311 videtur
1247 1285 1336 1311 esse
1358 1271 1518 1312 dirius:
1549 1271 1691 1326 proxi-

259 1342 330 1367 ma
361 1327 499 1368 hostia
524 1327 668 1367 litatur
699 1341 809 1382 saepe
842 1327 1106 1382 pulcerrime.
1168 1333 1207 1358 26
1223 1327 1311 1368 Ubi
1341 1327 1468 1383 igitur
1498 1327 1581 1368 illae
1612 1328 1692 1369 mi-

260 1399 323 1424 nae
346 1384 606 1439 superiorum
634 1392 826 1424 extorum
844 1385 857 1424 ?
889 1393 959 1424 aut
984 1399 1078 1439 quae
1099 1393 1187 1425 tam
1209 1383 1350 1424 subito
1372 1385 1483 1425 facta
1502 1392 1568 1425 est
1587 1383 1691 1425 deo-

180 1444 353 1495 16rum
386 1449 504 1481 tanta
537 1440 749 1495 placatio?
784 1440 867 1481 Sed
899 1441 1034 1491 affers,
1066 1440 1106 1481 in
1147 1441 1254 1481 tauri
1290 1440 1421 1495 opimi
1449 1441 1570 1491 extis,
1609 1440 1689 1481 im-

131 1497 447 1558 p‚115,molante
478 1496 658 1546 Caesare,
684 1511 756 1537 cor
784 1512 868 1537 non
897 1498 1052 1547 fuisse3
1084 1496 1127 1537 id
1159 1497 1258 1552 quia
1291 1511 1374 1537 non
1408 1497 1592 1552 potuerit
1621 1511 1691 1538 ac-

220 1554 414 1604 a.cidere,
445 1562 494 1594 ut
525 1553 614 1593 sine
644 1554 769 1594 corde
799 1554 966 1594 victima
996 1553 1066 1594 illa
1086 1553 1251 1603 viveret,
1271 1553 1552 1610 judicandum
1583 1568 1688 1604 esse,

195 1623 244 1663 37
260 1619 352 1651 tum
384 1610 573 1651 interisse
604 1625 692 1660 cor,
723 1624 819 1651 cnm
854 1610 1158 1651 immolaretur.
1218 1611 1305 1651 Qui
1338 1610 1396 1660 fit,
1425 1618 1474 1651 ut
1510 1609 1687 1651 alterum

173 2641 237 2694 17

185 2716 238 2750 38

258 1667 484 1722 intelligas,
521 1665 609 1705 sine
640 1666 766 1708 corde
803 1681 885 1707 non
917 1667 1102 1722 potuisse
1137 1666 1288 1707 bovem
1317 1666 1475 1707 vivere:
1509 1666 1687 1708 alterum

257 1738 342 1764 non
367 1723 521 1773 videas,
553 1737 625 1763 cor
659 1723 800 1763 subito
835 1738 918 1764 non
953 1723 1155 1778 potuisse,
1185 1723 1327 1763 nescio
1359 1737 1460 1778 quo,
1491 1722 1686 1763 avolare?

256 1794 340 1835 ego
377 1780 487 1820 enim
526 1794 697 1834 possum
726 1779 790 1819 vel
824 1780 995 1830 nescire,
1025 1794 1119 1835 quae
1143 1779 1202 1820 vis
1226 1779 1280 1819 sit
1309 1778 1447 1820 cordis
1478 1778 1531 1819 ad
1549 1779 1687 1820 viven-

256 1836 374 1886 dum,
407 1836 470 1876 vel
512 1836 727 1891 suspicari,
763 1843 1003 1876 contactum
1044 1836 1185 1890 aliquo
1220 1836 1386 1885 morbo,
1426 1835 1544 1876 bovis
1581 1835 1688 1876 exile

256 1901 298 1933 et
330 1893 529 1948 exiguum
559 1892 622 1933 vel
651 1892 805 1933 vietum
838 1906 924 1942 cor,
955 1900 996 1932 et
1026 1891 1228 1932 dissimile
1256 1892 1394 1933 cordi-s
1423 1892 1563 1933 fuisse.
1621 1892 1687 1933 Tu

256 1963 352 1989 vero
384 1948 484 2005 quid
526 1948 669 1999 habes,
704 1963 831 2003 quare
859 1959 994 2003 putes,
1027 1948 1058 1988 si
1093 1948 1236 2004 paullo
1261 1957 1357 1989 ante
1385 1963 1458 1989 cor
1489 1948 1615 1990 fuerit
1645 1948 1688 1989 in

256 2015 377 2045 tauro
414 2006 572 2059 opimo,
600 2005 739 2046 subito
772 2004 813 2045 id
845 2005 887 2045 in
921 2004 1012 2060 ipsa
1044 2004 1334 2045 immolatione
1369 2005 1586 2045 interisse?
1619 2018 1688 2055 an,

255 2062 373 2116 quod
410 2061 600 2117 adspexit
629 2061 780 2102 vestitu
819 2076 1031 2116 purpureo
1066 2061 1290 2102 excordem
1330 2061 1559 2111 Caesarem,
1596 2060 1687 2116 ipse

255 2118 381 2159 corde
415 2118 597 2173 privatus
627 2119 718 2158 est?
753 2118 914 2158 Urbem
950 2117 1244 2173 philosophiae,
1283 2117 1385 2158 mihi
1422 2117 1559 2168 crede,
1589 2130 1688 2172 pro-

255 2174 367 2225 ditis,
408 2175 510 2215 dum
549 2175 722 2215 castella
761 2174 1001 2215 defenditis.
1072 2175 1202 2224 Nam,
1238 2174 1340 2215 dum
1379 2173 1687 2230 haruspicinam

253 2246 393 2272 veram
427 2246 516 2271 esse
546 2231 683 2281 vultis,
716 2231 1032 2287 physiologiam
1067 2240 1202 2271 totam
1241 2230 1486 2285 pervertitis.
1547 2230 1688 2284 Caput

254 2297 319 2329 est
347 2288 387 2328 in
407 2289 567 2344 jecore,
596 2302 670 2328 cor
702 2287 744 2328 in
770 2287 898 2328 extis:
928 2288 1018 2343 jam
1047 2287 1259 2337 abscedet,
1282 2287 1408 2328 simul
1439 2301 1487 2327 ac
1513 2285 1687 2337 molam,

254 2354 296 2385 et
331 2345 473 2385 vinum
509 2344 763 2399 insperseris.
804 2343 907 2384 deus
947 2343 988 2384 id
1029 2343 1190 2398 eripiet,
1223 2343 1281 2384 vis
1312 2343 1452 2399 aliqua
1479 2341 1686 2394 conficiet,

253 2410 325 2442 aut
353 2401 515 2441 exedet.
572 2402 674 2441 Non
701 2415 803 2455 ergo
835 2400 1026 2440 omnium
1059 2400 1253 2441 interitus
1284 2407 1409 2454 atque
1443 2398 1583 2439 obitus
1612 2413 1688 2439 na-

252 2465 346 2497 tura
376 2457 595 2498 conficiet:
625 2465 668 2498 et
698 2457 775 2497 erit
808 2456 982 2511 aliquid,
1015 2457 1131 2512 quod
1162 2465 1236 2497 aut
1265 2470 1316 2496 ex
1350 2454 1481 2495 nihilo
1513 2454 1686 2506 oriatur,

251 2522 325 2554 aut
364 2513 405 2553 in
445 2513 623 2554 nihilum
662 2514 802 2554 subito
835 2512 1014 2553 occidat.
1075 2513 1182 2569 Quis
1220 2512 1304 2552 hoc
1338 2510 1541 2567 physicus
1582 2510 1687 2552 dixit

251 2570 484 2624 umquam?
533 2569 774 2624 haruspices
804 2569 963 2609 dicunt.
1024 2569 1105 2608 His
1145 2567 1277 2623 igitur
1314 2582 1441 2623 quam
1483 2567 1683 2623 physicis,

253 2626 392 2680 potius
423 2625 678 2665 credendum
713 2625 957 2666 existimas?
990 2623 1107 2679 Quid
1134 2639 1231 2665 cum
1266 2624 1456 2678 pluribus
1492 2623 1572 2664 diis
1606 2624 1686 2664 im-

253 2682 450 2731 molatur,
481 2684 552 2737 qui
585 2682 754 2722 tandem
787 2680 936 2730 evenit,
970 2688 1016 2720 ut
1052 2680 1196 2722 litetur
1226 2681 1331 2730 aliis,
1358 2680 1449 2721 aliis
1478 2695 1560 2720 non
1590 2679 1684 2722 lite-

292 2835 331 2860 π»
359 2830 415 2858 Ubi
444 2829 536 2867 igitur
559 2827 620 2857 illae
643 2827 742 2868 mium]
770 2827 860 2868 igitur
877 2829 996 2858 addunt
1013 2829 1090 2859 Mss.
1109 2825 1190 2867 apud
1216 2827 1395 2865 Davisium,
1413 2827 1506 2858 etiam
1525 2827 1632 2859 Guelf.
1656 2832 1686 2857 et

248 2872 279 2903 in
297 2883 340 2902 m.
359 2874 406 2902 ed.
426 2872 535 2902 Lamb.
553 2872 644 2901 bene.
