1778 3095
498 135 675 173 LIBER
713 134 1055 172 SECUNDUS.
1412 141 1489 180 599

61 244 209 300 Quid?
241 249 369 300 poe'ta
404 258 542 293 nemo,
574 256 697 283 nemo
736 242 935 298 physicus
964 242 1195 283 obscurus?
1229 239 1353 281 28ille
1391 254 1487 281 vero

64 301 187 341 nimis
215 302 340 342 etiam
374 300 575 341 obscurus
607 299 869 353 Euphorion.
899 306 942 338 at
973 313 1058 338 non
1091 299 1318 338 Homerus.
1379 298 1487 337 Uter
1503 300 1574 332 133

62 356 194 411 igitur
219 358 399 398 melior?
430 355 565 397 Valde
595 355 837 395 Heraclitus
865 354 1097 407 obscurus:
1128 354 1302 395 minime
1321 352 1484 393 Demo·
1497 354 1615 387 9³³⁶·

60 413 205 454 critus.
237 429 339 454 num
370 413 500 467 igitur
526 411 793 452 conferendi?
826 424 920 450 mea
946 424 1072 450 causa
1101 425 1169 450 me
1189 423 1350 459 moneS,
1373 401 1527 463 quoda·

64 483 147 509 non
167 469 413 524 intelligam.
472 468 588 523 Quid
617 482 685 508 me
706 468 835 522 igitur
854 468 1027 507 mones?
1061 475 1108 506 ut
1133 467 1167 506 si
1186 467 1280 520 quis
1299 464 1488 506 medicus

62 535 224 580 aegroto
246 526 434 580 imperet,
456 534 504 564 ut
524 533 661 565 sumat

171 604 399 652 Terrigenam,
416 602 667 652 herbigradam,
687 601 933 652 domi-portam,
952 601 1115 650 sanguine
1132 613 1276 642 cassam,

63 676 219 731 potius,
253 691 380 731 quam
416 676 638 717 hominum
672 690 802 726 more,
833 674 1067 725 cochleam,
1110 683 1149 708 29
1167 674 1317 715 dicere.
1376 675 1488 715 Nam

64 733 317 773 Pacuvianus
338 733 541 788 Amphio,

173 813 370 863 Quadrupes
386 812 602 862 tardigrada,
620 813 775 862 agrestis,
794 810 940 854 humilis,
960 822 1092 861 aspera,

173 867 291 916 Capite
310 866 417 909 brevi,
436 867 563 903 cervice
580 867 745 915 anguina,
765 865 920 915 adspectu
940 866 1040 909 truci,

167 920 385 963 Erum-rata,
403 920 566 963 inanima,
583 933 657 956 cum
675 919 818 955 animali
835 931 921 961 sono,

62 1009 160 1035 cum
190 994 361 1034 dixisset
389 994 623 1042 obscurius,
654 1002 742 1034 tum
775 993 909 1033 Attici
938 992 1219 1047 respondent:
1250 1009 1333 1034 non
1373 995 1494 1036 intel-

61 1051 248 1105 ligimus,
284 1050 362 1090 nisi
396 1063 539 1105 aperte
575 1050 741 1091 dixeris.
799 1049 862 1091 At
893 1049 962 1089 ille
998 1064 1082 1089 uno
1116 1051 1255 1099 verbo,
1288 1052 1491 1092 Testudo.
1528 1097 1536 1106 ¹

61 1115 102 1138 30
116 1108 216 1146 Non
247 1114 441 1161 potueras
471 1107 552 1147 hoc
590 1107 720 1161 igitur
751 1120 775 1146 a
803 1106 1023 1161 principio,
1063 1106 1289 1157 citharista,
1321 1098 1571 1151 dicere?()5

60 1163 212 1204 Defert
231 1163 284 1203 ad
306 1163 591 1218 conjectorem
613 1162 798 1217 quidam,
819 1163 1049 1202 somniasse
1078 1178 1134 1213 se,
1157 1177 1282 1203 ovum
1310 1164 1491 1219 pendere

60 1233 114 1259 ex
144 1219 272 1259 fascia
300 1220 398 1260 lecti
429 1219 492 1260 sui
523 1219 787 1260 cubicularis.
848 1220 923 1259 Est
953 1218 1035 1259 hoc
1066 1220 1106 1259 in
1135 1219 1364 1276 Chrysippi
1384 1221 1491 1261 libro
1509 1233 1582 1266 134

62 1275 289 1316 somnium.
348 1275 579 1331 Respondit
611 1276 842 1332 conjector,
875 1275 1119 1316 thesaurum
1153 1276 1366 1317 defossum
1402 1292 1492 1318 esse

63 1333 143 1373 sub
172 1332 297 1372 lecto.
328 1332 461 1373 fodit:
494 1332 648 1372 invenit
677 1332 766 1372 auri
796 1332 1072 1387 aliquantum,
1103 1333 1228 1388 idque
1259 1334 1493 1375 circumda-

61 1398 153 1429 tum
184 1397 375 1443 argento.
402 1389 516 1429 misit
544 1388 788 1444 conjectori,
812 1389 1062 1444 quantulum
1094 1389 1228 1429 visum
1257 1399 1334 1440 est,
1355 1390 1406 1430 de
1427 1406 1493 1431 ar-

59 1454 205 1499 gento.
264 1446 372 1485 Tum
406 1445 490 1495 ille,
518 1445 707 1499 Nihilne,
738 1445 888 1500 inquit,
908 1444 959 1485 de
986 1445 1153 1486 vitello?
1187 1446 1230 1486 id
1251 1447 1361 1487 enim
1383 1448 1421 1487 ei
1442 1462 1493 1487 ex

60 1516 141 1542 ovo
166 1501 382 1542 videbatur
401 1516 549 1542 aurum
571 1501 829 1551 declarasse,
860 1502 1085 1556 reliquum,
1105 1513 1341 1557 argentum.
1400 1505 1445 1544 N
1448 1518 1492 1544 e-

60 1572 186 1598 mone
216 1558 347 1612 igitur
376 1573 580 1613 umquam
609 1557 714 1598 alius
745 1573 870 1598 ovum
902 1558 1153 1599 somniavit?
1186 1573 1260 1600 cur
1289 1574 1392 1615 ergo
1424 1560 1493 1601 hic

60 1614 200 1654 nescio
238 1614 310 1669 qui
347 1613 592 1655 thesaurum
632 1615 746 1654 solus
782 1614 966 1655 invenit?
1000 1630 1128 1670 quam
1171 1615 1293 1656 multi
1330 1617 1492 1671 inopes,

59 1670 179 1725 digni
209 1670 403 1725 praesidio
435 1670 624 1720 deorum,
656 1670 772 1711 nullo
804 1671 969 1711 somnio
998 1671 1051 1711 ad
1088 1671 1333 1712 thesaurum
1372 1687 1492 1728 repe-

59 1726 253 1767 riendum
273 1726 583 1767 admonentur?
617 1742 744 1782 quam
765 1736 906 1767 autem
927 1728 983 1767 ob
1011 1742 1182 1768 causam
1211 1737 1297 1769 tam
1322 1739 1385 1770 est
1414 1730 1492 1770 ob-

61 1798 182 1824 scure
212 1782 467 1832 admonitus,
497 1791 546 1823 ut
575 1797 625 1822 ex
655 1798 734 1823 ovo
766 1793 1004 1825 nasceretur
1038 1783 1224 1825 thesauri
1259 1785 1492 1827 similitudo

61 1839 217 1894 potius,
251 1853 375 1894 quam
418 1847 559 1894 aperte
602 1839 847 1880 thesaurum
887 1854 1072 1895 quaerere
1104 1840 1341 1896 juberetur,
1383 1843 1493 1883 sicut

62 1906 205 1950 aperte
234 1895 471 1936 Simonides
502 1895 652 1936 vetitus
682 1906 746 1936 est
777 1896 999 1951 navigare?
1026 1898 1141 1951 Ergo
1170 1897 1349 1939 obscura
1377 1914 1489 1940 som·
1508 1911 1579 1942 135

63 1952 144 2002 nia,
192 1952 364 1992 minime
422 1962 700 1992 consentanea
752 1961 849 1993 sunt
894 1953 1103 2008 majestati
1150 1952 1340 1996 deorum.
1420 1955 1491 1997 Ad
1504 1958 1576 2011 66

61 2017 206 2063 aperta
235 2017 278 2048 et
305 2008 417 2049 clara
444 2009 670 2059 veniamus,
699 2008 821 2064 quale
850 2017 913 2049 est
940 2009 992 2049 de
1012 2009 1085 2049 illo
1106 2009 1326 2052 interfecto
1346 2026 1371 2052 a
1390 2027 1491 2053 cau-

61 2079 172 2120 pone
193 2065 407 2120 Megaris:
439 2065 562 2120 quale
590 2064 641 2105 de
673 2065 901 2115 Simonide,
924 2065 995 2120 qui
1021 2066 1073 2105 ab
1093 2080 1158 2117 eo,
1180 2081 1305 2122 quem
1339 2068 1491 2109 huma-

61 2130 140 2170 rat,
172 2121 320 2161 vetitus
349 2131 412 2161 est
442 2121 661 2176 navigare:
691 2121 813 2176 quale
843 2122 968 2162 etiam
1001 2122 1052 2162 de
1072 2122 1344 2165 Alexandro:
1377 2125 1494 2179 quod

61 2192 86 2217 a
107 2188 147 2217 te
167 2178 426 2232 praeteritum
446 2191 535 2217 esse
564 2177 692 2218 miror
710 2195 719 2218 z
752 2178 838 2233 qui,
867 2193 966 2219 cum
988 2178 1255 2229 Ptolemaeus,
1278 2181 1492 2222 familiaris

63 2234 169 2289 ejus,
191 2234 231 2273 in
253 2234 402 2288 proelio
423 2234 508 2274 telo
530 2242 729 2274 venenato
751 2235 859 2275 ictus
883 2244 1007 2285 esset,
1028 2249 1162 2290 eoque
1186 2236 1353 2278 vulnere
1375 2252 1490 2278 sum-
1504 2254 1537 2284 b.

62 2305 135 2331 mo
166 2304 264 2330 cum
296 2290 441 2330 dolore
475 2299 739 2341 moreretur3
770 2291 1010 2332 Alexander
1035 2291 1236 2342 assidens,
1258 2308 1407 2334 somno
1429 2303 1492 2336 est

62 2346 320 2400 consopitus.
377 2347 486 2387 Tum
516 2346 748 2387 secundum
771 2348 955 2403 quietem
984 2349 1094 2389 visus
1123 2349 1160 2388 ei
1188 2349 1341 2391 dicitur
1365 2350 1493 2392 draco

63 2403 113 2452 is,
130 2416 253 2457 quem
274 2412 408 2443 mater
424 2403 645 2459 Olympias
660 2403 812 2455 alebat,
828 2404 1057 2445 radiculam
1076 2419 1148 2446 ore
1164 2406 1285 2457 ferre,
1305 2416 1348 2447 et
1368 2407 1495 2449 simul

64 2459 217 2506 dicere,
239 2473 321 2512 quo
343 2459 414 2500 illa
432 2459 515 2500 loci
536 2468 786 2510 nasceretur,
832 2463 982 2516 (neque
1002 2462 1036 2502 is
1057 2461 1184 2516 longe
1205 2464 1347 2504 aberat
1367 2465 1421 2504 ab
1441 2479 1493 2506 eo

63 2515 176 2566 loco)
200 2514 290 2569 ejus
318 2526 457 2556 autern
485 2531 576 2557 esse
606 2516 685 2556 vim
715 2526 889 2566 tantam,
911 2526 957 2558 ut
988 2518 1260 2559 Ptolemaeum
1281 2520 1404 2560 facile
1427 2535 1492 2561 sa-

66 2580 195 2611 naret.
256 2570 368 2611 Cum
400 2572 637 2613 Alexander
666 2583 931 2627 experrectus
962 2584 1167 2616 narrasset
1195 2576 1339 2616 amicis
1378 2592 1493 2616 som-

65 2628 197 2677 nium,
217 2627 416 2678 emisisse,
438 2629 509 2683 qui
529 2629 642 2670 illam
671 2629 899 2671 radiculam
930 2640 1176 2686 quaererent.
1206 2647 1288 2688 qua
1313 2632 1493 2683 inventa,

109 2769 148 2792 28
174 2762 223 2791 ille
251 2773 320 2792 vero
357 2773 385 2792 n.
417 2774 440 2792 e.
471 2774 496 2792 ο.
534 2763 647 2805 Euph.]
680 2765 700 2794 i.
730 2775 758 2794 e.
847 2772 886 2797 29
909 2765 1016 2805 dicere]
1049 2767 1120 2797 Hoc
1154 2767 1287 2796 verbum
1325 2766 1497 2799 delendum

65 2814 264 2844 quamquam
288 2805 389 2835 clarus
406 2812 436 2835 et
459 2806 574 2837 nobilis
595 2810 698 2847 poeta,
716 2814 760 2837 ta·
803 2816 881 2843 esse,
899 2816 979 2838 recte
993 2809 1115 2846 judicat
1127 2810 1284 2839 Davisius.

66 2857 143 2881 men
158 2847 246 2878 valde
261 2848 414 2880 obscurus
431 2854 487 2878 est.
848 2856 888 2879 30
912 2851 975 2879 Non
987 2858 1118 2890 potueras
1134 2851 1183 2881 hoc
1199 2851 1234 2891 i.]
1254 2852 1361 2882 Immo
1369 2857 1497 2893 poteras.

797 2903 919 2945 eq4
