1778 3095
522 191 700 228 LIBER
736 188 1068 227 SECUNDUS.
1435 190 1510 224 443

88 313 183 355 quae
203 306 313 340 terra
329 298 550 353 concipiat,
569 296 740 346 semina,
757 309 936 351 quaeque
956 296 1046 351 ipsa
1066 310 1116 337 ex
1137 309 1181 336 se
1197 302 1397 349 generata
1417 294 1513 334 stir-

87 356 211 410 pibus
232 356 355 396 infixa
373 355 597 404 contineat,
619 367 668 393 ea
688 352 994 407 temperatione
1013 353 1162 393 caloris
1182 360 1223 391 et
1245 351 1357 399 oriri,
1378 359 1420 390 et
1438 365 1513 390 au-

89 426 273 466 gescere.
305 413 447 466 Atque
469 425 587 465 aquae
608 409 733 450 etiam
756 408 982 448 admistum
1006 422 1095 448 esse
1116 409 1313 457 calorem,
1332 406 1513 460 primum

90 469 179 523 ipse
198 469 348 522 liquor,
370 477 458 507 tum
481 481 601 522 aquae
621 465 805 506 declarat
823 464 971 505 effusio
993 480 1002 505 ι
1035 479 1128 519 quae
1149 477 1283 518 neque
1303 461 1517 516 conglaci-

91 533 179 565 aret
204 523 444 578 frigoribus,
467 537 600 578 neque
631 522 734 573 nive,
762 521 993 576 pruinaque
1024 527 1325 568 concresceret,
1348 518 1425 559 nisi
1446 532 1514 557 ea-

88 580 187 620 dem
227 595 284 630 se,
323 579 503 619 admisto
542 578 681 619 calore
720 577 957 632 liquefacta,
989 586 1030 618 et
1060 576 1221 631 dilapsa
1251 573 1515 615 diffunderet.

93 637 240 692 Itaque
268 645 309 676 et
335 635 615 690 aquilonibus,
637 643 677 668 89
695 634 945 689 reliquisque
976 633 1202 688 frigoribus
1233 631 1407 687 adjectis
1438 629 1517 671 du·-

90 693 213 733 rescit
235 692 412 731 humor:
445 701 486 732 et
515 691 624 731 idem
653 691 831 731 vicissim
861 689 1050 730 mollitur
1070 690 1318 744 tepefactUS,
1339 697 1381 728 et
1400 687 1519 728 tabe-

90 749 168 789 scit
189 748 341 788 calore.
402 747 543 803 Atque
565 749 690 788 etiam
711 747 841 787 maria
861 746 1021 801 agitata
1042 746 1171 786 ventis
1197 745 1255 786 ita
1283 751 1517 798 tepescunt,

90 814 138 845 ut
164 804 341 858 intelligi
371 804 492 844 facile
522 805 667 859 possit,
691 804 732 844 in
764 803 888 844 tantis
920 802 1000 843 illis
1030 801 1278 843 humoribus
1308 800 1518 841 inclusum

90 875 181 901 esse
202 861 395 900 calorem.
428 875 503 901 nec
523 861 635 900 enim
656 860 725 900 ille
751 870 943 900 externus
965 869 1006 899 et
1028 858 1281 899 adventicius
1302 856 1520 897 habendus

90 926 155 957 est
174 926 307 971 tepor,
329 916 400 957 sed
422 931 472 957 ex
494 917 650 957 intimis
672 917 797 956 maris
825 915 1012 969 partibus
1033 914 1263 970 agitatione
1284 913 1488 954 excitatus
1509 929 1518 953 :

91 973 207 1028 quod
230 973 381 1013 nostris
402 987 570 1028 quoque
591 973 838 1027 corporibus
865 971 1090 1026 contingit,
1112 986 1209 1011 cum
1236 980 1371 1020 motu,
1392 980 1520 1026 atque

91 1029 389 1070 exercitatione
410 1030 681 1069 recalescunt.
743 1029 839 1083 lpse
859 1042 955 1068 vero
976 1033 1061 1077 aer,
1084 1027 1156 1082 qui
1176 1038 1324 1067 natura
1344 1036 1408 1067 est
1428 1041 1519 1067 ma-

92 1085 203 1126 xime
240 1085 430 1140 frigidus,
466 1085 637 1125 minime
674 1094 737 1126 est
767 1099 913 1139 expers
947 1084 1112 1124 caloris.
1172 1093 1212 1116 40
1236 1083 1312 1124 Hle
1348 1097 1441 1123 vero
1477 1088 1520 1124 et
1532 1087 1581 1128 27

92 1141 227 1182 multo
245 1142 413 1197 quidem
434 1142 572 1182 calore
593 1141 795 1182 admistus
817 1150 893 1181 est.
923 1140 1012 1195 ipse
1033 1140 1144 1181 enim
1166 1140 1297 1180 oritur
1318 1154 1368 1180 ex
1390 1140 1520 1194 respi-

93 1198 254 1238 ratione
279 1213 497 1253 aquarum.
528 1213 671 1239 earum
701 1198 812 1238 enim
843 1198 961 1253 quasi
992 1211 1118 1252 vapor
1147 1196 1316 1252 quidam
1349 1201 1420 1236 ae'r
1448 1196 1565 1236 ha-b·

94 1255 257 1295 bendus
283 1264 360 1295 est.
421 1256 461 1294 Is
494 1263 634 1295 autem
665 1254 825 1294 exsistit
855 1262 976 1294 motu
1006 1254 1095 1309 ejus
1126 1253 1290 1303 caloris,
1311 1253 1382 1308 qui
1404 1253 1521 1308 aquis

94 1311 343 1351 continetur.
419 1312 558 1366 Quam
593 1310 909 1351 similitudinem
943 1324 1110 1349 cernere
1144 1324 1366 1363 possumus
1398 1309 1439 1348 in
1474 1309 1523 1350 iis

95 1367 229 1421 aquiS,
249 1382 342 1422 quae
363 1367 634 1408 effervescunt
653 1376 689 1398 41
710 1367 887 1407 subditis
908 1367 1091 1421 ignibus.
1130 1367 1226 1407 Jam
1248 1380 1341 1405 vero
1364 1365 1525 1421 reliqua

94 1432 244 1478 quarta
265 1438 358 1478 pars
380 1423 540 1473 mundi,
561 1438 609 1464 ea
629 1433 672 1464 et
693 1424 780 1478 ipsa
801 1433 889 1464 tota
916 1432 1064 1463 natura
1084 1423 1238 1462 fervida
1255 1431 1332 1472 est,
1352 1431 1393 1462 et
1413 1433 1526 1462 cete-

98 1479 153 1519 ris
185 1480 341 1520 naturis
371 1480 566 1520 omnibus
597 1480 818 1520 salutarem
851 1479 1037 1534 impertit
1067 1489 1108 1519 et
1138 1478 1301 1519 vitalem
1323 1479 1523 1519 calorem.

96 1537 160 1575 Ex
181 1550 265 1590 quo
287 1533 682 1586 concluditur,*eum
714 1551 859 1576 omnes
892 1535 1038 1576 mundi
1072 1544 1210 1589 partes
1245 1535 1586 1576 sustineantur28

96 1591 249 1641 calore,
271 1592 477 1632 mundum
499 1593 624 1632 etiam
648 1592 785 1647 ipsum
808 1592 932 1633 simili
958 1593 1131 1646 parique
1160 1601 1307 1632 natura
1338 1592 1378 1631 in
1408 1601 1526 1632 tanta

97 1647 371 1688 diuturnitate
392 1648 540 1688 servari
559 1665 567 1688 :
599 1662 733 1703 eoque
758 1648 909 1703 magis,
932 1648 1046 1703 quod
1068 1648 1245 1702 intelligi
1265 1647 1406 1697 debet,
1427 1648 1527 1688 cali-

96 1703 198 1744 dum
230 1704 334 1745 illud
364 1712 489 1759 atque
519 1705 692 1760 igneum
720 1705 778 1745 ita
808 1705 850 1744 in
881 1705 996 1745 omni
1023 1705 1163 1744 fusum
1185 1718 1274 1744 esse
1296 1714 1456 1754 natura,
1479 1713 1526 1745 ut

96 1760 140 1800 in
162 1774 212 1800 eo
235 1761 331 1800 insit
359 1761 605 1815 procreandi
631 1761 704 1811 vis,
725 1770 767 1801 et
793 1776 919 1802 causa
948 1760 1167 1816 gignendi,
1197 1775 1221 1800 a
1251 1775 1336 1815 quo
1366 1769 1408 1800 et
1437 1761 1526 1801 ani-

100 1817 257 1856 mantia
288 1817 442 1866 omnia,
468 1825 509 1857 et
543 1832 605 1868 ea,
639 1832 819 1872 quorum
850 1818 997 1872 stirpes
1032 1827 1140 1857 terra
1171 1817 1453 1867 continentur,
1485 1826 1527 1858 et

99 1873 213 1913 nasci
233 1873 287 1913 sit
307 1887 488 1923 necesse,
509 1883 552 1914 et
579 1888 819 1928 augescere.
877 1875 1044 1914 Natura
1063 1883 1126 1914 est
1147 1873 1289 1928 igitur,
1309 1889 1403 1928 quae
1423 1888 1526 1914 con-
1545 1865 1606 1910 ll

100 1928 230 1969 tineat
251 1929 458 1970 mundum
478 1944 664 1979 omnem,
686 1944 865 1985 eumque
892 1938 1070 1980 tueatur,
1092 1939 1134 1970 et
1164 1945 1213 1970 ea
1241 1930 1413 1985 quidem
1443 1945 1526 1971 non
1538 1938 1589 1979 29

101 1999 189 2025 Slne
210 2000 333 2026 sensu
355 1994 479 2040 atque
499 1987 670 2026 ratione.
701 2001 871 2026 omnem
903 1986 1014 2026 enim
1044 1995 1235 2027 naturam
1263 2001 1429 2028 necesse
1448 1996 1526 2038 est,

102 2056 196 2096 quae
219 2056 302 2082 non
321 2041 504 2082 solitaria
525 2043 592 2091 sit,
614 2056 748 2097 neque
769 2042 958 2097 simplex,
978 2043 1050 2083 sed
1070 2058 1167 2083 cum
1189 2043 1271 2083 alio
1293 2042 1444 2098 juncta
1463 2052 1527 2084 at-

103 2112 184 2153 que
206 2112 405 2148 connexa,
425 2097 579 2139 habere
593 2098 775 2153 aliquem
798 2099 838 2139 in
860 2114 902 2139 se
921 2099 1217 2154 principatum,
1234 2101 1338 2140 utin
1356 2100 1527 2140 homine

102 2163 301 2203 mentem,
321 2155 362 2194 in
394 2155 517 2195 belua
546 2155 743 2210 quiddam
773 2155 906 2196 simile
934 2156 1102 2205 mentis,
1121 2155 1232 2196 unde
1257 2156 1446 2197 oriantur
1464 2171 1528 2197 re-

103 2225 196 2250 rum
232 2211 456 2265 appetitus.
518 2212 567 2251 In
603 2211 797 2252 arborum
829 2221 986 2261 autem,
1015 2222 1057 2252 et
1087 2226 1231 2252 earum
1261 2227 1414 2262 rerum,
1434 2227 1528 2267 quae

102 2267 338 2321 gignuntur
353 2282 376 2307 e
392 2276 515 2314 terra,
534 2267 744 2309 radicibus
766 2268 899 2308 inesse
918 2269 1173 2322 principatus
1196 2277 1380 2322 putatur.
1413 2269 1528 2309 Prin-

102 2323 291 2377 cipatum
320 2332 462 2364 autem
493 2324 534 2364 id
565 2324 674 2374 dico,
695 2326 809 2379 quod
841 2324 980 2364 Graeci
1004 2325 1212 2378 ἡγεμονικὸν
1240 2334 1413 2365 vocant:
1446 2340 1530 2380 quo

103 2380 208 2420 nihii
238 2380 279 2420 in
310 2395 478 2435 quoque
509 2395 664 2435 genere
693 2395 769 2421 nec
799 2390 951 2435 potest,
972 2396 1047 2421 nec
1076 2381 1202 2421 debet
1223 2395 1311 2421 esse
1332 2389 1532 2435 praestan-

107 2435 205 2476 tius.
271 2437 419 2492 Itaque
442 2451 610 2477 necesse
631 2447 707 2487 est,
727 2437 832 2478 illud
852 2437 993 2487 etiam,
1013 2438 1054 2477 in
1077 2451 1161 2492 quo
1184 2437 1237 2476 sit
1258 2437 1387 2478 totius
1407 2446 1530 2478 natu-

106 2506 163 2531 rae
193 2493 464 2547 principatus,
494 2508 583 2534 esse
615 2492 802 2534 omnium
834 2494 1061 2547 optimum,
1090 2493 1363 2549 omniumque
1392 2508 1532 2535 rerum

106 2555 312 2602 potestate
331 2549 631 2605 dominatuque
652 2549 960 2605 dignissimum.

152 2704 191 2730 39
209 2696 550 2738 reliquisquesrigoribus
562 2695 694 2738 aajjectis]
712 2697 797 2726 Cum
842 2697 987 2727 nondum
1014 2698 1099 2727 venit
1126 2698 1157 2727 in
1185 2704 1339 2727 mentem.
1381 2698 1537 2729 Buherius

109 2741 169 2770 alia
186 2742 297 2778 frigora
312 2749 476 2770 accessere.
507 2741 567 2770 Sed
583 2742 613 2770 id
629 2741 738 2770 durius
757 2741 798 2769 ita
841 2740 924 2769 delet
940 2740 989 2768 ille
1005 2752 1083 2770 vero.

109 2784 303 2822 exprimitur.
349 2782 458 2820 Itaque
471 2784 566 2821 probo
584 2784 661 2812 Mss.
677 2783 730 2821 qui
746 2782 799 2810 ad-
886 2790 924 2812 41
949 2783 1069 2811 subditis
1095 2780 1223 2821 ignibus]
1259 2782 1309 2811 Sic
1340 2788 1369 2810 et
1400 2782 1477 2811 Mss.
1507 2788 1538 2810 et

102 2825 190 2864 jectis
201 2826 370 2855 omittunt:
389 2826 473 2862 quod
489 2827 599 2864 utique
615 2826 778 2854 redundat.
843 2826 912 2855 edd.
928 2832 1005 2855 vett.
1041 2826 1162 2855 Borion.
1191 2832 1221 2854 et
1245 2826 1325 2854 Ven.
1351 2831 1442 2856 1494.
1464 2823 1539 2853 Ald.

156 2876 196 2898 40
221 2867 274 2896 Ille
299 2879 368 2896 vero
391 2877 417 2896 et
442 2867 529 2897 multo
554 2867 666 2908 quidem
687 2865 797 2907 calore]
843 2868 1000 2898 Victorius
1023 2869 1144 2907 primus
1164 2867 1333 2906 vulgatum
1356 2866 1456 2895 subitis
1474 2866 1538 2895 edi.—

111 2910 186 2940 Non
213 2911 272 2940 hoc
302 2910 414 2949 placet.
444 2912 605 2950 quomodo
634 2910 799 2949 corrigam,
843 2910 898 2940 dit.
