<?xml version="1.0" encoding="UTF-8"?>
<!DOCTYPE html PUBLIC "-//W3C//DTD XHTML 1.0 Transitional//EN"
    "http://www.w3.org/TR/xhtml1/DTD/xhtml1-transitional.dtd">
<html xmlns="http://www.w3.org/1999/xhtml" xml:lang="en" lang="en">
 <head>
  <title>
</title>
<meta http-equiv="Content-Type" content="text/html;charset=utf-8" />
  <meta name='ocr-system' content='tesseract 3.04.00' />
  <meta name='ocr-capabilities' content='ocr_page ocr_carea ocr_par ocr_line ocrx_word'/>
</head>
<body>
  <div class='ocr_page' id='page_1' title='image "./p1operaomnia04ciceuoft_0346.png"; bbox 0 0 1778 3095; ppageno 0'>
   <div class='ocr_carea' id='block_1_1' title="bbox 214 98 1303 138">
    <p class='ocr_par' dir='ltr' id='par_1_1' title="bbox 214 98 1303 138">
     <span class='ocr_line' id='line_1_1' title="bbox 214 98 1303 138; baseline -0.001 -2"><span class='ocrx_word' id='word_1_1' title='bbox 214 104 292 136; x_wconf 82' lang='grc'><strong>338</strong></span> <span class='ocrx_word' id='word_1_2' title='bbox 561 99 819 138; x_wconf 88' lang='lat' dir='ltr'><strong>TUSCUL.</strong></span> <span class='ocrx_word' id='word_1_3' title='bbox 850 98 1303 138; x_wconf 66' lang='lat' dir='ltr'>QUAESTIONUM</span> 
     </span>
    </p>
   </div>
   <div class='ocr_carea' id='block_1_2' title="bbox 217 204 1648 405">
    <p class='ocr_par' dir='ltr' id='par_1_2' title="bbox 217 204 1648 405">
     <span class='ocr_line' id='line_1_2' title="bbox 218 204 1648 269; baseline 0.003 -23"><span class='ocrx_word' id='word_1_4' title='bbox 218 204 431 269; x_wconf 71' lang='lat' dir='ltr'><strong>Pavorem,</strong></span> <span class='ocrx_word' id='word_1_5' title='bbox 453 215 614 250; x_wconf 88' lang='lat' dir='ltr'><strong>metum</strong></span> <span class='ocrx_word' id='word_1_6' title='bbox 645 216 830 249; x_wconf 86' lang='lat' dir='ltr'><strong>mentem</strong></span> <span class='ocrx_word' id='word_1_7' title='bbox 861 208 958 251; x_wconf 91' lang='lat' dir='ltr'><strong>loco</strong></span> <span class='ocrx_word' id='word_1_8' title='bbox 987 215 1240 258; x_wconf 85' lang='lat' dir='ltr'><strong>moventem,</strong></span> <span class='ocrx_word' id='word_1_9' title='bbox 1261 221 1312 248; x_wconf 86' lang='lat' dir='ltr'><strong>ex</strong></span> <span class='ocrx_word' id='word_1_10' title='bbox 1331 221 1416 262; x_wconf 92' lang='lat' dir='ltr'><strong>quo</strong></span> <span class='ocrx_word' id='word_1_11' title='bbox 1436 205 1543 250; x_wconf 85' lang='lat' dir='ltr'><strong>illud</strong></span> <span class='ocrx_word' id='word_1_12' title='bbox 1560 208 1648 250; x_wconf 89' lang='lat' dir='ltr'><strong>En·</strong></span> 
     </span>
     <span class='ocr_line' id='line_1_3' title="bbox 217 276 289 312; baseline 0 -10"><span class='ocrx_word' id='word_1_13' title='bbox 217 276 289 312; x_wconf 83' lang='lat' dir='ltr'><strong>nu,</strong></span> 
     </span>
     <span class='ocr_line' id='line_1_4' title="bbox 326 355 1408 405; baseline -0.001 -15"><span class='ocrx_word' id='word_1_14' title='bbox 326 355 411 391; x_wconf 80' lang='lat' dir='ltr'><strong>Tum</strong></span> <span class='ocrx_word' id='word_1_15' title='bbox 428 365 539 405; x_wconf 75' lang='lat' dir='ltr'><strong>pavor</strong></span> <span class='ocrx_word' id='word_1_16' title='bbox 556 355 750 405; x_wconf 77' lang='lat' dir='ltr'><em>sapientiam</em></span> <span class='ocrx_word' id='word_1_17' title='bbox 770 369 892 391; x_wconf 76' lang='lat' dir='ltr'><strong>onmem</strong></span> <span class='ocrx_word' id='word_1_18' title='bbox 913 355 991 392; x_wconf 79' lang='lat' dir='ltr'><strong>mihi</strong></span> <span class='ocrx_word' id='word_1_19' title='bbox 1009 369 1050 392; x_wconf 65' lang='lat' dir='ltr'><strong>av</strong></span> <span class='ocrx_word' id='word_1_20' title='bbox 1068 356 1177 392; x_wconf 78' lang='lat' dir='ltr'><strong>animo</strong></span> <span class='ocrx_word' id='word_1_21' title='bbox 1195 362 1380 405; x_wconf 66' lang='lat' dir='ltr'><strong>enpectorat</strong></span> <span class='ocrx_word' id='word_1_22' title='bbox 1395 369 1408 389; x_wconf 94' lang='lat'><strong>.·</strong></span> 
     </span>
    </p>
   </div>
   <div class='ocr_carea' id='block_1_3' title="bbox 132 439 1650 2306">
    <p class='ocr_par' dir='ltr' id='par_1_3' title="bbox 132 439 1650 2306">
     <span class='ocr_line' id='line_1_5' title="bbox 217 439 1646 494; baseline 0.001 -15"><span class='ocrx_word' id='word_1_23' title='bbox 217 439 595 490; x_wconf 87' lang='lat' dir='ltr'><strong>Exanimationem,</strong></span> <span class='ocrx_word' id='word_1_24' title='bbox 634 448 795 480; x_wconf 88' lang='lat' dir='ltr'><strong>metum</strong></span> <span class='ocrx_word' id='word_1_25' title='bbox 833 440 1174 494; x_wconf 80' lang='lat' dir='ltr'><strong>subsequentem,</strong></span> <span class='ocrx_word' id='word_1_26' title='bbox 1209 448 1250 480; x_wconf 87' lang='lat' dir='ltr'><strong>et</strong></span> <span class='ocrx_word' id='word_1_27' title='bbox 1286 439 1405 494; x_wconf 82' lang='lat' dir='ltr'>quasi</span> <span class='ocrx_word' id='word_1_28' title='bbox 1445 439 1646 480; x_wconf 87' lang='lat' dir='ltr'><strong>comitem</strong></span> 
     </span>
     <span class='ocr_line' id='line_1_6' title="bbox 215 495 1647 550; baseline 0 -15"><span class='ocrx_word' id='word_1_29' title='bbox 215 495 405 550; x_wconf 86' lang='lat' dir='ltr'><strong>pavoris:</strong></span> <span class='ocrx_word' id='word_1_30' title='bbox 459 496 856 545; x_wconf 87' lang='lat' dir='ltr'><strong>Conturbationem,</strong></span> <span class='ocrx_word' id='word_1_31' title='bbox 906 505 1064 536; x_wconf 87' lang='lat' dir='ltr'><strong>metum</strong></span> <span class='ocrx_word' id='word_1_32' title='bbox 1111 496 1392 536; x_wconf 83' lang='lat' dir='ltr'><strong>excutientem</strong></span> <span class='ocrx_word' id='word_1_33' title='bbox 1433 496 1647 550; x_wconf 86' lang='lat' dir='ltr'><strong>cogitata:</strong></span> 
     </span>
     <span class='ocr_line' id='line_1_7' title="bbox 171 547 1647 607; baseline 0.001 -15"><span class='ocrx_word' id='word_1_34' title='bbox 171 547 516 602; x_wconf 77' lang='lat' dir='ltr'><strong>9Formidinem,</strong></span> <span class='ocrx_word' id='word_1_35' title='bbox 544 562 703 592; x_wconf 88' lang='lat' dir='ltr'><strong>metum</strong></span> <span class='ocrx_word' id='word_1_36' title='bbox 733 561 1058 605; x_wconf 81' lang='lat' dir='ltr'><strong>permanentem.</strong></span> <span class='ocrx_word' id='word_1_37' title='bbox 1117 552 1360 606; x_wconf 83' lang='lat' dir='ltr'><strong>Voluptatis</strong></span> <span class='ocrx_word' id='word_1_38' title='bbox 1388 561 1528 592; x_wconf 89' lang='lat' dir='ltr'><strong>autem</strong></span> <span class='ocrx_word' id='word_1_39' title='bbox 1552 566 1647 607; x_wconf 84' lang='lat' dir='ltr'><strong>par-</strong></span> 
     </span>
     <span class='ocr_line' id='line_1_8' title="bbox 154 604 1649 663; baseline -0.001 -13"><span class='ocrx_word' id='word_1_40' title='bbox 154 620 205 651; x_wconf 81' lang='lat'><strong>20</strong></span> <span class='ocrx_word' id='word_1_41' title='bbox 218 616 278 649; x_wconf 83' lang='lat' dir='ltr'><strong>tes</strong></span> <span class='ocrx_word' id='word_1_42' title='bbox 313 608 394 650; x_wconf 89' lang='lat' dir='ltr'><strong>hoc</strong></span> <span class='ocrx_word' id='word_1_43' title='bbox 430 610 560 649; x_wconf 89' lang='lat' dir='ltr'><strong>modo</strong></span> <span class='ocrx_word' id='word_1_44' title='bbox 590 608 847 656; x_wconf 81' lang='lat' dir='ltr'><strong>describunt,</strong></span> <span class='ocrx_word' id='word_1_45' title='bbox 881 617 928 648; x_wconf 88' lang='lat' dir='ltr'><strong>ut</strong></span> <span class='ocrx_word' id='word_1_46' title='bbox 962 607 1257 658; x_wconf 79' lang='lat' dir='ltr'><strong>malivolentia,</strong></span> <span class='ocrx_word' id='word_1_47' title='bbox 1290 608 1342 649; x_wconf 90' lang='lat' dir='ltr'><strong>sit</strong></span> <span class='ocrx_word' id='word_1_48' title='bbox 1374 604 1566 663; x_wconf 78' lang='lat' dir='ltr'><strong>voluptas</strong></span> <span class='ocrx_word' id='word_1_49' title='bbox 1597 622 1649 649; x_wconf 85' lang='lat' dir='ltr'><strong>ex</strong></span> 
     </span>
     <span class='ocr_line' id='line_1_9' title="bbox 217 663 1650 720; baseline -0.001 -14"><span class='ocrx_word' id='word_1_50' title='bbox 217 665 331 705; x_wconf 87' lang='lat' dir='ltr'><strong>malo</strong></span> <span class='ocrx_word' id='word_1_51' title='bbox 366 665 535 706; x_wconf 88' lang='lat' dir='ltr'><strong>alterius</strong></span> <span class='ocrx_word' id='word_1_52' title='bbox 572 664 660 704; x_wconf 90' lang='lat' dir='ltr'><strong>sine</strong></span> <span class='ocrx_word' id='word_1_53' title='bbox 697 663 986 704; x_wconf 87' lang='lat' dir='ltr'><strong>emolumento</strong></span> <span class='ocrx_word' id='word_1_54' title='bbox 1022 678 1128 704; x_wconf 91' lang='lat' dir='ltr'><strong>suo:</strong></span> <span class='ocrx_word' id='word_1_55' title='bbox 1165 665 1420 715; x_wconf 88' lang='lat' dir='ltr'><strong>Delectatio,</strong></span> <span class='ocrx_word' id='word_1_56' title='bbox 1458 665 1650 720; x_wconf 89' lang='lat' dir='ltr'><strong>voluptas</strong></span> 
     </span>
     <span class='ocr_line' id='line_1_10' title="bbox 216 719 1647 774; baseline 0 -12"><span class='ocrx_word' id='word_1_57' title='bbox 216 721 419 763; x_wconf 84' lang='lat' dir='ltr'><strong>suavitate</strong></span> <span class='ocrx_word' id='word_1_58' title='bbox 448 721 616 762; x_wconf 88' lang='lat' dir='ltr'><strong>auditus</strong></span> <span class='ocrx_word' id='word_1_59' title='bbox 648 720 836 760; x_wconf 86' lang='lat' dir='ltr'><strong>animum</strong></span> <span class='ocrx_word' id='word_1_60' title='bbox 865 719 1091 761; x_wconf 88' lang='lat' dir='ltr'><strong>deleniens.</strong></span> <span class='ocrx_word' id='word_1_61' title='bbox 1122 728 1177 770; x_wconf 88' lang='lat' dir='ltr'><strong>et,</strong></span> <span class='ocrx_word' id='word_1_62' title='bbox 1198 721 1332 774; x_wconf 89' lang='lat' dir='ltr'><strong>qualis</strong></span> <span class='ocrx_word' id='word_1_63' title='bbox 1362 730 1426 762; x_wconf 91' lang='lat' dir='ltr'><strong>est</strong></span> <span class='ocrx_word' id='word_1_64' title='bbox 1455 721 1545 762; x_wconf 84' lang='lat' dir='ltr'><strong>haec</strong></span> <span class='ocrx_word' id='word_1_65' title='bbox 1572 737 1647 762; x_wconf 91' lang='lat' dir='ltr'><strong>au-</strong></span> 
     </span>
     <span class='ocr_line' id='line_1_11' title="bbox 217 774 1648 828; baseline 0.001 -10"><span class='ocrx_word' id='word_1_66' title='bbox 217 778 340 828; x_wconf 88' lang='lat' dir='ltr'><strong>rium,</strong></span> <span class='ocrx_word' id='word_1_67' title='bbox 361 777 465 818; x_wconf 83' lang='lat' dir='ltr'><strong>tales</strong></span> <span class='ocrx_word' id='word_1_68' title='bbox 488 786 585 818; x_wconf 90' lang='lat' dir='ltr'><strong>sunt</strong></span> <span class='ocrx_word' id='word_1_69' title='bbox 605 774 841 826; x_wconf 86' lang='lat' dir='ltr'><strong>oculorum,</strong></span> <span class='ocrx_word' id='word_1_70' title='bbox 863 785 906 817; x_wconf 89' lang='lat' dir='ltr'><strong>et</strong></span> <span class='ocrx_word' id='word_1_71' title='bbox 935 776 1186 825; x_wconf 86' lang='lat' dir='ltr'><strong>tactionum,</strong></span> <span class='ocrx_word' id='word_1_72' title='bbox 1206 785 1249 816; x_wconf 86' lang='lat' dir='ltr'><strong>et</strong></span> <span class='ocrx_word' id='word_1_73' title='bbox 1272 776 1585 828; x_wconf 87' lang='lat' dir='ltr'><strong>odorationum,</strong></span> <span class='ocrx_word' id='word_1_74' title='bbox 1606 788 1648 819; x_wconf 93' lang='lat' dir='ltr'><strong>et</strong></span> 
     </span>
     <span class='ocr_line' id='line_1_12' title="bbox 216 832 1647 889; baseline 0 -15"><span class='ocrx_word' id='word_1_75' title='bbox 216 849 411 888; x_wconf 84' lang='lat' dir='ltr'><strong>saporum</strong></span> <span class='ocrx_word' id='word_1_76' title='bbox 433 851 441 874; x_wconf 77' lang='grc' dir='ltr'><strong><em>ε</em></strong></span> <span class='ocrx_word' id='word_1_77' title='bbox 475 849 569 889; x_wconf 84' lang='lat' dir='ltr'><strong>quae</strong></span> <span class='ocrx_word' id='word_1_78' title='bbox 591 842 688 874; x_wconf 86' lang='lat' dir='ltr'><strong>sunt</strong></span> <span class='ocrx_word' id='word_1_79' title='bbox 707 847 852 873; x_wconf 88' lang='lat' dir='ltr'><strong>omnes</strong></span> <span class='ocrx_word' id='word_1_80' title='bbox 883 833 1005 874; x_wconf 88' lang='lat' dir='ltr'><strong>unius</strong></span> <span class='ocrx_word' id='word_1_81' title='bbox 1035 832 1217 888; x_wconf 83' lang='lat' dir='ltr'><strong>generis,</strong></span> <span class='ocrx_word' id='word_1_82' title='bbox 1239 832 1292 872; x_wconf 81' lang='lat' dir='ltr'><strong>ad</strong></span> <span class='ocrx_word' id='word_1_83' title='bbox 1311 834 1647 888; x_wconf 85' lang='lat' dir='ltr'><strong>perfundendum</strong></span> 
     </span>
     <span class='ocr_line' id='line_1_13' title="bbox 152 889 1650 945; baseline 0 -14"><span class='ocrx_word' id='word_1_84' title='bbox 152 902 199 932; x_wconf 79' lang='lat'><strong>21</strong></span> <span class='ocrx_word' id='word_1_85' title='bbox 216 891 402 931; x_wconf 88' lang='lat' dir='ltr'><strong>animum</strong></span> <span class='ocrx_word' id='word_1_86' title='bbox 427 900 641 945; x_wconf 88' lang='lat' dir='ltr'><strong>tamquam</strong></span> <span class='ocrx_word' id='word_1_87' title='bbox 670 889 937 945; x_wconf 84' lang='lat' dir='ltr'><strong>illiquefactae</strong></span> <span class='ocrx_word' id='word_1_88' title='bbox 968 889 1219 944; x_wconf 84' lang='lat' dir='ltr'><strong>voluptates.</strong></span> <span class='ocrx_word' id='word_1_89' title='bbox 1276 889 1474 940; x_wconf 83' lang='lat' dir='ltr'><strong>Jactatio,</strong></span> <span class='ocrx_word' id='word_1_90' title='bbox 1495 899 1558 931; x_wconf 89' lang='lat' dir='ltr'><strong>est</strong></span> <span class='ocrx_word' id='word_1_91' title='bbox 1576 905 1650 931; x_wconf 89' lang='lat' dir='ltr'><strong>vo-</strong></span> 
     </span>
     <span class='ocr_line' id='line_1_14' title="bbox 215 945 1647 1002; baseline -0.001 -14"><span class='ocrx_word' id='word_1_92' title='bbox 215 948 354 1002; x_wconf 85' lang='lat' dir='ltr'><strong>luptas</strong></span> <span class='ocrx_word' id='word_1_93' title='bbox 376 947 575 1002; x_wconf 83' lang='lat' dir='ltr'><strong>gestiens,</strong></span> <span class='ocrx_word' id='word_1_94' title='bbox 595 955 638 987; x_wconf 89' lang='lat' dir='ltr'><strong>et</strong></span> <span class='ocrx_word' id='word_1_95' title='bbox 658 961 701 987; x_wconf 91' lang='lat' dir='ltr'><strong>se</strong></span> <span class='ocrx_word' id='word_1_96' title='bbox 722 947 896 988; x_wconf 85' lang='lat' dir='ltr'><strong>efferens</strong></span> <span class='ocrx_word' id='word_1_97' title='bbox 927 945 1186 987; x_wconf 87' lang='lat' dir='ltr'><strong>insolentius.</strong></span> <span class='ocrx_word' id='word_1_98' title='bbox 1246 946 1355 1001; x_wconf 69' lang='lat' dir='ltr'><strong>Quae</strong></span> <span class='ocrx_word' id='word_1_99' title='bbox 1386 955 1528 987; x_wconf 88' lang='lat' dir='ltr'><strong>autem</strong></span> <span class='ocrx_word' id='word_1_100' title='bbox 1550 947 1647 987; x_wconf 86' lang='lat' dir='ltr'><strong>libi-</strong></span> 
     </span>
     <span class='ocr_line' id='line_1_15' title="bbox 215 1002 1648 1059; baseline 0.001 -16"><span class='ocrx_word' id='word_1_101' title='bbox 215 1003 302 1043; x_wconf 88' lang='lat' dir='ltr'><strong>dini</strong></span> <span class='ocrx_word' id='word_1_102' title='bbox 323 1004 515 1059; x_wconf 87' lang='lat' dir='ltr'><strong>subjecta</strong></span> <span class='ocrx_word' id='word_1_103' title='bbox 546 1012 658 1053; x_wconf 88' lang='lat' dir='ltr'><strong>sunt,</strong></span> <span class='ocrx_word' id='word_1_104' title='bbox 679 1017 728 1044; x_wconf 91' lang='lat' dir='ltr'><strong>ea</strong></span> <span class='ocrx_word' id='word_1_105' title='bbox 759 1003 817 1044; x_wconf 91' lang='lat' dir='ltr'><strong>sic</strong></span> <span class='ocrx_word' id='word_1_106' title='bbox 847 1003 1116 1053; x_wconf 86' lang='lat' dir='ltr'><strong>definiuntur,</strong></span> <span class='ocrx_word' id='word_1_107' title='bbox 1138 1011 1186 1043; x_wconf 89' lang='lat' dir='ltr'><strong>ut</strong></span> <span class='ocrx_word' id='word_1_108' title='bbox 1208 1003 1289 1051; x_wconf 84' lang='lat' dir='ltr'><strong>Ira,</strong></span> <span class='ocrx_word' id='word_1_109' title='bbox 1309 1002 1363 1043; x_wconf 89' lang='lat' dir='ltr'><strong>sit</strong></span> <span class='ocrx_word' id='word_1_110' title='bbox 1392 1003 1526 1044; x_wconf 90' lang='lat' dir='ltr'><strong>libido</strong></span> <span class='ocrx_word' id='word_1_111' title='bbox 1556 1017 1648 1058; x_wconf 89' lang='lat' dir='ltr'><strong>poe-</strong></span> 
     </span>
     <span class='ocr_line' id='line_1_16' title="bbox 172 1059 1649 1116; baseline 0.001 -18"><span class='ocrx_word' id='word_1_112' title='bbox 172 1060 356 1100; x_wconf 47' lang='lat' dir='ltr'><strong>uniendi</strong></span> <span class='ocrx_word' id='word_1_113' title='bbox 377 1061 483 1116; x_wconf 87' lang='lat' dir='ltr'><strong>ejus,</strong></span> <span class='ocrx_word' id='word_1_114' title='bbox 504 1060 575 1116; x_wconf 89' lang='lat' dir='ltr'><strong>qui</strong></span> <span class='ocrx_word' id='word_1_115' title='bbox 592 1060 780 1101; x_wconf 84' lang='lat' dir='ltr'><strong>videatur</strong></span> <span class='ocrx_word' id='word_1_116' title='bbox 798 1059 954 1100; x_wconf 86' lang='lat' dir='ltr'><strong>laesisse</strong></span> <span class='ocrx_word' id='word_1_117' title='bbox 975 1059 1140 1115; x_wconf 84' lang='lat' dir='ltr'><strong>injuria.</strong></span> <span class='ocrx_word' id='word_1_118' title='bbox 1199 1059 1557 1100; x_wconf 87' lang='lat' dir='ltr'><strong>Excandescentia</strong></span> <span class='ocrx_word' id='word_1_119' title='bbox 1573 1074 1649 1100; x_wconf 87' lang='lat' dir='ltr'><strong>au·-</strong></span> 
     </span>
     <span class='ocr_line' id='line_1_17' title="bbox 214 1116 1649 1170; baseline -0.001 -12"><span class='ocrx_word' id='word_1_120' title='bbox 214 1126 315 1167; x_wconf 86' lang='lat' dir='ltr'><strong>tem,</strong></span> <span class='ocrx_word' id='word_1_121' title='bbox 338 1117 391 1157; x_wconf 87' lang='lat' dir='ltr'><strong>sit</strong></span> <span class='ocrx_word' id='word_1_122' title='bbox 411 1118 471 1158; x_wconf 90' lang='lat' dir='ltr'><strong>ira</strong></span> <span class='ocrx_word' id='word_1_123' title='bbox 492 1131 681 1165; x_wconf 88' lang='lat' dir='ltr'><strong>nascens,</strong></span> <span class='ocrx_word' id='word_1_124' title='bbox 701 1126 742 1157; x_wconf 87' lang='lat' dir='ltr'><strong>et</strong></span> <span class='ocrx_word' id='word_1_125' title='bbox 773 1116 902 1157; x_wconf 91' lang='lat' dir='ltr'><strong>modo</strong></span> <span class='ocrx_word' id='word_1_126' title='bbox 928 1116 1123 1165; x_wconf 84' lang='lat' dir='ltr'><strong>existens,</strong></span> <span class='ocrx_word' id='word_1_127' title='bbox 1144 1123 1180 1152; x_wconf 61' lang='grc' dir='ltr'><strong>Ω7</strong></span> <span class='ocrx_word' id='word_1_128' title='bbox 1197 1130 1292 1170; x_wconf 84' lang='lat' dir='ltr'><strong>quae</strong></span> <span class='ocrx_word' id='word_1_129' title='bbox 1313 1117 1476 1169; x_wconf 70' lang='grc' dir='ltr'><strong>θύμωο-ις</strong></span> <span class='ocrx_word' id='word_1_130' title='bbox 1498 1117 1649 1156; x_wconf 85' lang='lat' dir='ltr'><strong>Graece</strong></span> 
     </span>
     <span class='ocr_line' id='line_1_18' title="bbox 212 1172 1648 1222; baseline -0.001 -8"><span class='ocrx_word' id='word_1_131' title='bbox 212 1173 394 1215; x_wconf 87' lang='lat' dir='ltr'><strong>dicitur:</strong></span> <span class='ocrx_word' id='word_1_132' title='bbox 439 1174 612 1222; x_wconf 86' lang='lat' dir='ltr'><strong>Odium,</strong></span> <span class='ocrx_word' id='word_1_133' title='bbox 652 1174 712 1213; x_wconf 88' lang='lat' dir='ltr'><strong>ira</strong></span> <span class='ocrx_word' id='word_1_134' title='bbox 750 1173 999 1213; x_wconf 82' lang='lat' dir='ltr'><strong>inveterata:</strong></span> <span class='ocrx_word' id='word_1_135' title='bbox 1041 1172 1280 1221; x_wconf 88' lang='lat' dir='ltr'><strong>Inimicitia,</strong></span> <span class='ocrx_word' id='word_1_136' title='bbox 1320 1172 1381 1213; x_wconf 89' lang='lat' dir='ltr'><strong>ira</strong></span> <span class='ocrx_word' id='word_1_137' title='bbox 1418 1172 1648 1214; x_wconf 87' lang='lat' dir='ltr'><strong>ulciscendi</strong></span> 
     </span>
     <span class='ocr_line' id='line_1_19' title="bbox 210 1228 1649 1285; baseline -0.002 -14"><span class='ocrx_word' id='word_1_138' title='bbox 210 1238 380 1285; x_wconf 83' lang='lat' dir='ltr'><strong>tempus</strong></span> <span class='ocrx_word' id='word_1_139' title='bbox 401 1231 625 1271; x_wconf 78' lang='lat' dir='ltr'><strong>observans</strong></span> <span class='ocrx_word' id='word_1_140' title='bbox 644 1247 653 1270; x_wconf 78' lang='lat' dir='ltr'><em>z</em></span> <span class='ocrx_word' id='word_1_141' title='bbox 685 1229 923 1278; x_wconf 81' lang='lat' dir='ltr'><strong>Discordia,</strong></span> <span class='ocrx_word' id='word_1_142' title='bbox 944 1229 1003 1269; x_wconf 89' lang='lat' dir='ltr'><strong>ira</strong></span> <span class='ocrx_word' id='word_1_143' title='bbox 1023 1228 1225 1278; x_wconf 82' lang='lat' dir='ltr'><strong>acerbior,</strong></span> <span class='ocrx_word' id='word_1_144' title='bbox 1247 1236 1286 1259; x_wconf 73' lang='lat'><strong>28</strong></span> <span class='ocrx_word' id='word_1_145' title='bbox 1301 1228 1450 1269; x_wconf 88' lang='lat' dir='ltr'><strong>intimo</strong></span> <span class='ocrx_word' id='word_1_146' title='bbox 1481 1228 1580 1269; x_wconf 91' lang='lat' dir='ltr'><strong>odio</strong></span> <span class='ocrx_word' id='word_1_147' title='bbox 1605 1237 1649 1269; x_wconf 89' lang='lat' dir='ltr'><strong>et</strong></span> 
     </span>
     <span class='ocr_line' id='line_1_20' title="bbox 210 1283 1648 1342; baseline -0.002 -15"><span class='ocrx_word' id='word_1_148' title='bbox 210 1287 339 1328; x_wconf 87' lang='lat' dir='ltr'><strong>corde</strong></span> <span class='ocrx_word' id='word_1_149' title='bbox 360 1296 565 1342; x_wconf 83' lang='lat' dir='ltr'><strong>concepta</strong></span> <span class='ocrx_word' id='word_1_150' title='bbox 583 1306 591 1328; x_wconf 74' lang='lat'>2</span> <span class='ocrx_word' id='word_1_151' title='bbox 624 1285 879 1340; x_wconf 87' lang='lat' dir='ltr'><strong>Indigentia,</strong></span> <span class='ocrx_word' id='word_1_152' title='bbox 899 1285 1029 1326; x_wconf 87' lang='lat' dir='ltr'><strong>libido</strong></span> <span class='ocrx_word' id='word_1_153' title='bbox 1048 1283 1331 1340; x_wconf 82' lang='lat' dir='ltr'><strong>inexplebilis:</strong></span> <span class='ocrx_word' id='word_1_154' title='bbox 1364 1284 1648 1335; x_wconf 90' lang='lat' dir='ltr'><strong>Desiderium,</strong></span> 
     </span>
     <span class='ocr_line' id='line_1_21' title="bbox 210 1340 1650 1399; baseline -0.001 -15"><span class='ocrx_word' id='word_1_155' title='bbox 210 1343 342 1384; x_wconf 90' lang='lat' dir='ltr'><strong>libido</strong></span> <span class='ocrx_word' id='word_1_156' title='bbox 362 1344 467 1399; x_wconf 84' lang='lat' dir='ltr'><strong>ejus,</strong></span> <span class='ocrx_word' id='word_1_157' title='bbox 490 1343 561 1398; x_wconf 91' lang='lat' dir='ltr'><strong>qui</strong></span> <span class='ocrx_word' id='word_1_158' title='bbox 584 1342 771 1383; x_wconf 86' lang='lat' dir='ltr'><strong>nondum</strong></span> <span class='ocrx_word' id='word_1_159' title='bbox 793 1341 916 1392; x_wconf 86' lang='lat' dir='ltr'><strong>adsit,</strong></span> <span class='ocrx_word' id='word_1_160' title='bbox 938 1341 1116 1383; x_wconf 88' lang='lat' dir='ltr'><strong>videndi.</strong></span> <span class='ocrx_word' id='word_1_161' title='bbox 1176 1350 1215 1375; x_wconf 79' lang='lat'><strong>29</strong></span> <span class='ocrx_word' id='word_1_162' title='bbox 1229 1341 1514 1396; x_wconf 83' lang='lat' dir='ltr'><strong>Distinguunt</strong></span> <span class='ocrx_word' id='word_1_163' title='bbox 1543 1340 1650 1382; x_wconf 91' lang='lat' dir='ltr'><strong>illud</strong></span> 
     </span>
     <span class='ocr_line' id='line_1_22' title="bbox 209 1397 1650 1454; baseline -0.001 -14"><span class='ocrx_word' id='word_1_164' title='bbox 209 1400 352 1450; x_wconf 86' lang='lat' dir='ltr'><strong>etiam,</strong></span> <span class='ocrx_word' id='word_1_165' title='bbox 374 1411 421 1440; x_wconf 92' lang='lat' dir='ltr'><strong>ut</strong></span> <span class='ocrx_word' id='word_1_166' title='bbox 442 1400 495 1440; x_wconf 90' lang='lat' dir='ltr'><strong>sit</strong></span> <span class='ocrx_word' id='word_1_167' title='bbox 515 1399 647 1440; x_wconf 86' lang='lat' dir='ltr'><strong>libido</strong></span> <span class='ocrx_word' id='word_1_168' title='bbox 677 1414 822 1440; x_wconf 87' lang='lat' dir='ltr'><strong>earum</strong></span> <span class='ocrx_word' id='word_1_169' title='bbox 854 1414 1008 1449; x_wconf 88' lang='lat' dir='ltr'><strong>rerum,</strong></span> <span class='ocrx_word' id='word_1_170' title='bbox 1030 1413 1125 1454; x_wconf 82' lang='lat' dir='ltr'><strong>quae</strong></span> <span class='ocrx_word' id='word_1_171' title='bbox 1155 1397 1354 1439; x_wconf 86' lang='lat' dir='ltr'><strong>dicuntur</strong></span> <span class='ocrx_word' id='word_1_172' title='bbox 1373 1398 1426 1438; x_wconf 91' lang='lat' dir='ltr'><strong>de</strong></span> <span class='ocrx_word' id='word_1_173' title='bbox 1448 1397 1650 1453; x_wconf 89' lang='lat' dir='ltr'><strong>quodam,</strong></span> 
     </span>
     <span class='ocr_line' id='line_1_23' title="bbox 211 1454 1650 1512; baseline -0.001 -15"><span class='ocrx_word' id='word_1_174' title='bbox 211 1466 286 1497; x_wconf 91' lang='lat' dir='ltr'><strong>aut</strong></span> <span class='ocrx_word' id='word_1_175' title='bbox 318 1457 598 1512; x_wconf 89' lang='lat' dir='ltr'><strong>quibusdam:</strong></span> <span class='ocrx_word' id='word_1_176' title='bbox 632 1471 725 1512; x_wconf 91' lang='lat' dir='ltr'><strong>quae</strong></span> <span class='ocrx_word' id='word_1_177' title='bbox 760 1455 1053 1511; x_wconf 78' lang='grc' dir='ltr'><em>κατηγορήματα</em></span> <span class='ocrx_word' id='word_1_178' title='bbox 1089 1454 1297 1495; x_wconf 90' lang='lat' dir='ltr'><strong>dialectici</strong></span> <span class='ocrx_word' id='word_1_179' title='bbox 1329 1454 1570 1510; x_wconf 80' lang='lat' dir='ltr'><strong>appellant3</strong></span> <span class='ocrx_word' id='word_1_180' title='bbox 1601 1462 1650 1494; x_wconf 91' lang='lat' dir='ltr'><strong>ut</strong></span> 
     </span>
     <span class='ocr_line' id='line_1_24' title="bbox 211 1511 1649 1568; baseline -0.002 -14"><span class='ocrx_word' id='word_1_181' title='bbox 211 1513 367 1554; x_wconf 90' lang='lat' dir='ltr'><strong>habere</strong></span> <span class='ocrx_word' id='word_1_182' title='bbox 397 1513 575 1563; x_wconf 81' lang='lat' dir='ltr'><strong>divitias,</strong></span> <span class='ocrx_word' id='word_1_183' title='bbox 598 1526 746 1568; x_wconf 80' lang='lat' dir='ltr'><strong>capere</strong></span> <span class='ocrx_word' id='word_1_184' title='bbox 776 1512 972 1553; x_wconf 84' lang='lat' dir='ltr'><strong>honores.</strong></span> <span class='ocrx_word' id='word_1_185' title='bbox 1035 1511 1290 1567; x_wconf 85' lang='lat' dir='ltr'><strong>Indigentia,</strong></span> <span class='ocrx_word' id='word_1_186' title='bbox 1311 1519 1353 1543; x_wconf 73' lang='lat'><strong>30</strong></span> <span class='ocrx_word' id='word_1_187' title='bbox 1366 1526 1506 1552; x_wconf 88' lang='lat' dir='ltr'><strong>rerum</strong></span> <span class='ocrx_word' id='word_1_188' title='bbox 1536 1511 1649 1566; x_wconf 89' lang='lat' dir='ltr'><strong>ipsa-</strong></span> 
     </span>
     <span class='ocr_line' id='line_1_25' title="bbox 148 1568 1648 1624; baseline -0.001 -15"><span class='ocrx_word' id='word_1_189' title='bbox 148 1577 199 1609; x_wconf 84' lang='lat'><strong>22</strong></span> <span class='ocrx_word' id='word_1_190' title='bbox 213 1585 306 1610; x_wconf 88' lang='lat' dir='ltr'><strong>rum</strong></span> <span class='ocrx_word' id='word_1_191' title='bbox 328 1578 405 1621; x_wconf 85' lang='lat' dir='ltr'><strong>est,</strong></span> <span class='ocrx_word' id='word_1_192' title='bbox 426 1579 475 1611; x_wconf 91' lang='lat' dir='ltr'><strong>ut</strong></span> <span class='ocrx_word' id='word_1_193' title='bbox 493 1570 718 1618; x_wconf 86' lang='lat' dir='ltr'><strong>honorum,</strong></span> <span class='ocrx_word' id='word_1_194' title='bbox 737 1578 786 1610; x_wconf 90' lang='lat' dir='ltr'><strong>ut</strong></span> <span class='ocrx_word' id='word_1_195' title='bbox 810 1569 1013 1624; x_wconf 85' lang='lat' dir='ltr'><strong>pecuniae.</strong></span> <span class='ocrx_word' id='word_1_196' title='bbox 1074 1568 1279 1608; x_wconf 89' lang='lat' dir='ltr'><strong>Omnium</strong></span> <span class='ocrx_word' id='word_1_197' title='bbox 1311 1576 1454 1608; x_wconf 90' lang='lat' dir='ltr'><strong>autem</strong></span> <span class='ocrx_word' id='word_1_198' title='bbox 1482 1576 1648 1622; x_wconf 88' lang='lat' dir='ltr'><strong>pertur-</strong></span> 
     </span>
     <span class='ocr_line' id='line_1_26' title="bbox 210 1624 1649 1680; baseline -0.002 -13"><span class='ocrx_word' id='word_1_199' title='bbox 210 1627 432 1667; x_wconf 88' lang='lat' dir='ltr'><strong>bationum</strong></span> <span class='ocrx_word' id='word_1_200' title='bbox 465 1627 627 1667; x_wconf 85' lang='lat' dir='ltr'><strong>fontem</strong></span> <span class='ocrx_word' id='word_1_201' title='bbox 659 1640 750 1667; x_wconf 91' lang='lat' dir='ltr'><strong>esse</strong></span> <span class='ocrx_word' id='word_1_202' title='bbox 781 1625 941 1676; x_wconf 85' lang='lat' dir='ltr'><strong>dicunt,</strong></span> <span class='ocrx_word' id='word_1_203' title='bbox 974 1624 1370 1680; x_wconf 85' lang='lat' dir='ltr'><strong>Intemperantiam:</strong></span> <span class='ocrx_word' id='word_1_204' title='bbox 1403 1639 1497 1680; x_wconf 87' lang='lat' dir='ltr'><strong>quae</strong></span> <span class='ocrx_word' id='word_1_205' title='bbox 1531 1631 1595 1664; x_wconf 86' lang='lat' dir='ltr'><strong>est</strong></span> <span class='ocrx_word' id='word_1_206' title='bbox 1624 1637 1649 1664; x_wconf 87' lang='lat' dir='ltr'><strong>a</strong></span> 
     </span>
     <span class='ocr_line' id='line_1_27' title="bbox 209 1680 1647 1735; baseline -0.003 -11"><span class='ocrx_word' id='word_1_207' title='bbox 209 1692 301 1724; x_wconf 87' lang='lat' dir='ltr'><strong>tota</strong></span> <span class='ocrx_word' id='word_1_208' title='bbox 330 1692 487 1733; x_wconf 86' lang='lat' dir='ltr'><strong>mente,</strong></span> <span class='ocrx_word' id='word_1_209' title='bbox 508 1691 544 1714; x_wconf 78' lang='lat'><strong>31</strong></span> <span class='ocrx_word' id='word_1_210' title='bbox 562 1693 606 1723; x_wconf 89' lang='lat' dir='ltr'><strong>et</strong></span> <span class='ocrx_word' id='word_1_211' title='bbox 637 1698 662 1723; x_wconf 92' lang='lat' dir='ltr'><strong>a</strong></span> <span class='ocrx_word' id='word_1_212' title='bbox 693 1690 807 1723; x_wconf 89' lang='lat' dir='ltr'><strong>recta</strong></span> <span class='ocrx_word' id='word_1_213' title='bbox 840 1682 998 1722; x_wconf 89' lang='lat' dir='ltr'><strong>ratione</strong></span> <span class='ocrx_word' id='word_1_214' title='bbox 1029 1680 1227 1731; x_wconf 87' lang='lat' dir='ltr'><strong>defectio,</strong></span> <span class='ocrx_word' id='word_1_215' title='bbox 1248 1680 1307 1721; x_wconf 86' lang='lat' dir='ltr'><strong>sic</strong></span> <span class='ocrx_word' id='word_1_216' title='bbox 1335 1695 1476 1721; x_wconf 87' lang='lat' dir='ltr'><strong>aversa</strong></span> <span class='ocrx_word' id='word_1_217' title='bbox 1495 1695 1519 1720; x_wconf 91' lang='lat' dir='ltr'><strong>a</strong></span> <span class='ocrx_word' id='word_1_218' title='bbox 1538 1694 1647 1735; x_wconf 88' lang='lat' dir='ltr'><strong>prae-</strong></span> 
     </span>
     <span class='ocr_line' id='line_1_28' title="bbox 209 1736 1650 1795; baseline -0.003 -14"><span class='ocrx_word' id='word_1_219' title='bbox 209 1740 438 1795; x_wconf 87' lang='lat' dir='ltr'><strong>scriptione</strong></span> <span class='ocrx_word' id='word_1_220' title='bbox 475 1739 662 1789; x_wconf 85' lang='lat' dir='ltr'><strong>rationis,</strong></span> <span class='ocrx_word' id='word_1_221' title='bbox 698 1748 746 1780; x_wconf 91' lang='lat' dir='ltr'><strong>ut</strong></span> <span class='ocrx_word' id='word_1_222' title='bbox 778 1738 895 1779; x_wconf 90' lang='lat' dir='ltr'><strong>nullo</strong></span> <span class='ocrx_word' id='word_1_223' title='bbox 929 1738 1059 1779; x_wconf 92' lang='lat' dir='ltr'><strong>modo</strong></span> <span class='ocrx_word' id='word_1_224' title='bbox 1095 1736 1377 1792; x_wconf 78' lang='lat' dir='ltr'><strong>appetitiones</strong></span> <span class='ocrx_word' id='word_1_225' title='bbox 1408 1737 1537 1777; x_wconf 86' lang='lat' dir='ltr'><strong>animi</strong></span> <span class='ocrx_word' id='word_1_226' title='bbox 1571 1750 1650 1777; x_wconf 87' lang='lat' dir='ltr'><strong>nec</strong></span> 
     </span>
     <span class='ocr_line' id='line_1_29' title="bbox 209 1793 1649 1852; baseline -0.003 -15"><span class='ocrx_word' id='word_1_227' title='bbox 209 1797 316 1852; x_wconf 83' lang='lat' dir='ltr'><strong>regi,</strong></span> <span class='ocrx_word' id='word_1_228' title='bbox 339 1811 416 1837; x_wconf 91' lang='lat' dir='ltr'><strong>nec</strong></span> <span class='ocrx_word' id='word_1_229' title='bbox 437 1796 643 1837; x_wconf 87' lang='lat' dir='ltr'><strong>contineri</strong></span> <span class='ocrx_word' id='word_1_230' title='bbox 664 1805 833 1851; x_wconf 85' lang='lat' dir='ltr'><strong>queant.</strong></span> <span class='ocrx_word' id='word_1_231' title='bbox 865 1794 1228 1851; x_wconf 85' lang='lat' dir='ltr'><strong>quemadmodum</strong></span> <span class='ocrx_word' id='word_1_232' title='bbox 1258 1793 1390 1848; x_wconf 85' lang='lat' dir='ltr'><strong>igitur</strong></span> <span class='ocrx_word' id='word_1_233' title='bbox 1409 1802 1649 1848; x_wconf 85' lang='lat' dir='ltr'><strong>temperan-</strong></span> 
     </span>
     <span class='ocr_line' id='line_1_30' title="bbox 207 1849 1650 1908; baseline -0.003 -14"><span class='ocrx_word' id='word_1_234' title='bbox 207 1853 267 1894; x_wconf 83' lang='lat' dir='ltr'><strong>tia</strong></span> <span class='ocrx_word' id='word_1_235' title='bbox 286 1853 404 1894; x_wconf 88' lang='lat' dir='ltr'><strong>sedat</strong></span> <span class='ocrx_word' id='word_1_236' title='bbox 422 1853 717 1908; x_wconf 82' lang='lat' dir='ltr'><strong>appetitiones,</strong></span> <span class='ocrx_word' id='word_1_237' title='bbox 738 1860 781 1892; x_wconf 94' lang='lat' dir='ltr'><strong>et</strong></span> <span class='ocrx_word' id='word_1_238' title='bbox 801 1851 942 1901; x_wconf 89' lang='lat' dir='ltr'><strong>efficit,</strong></span> <span class='ocrx_word' id='word_1_239' title='bbox 962 1860 1010 1893; x_wconf 89' lang='lat' dir='ltr'><strong>ut</strong></span> <span class='ocrx_word' id='word_1_240' title='bbox 1031 1865 1092 1892; x_wconf 87' lang='lat' dir='ltr'><strong>eae</strong></span> <span class='ocrx_word' id='word_1_241' title='bbox 1112 1858 1237 1892; x_wconf 85' lang='lat' dir='ltr'><strong>rectae</strong></span> <span class='ocrx_word' id='word_1_242' title='bbox 1268 1849 1422 1890; x_wconf 88' lang='lat' dir='ltr'><strong>rationi</strong></span> <span class='ocrx_word' id='word_1_243' title='bbox 1449 1856 1650 1905; x_wconf 82' lang='lat' dir='ltr'><strong>pareant;</strong></span> 
     </span>
     <span class='ocr_line' id='line_1_31' title="bbox 207 1906 1649 1966; baseline -0.003 -15"><span class='ocrx_word' id='word_1_244' title='bbox 207 1919 509 1966; x_wconf 84' lang='lat' dir='ltr'><strong>conservatque</strong></span> <span class='ocrx_word' id='word_1_245' title='bbox 541 1909 806 1951; x_wconf 89' lang='lat' dir='ltr'><strong>considerata</strong></span> <span class='ocrx_word' id='word_1_246' title='bbox 835 1908 999 1964; x_wconf 88' lang='lat' dir='ltr'><strong>judicia</strong></span> <span class='ocrx_word' id='word_1_247' title='bbox 1032 1907 1214 1948; x_wconf 81' lang='lat' dir='ltr'><strong>mentis:</strong></span> <span class='ocrx_word' id='word_1_248' title='bbox 1251 1907 1309 1947; x_wconf 88' lang='lat' dir='ltr'><strong>sic</strong></span> <span class='ocrx_word' id='word_1_249' title='bbox 1345 1906 1444 1947; x_wconf 91' lang='lat' dir='ltr'><strong>huic</strong></span> <span class='ocrx_word' id='word_1_250' title='bbox 1479 1906 1649 1947; x_wconf 89' lang='lat' dir='ltr'><strong>inimica</strong></span> 
     </span>
     <span class='ocr_line' id='line_1_32' title="bbox 207 1963 1648 2022; baseline -0.003 -14"><span class='ocrx_word' id='word_1_251' title='bbox 207 1966 546 2022; x_wconf 85' lang='lat' dir='ltr'><strong>intemperantia,</strong></span> <span class='ocrx_word' id='word_1_252' title='bbox 579 1980 750 2008; x_wconf 89' lang='lat' dir='ltr'><strong>omnem</strong></span> <span class='ocrx_word' id='word_1_253' title='bbox 782 1965 910 2006; x_wconf 85' lang='lat' dir='ltr'><strong>animi</strong></span> <span class='ocrx_word' id='word_1_254' title='bbox 939 1974 1096 2006; x_wconf 86' lang='lat' dir='ltr'><strong>statum</strong></span> <span class='ocrx_word' id='word_1_255' title='bbox 1127 1963 1376 2014; x_wconf 83' lang='lat' dir='ltr'><strong>inflammat,</strong></span> <span class='ocrx_word' id='word_1_256' title='bbox 1405 1963 1648 2012; x_wconf 87' lang='lat' dir='ltr'><strong>conturbat,</strong></span> 
     </span>
     <span class='ocr_line' id='line_1_33' title="bbox 210 2019 1649 2079; baseline -0.003 -16"><span class='ocrx_word' id='word_1_257' title='bbox 210 2023 369 2064; x_wconf 87' lang='lat' dir='ltr'><strong>incitat.</strong></span> <span class='ocrx_word' id='word_1_258' title='bbox 400 2024 542 2079; x_wconf 88' lang='lat' dir='ltr'><strong>itaque</strong></span> <span class='ocrx_word' id='word_1_259' title='bbox 562 2033 605 2064; x_wconf 86' lang='lat' dir='ltr'><strong>et</strong></span> <span class='ocrx_word' id='word_1_260' title='bbox 625 2022 912 2078; x_wconf 75' lang='lat' dir='ltr'><strong>aegritudines,</strong></span> <span class='ocrx_word' id='word_1_261' title='bbox 933 2032 976 2062; x_wconf 89' lang='lat' dir='ltr'><strong>et</strong></span> <span class='ocrx_word' id='word_1_262' title='bbox 995 2030 1150 2071; x_wconf 86' lang='lat' dir='ltr'><strong>metus,</strong></span> <span class='ocrx_word' id='word_1_263' title='bbox 1172 2029 1214 2061; x_wconf 90' lang='lat' dir='ltr'><strong>et</strong></span> <span class='ocrx_word' id='word_1_264' title='bbox 1234 2020 1405 2075; x_wconf 85' lang='lat' dir='ltr'><strong>reliquae</strong></span> <span class='ocrx_word' id='word_1_265' title='bbox 1426 2019 1649 2075; x_wconf 84' lang='lat' dir='ltr'><strong>perturba-</strong></span> 
     </span>
     <span class='ocr_line' id='line_1_34' title="bbox 132 2073 1647 2135; baseline -0.004 -14"><span class='ocrx_word' id='word_1_266' title='bbox 132 2073 200 2120; x_wconf 83' lang='lat'><strong>10</strong></span> <span class='ocrx_word' id='word_1_267' title='bbox 212 2080 346 2121; x_wconf 88' lang='lat' dir='ltr'><strong>tiones</strong></span> <span class='ocrx_word' id='word_1_268' title='bbox 380 2094 527 2121; x_wconf 87' lang='lat' dir='ltr'><strong>omnes</strong></span> <span class='ocrx_word' id='word_1_269' title='bbox 559 2080 795 2135; x_wconf 83' lang='lat' dir='ltr'><strong>gignuntur</strong></span> <span class='ocrx_word' id='word_1_270' title='bbox 825 2094 876 2119; x_wconf 79' lang='lat' dir='ltr'><strong>ex</strong></span> <span class='ocrx_word' id='word_1_271' title='bbox 906 2093 968 2119; x_wconf 88' lang='lat' dir='ltr'><strong>ea.</strong></span> <span class='ocrx_word' id='word_1_272' title='bbox 1028 2076 1409 2120; x_wconf 78' lang='lat' dir='ltr'><strong>Quemadmodum</strong></span> <span class='ocrx_word' id='word_1_273' title='bbox 1431 2091 1529 2116; x_wconf 90' lang='lat' dir='ltr'><strong>cum</strong></span> <span class='ocrx_word' id='word_1_274' title='bbox 1552 2090 1647 2116; x_wconf 88' lang='lat' dir='ltr'><strong>san-</strong></span> 
     </span>
     <span class='ocr_line' id='line_1_35' title="bbox 146 2132 1648 2192; baseline -0.005 -13"><span class='ocrx_word' id='word_1_275' title='bbox 146 2149 194 2180; x_wconf 86' lang='lat'><strong>23</strong></span> <span class='ocrx_word' id='word_1_276' title='bbox 209 2138 307 2192; x_wconf 82' lang='lat' dir='ltr'><strong>guis</strong></span> <span class='ocrx_word' id='word_1_277' title='bbox 327 2146 550 2192; x_wconf 89' lang='lat' dir='ltr'><strong>corruptus</strong></span> <span class='ocrx_word' id='word_1_278' title='bbox 571 2145 649 2187; x_wconf 89' lang='lat' dir='ltr'><strong>est,</strong></span> <span class='ocrx_word' id='word_1_279' title='bbox 671 2146 743 2177; x_wconf 90' lang='lat' dir='ltr'><strong>aut</strong></span> <span class='ocrx_word' id='word_1_280' title='bbox 765 2136 916 2191; x_wconf 85' lang='lat' dir='ltr'><strong>pituita</strong></span> <span class='ocrx_word' id='word_1_281' title='bbox 936 2134 1160 2184; x_wconf 83' lang='lat' dir='ltr'><strong>redundat,</strong></span> <span class='ocrx_word' id='word_1_282' title='bbox 1182 2143 1255 2174; x_wconf 89' lang='lat' dir='ltr'><strong>aut</strong></span> <span class='ocrx_word' id='word_1_283' title='bbox 1280 2133 1389 2183; x_wconf 89' lang='lat' dir='ltr'><strong>bilis,</strong></span> <span class='ocrx_word' id='word_1_284' title='bbox 1409 2132 1452 2173; x_wconf 89' lang='lat' dir='ltr'><strong>in</strong></span> <span class='ocrx_word' id='word_1_285' title='bbox 1471 2145 1648 2186; x_wconf 89' lang='lat' dir='ltr'><strong>corpore</strong></span> 
     </span>
     <span class='ocr_line' id='line_1_36' title="bbox 208 2189 1645 2249; baseline -0.004 -15"><span class='ocrx_word' id='word_1_286' title='bbox 208 2194 347 2235; x_wconf 88' lang='lat' dir='ltr'><strong>morbi</strong></span> <span class='ocrx_word' id='word_1_287' title='bbox 376 2194 759 2249; x_wconf 78' lang='lat' dir='ltr'><strong>aegrotationesque</strong></span> <span class='ocrx_word' id='word_1_288' title='bbox 789 2203 1032 2243; x_wconf 85' lang='lat' dir='ltr'><strong>nascuntur,</strong></span> <span class='ocrx_word' id='word_1_289' title='bbox 1054 2192 1112 2232; x_wconf 90' lang='lat' dir='ltr'><strong>sic</strong></span> <span class='ocrx_word' id='word_1_290' title='bbox 1145 2205 1366 2246; x_wconf 88' lang='lat' dir='ltr'><strong>pravarum</strong></span> <span class='ocrx_word' id='word_1_291' title='bbox 1397 2189 1645 2244; x_wconf 89' lang='lat' dir='ltr'><strong>opinionum</strong></span> 
     </span>
     <span class='ocr_line' id='line_1_37' title="bbox 207 2244 1647 2306; baseline -0.006 -14"><span class='ocrx_word' id='word_1_292' title='bbox 207 2251 492 2302; x_wconf 88' lang='lat' dir='ltr'><strong>conturbatio,</strong></span> <span class='ocrx_word' id='word_1_293' title='bbox 513 2259 555 2291; x_wconf 89' lang='lat' dir='ltr'><strong>et</strong></span> <span class='ocrx_word' id='word_1_294' title='bbox 575 2250 760 2306; x_wconf 89' lang='lat' dir='ltr'><strong>ipsarum</strong></span> <span class='ocrx_word' id='word_1_295' title='bbox 782 2250 889 2291; x_wconf 91' lang='lat' dir='ltr'><strong>inter</strong></span> <span class='ocrx_word' id='word_1_296' title='bbox 917 2264 963 2290; x_wconf 90' lang='lat' dir='ltr'><strong>se</strong></span> <span class='ocrx_word' id='word_1_297' title='bbox 983 2247 1276 2304; x_wconf 85' lang='lat' dir='ltr'><strong>repugnantia,</strong></span> <span class='ocrx_word' id='word_1_298' title='bbox 1298 2245 1474 2287; x_wconf 89' lang='lat' dir='ltr'><strong>sanitate</strong></span> <span class='ocrx_word' id='word_1_299' title='bbox 1494 2244 1647 2300; x_wconf 86' lang='lat' dir='ltr'><strong>spoliat</strong></span> 
     </span>
    </p>
   </div>
   <div class='ocr_carea' id='block_1_4' title="bbox 205 2401 1647 2877">
    <p class='ocr_par' dir='ltr' id='par_1_4' title="bbox 206 2401 1646 2531">
     <span class='ocr_line' id='line_1_38' title="bbox 251 2401 1646 2451; baseline -0.004 -12"><span class='ocrx_word' id='word_1_300' title='bbox 251 2417 288 2445; x_wconf 78' lang='lat'><strong>‘27</strong></span> <span class='ocrx_word' id='word_1_301' title='bbox 319 2420 384 2451; x_wconf 73' lang='lat' dir='ltr'><strong>quae</strong></span> <span class='ocrx_word' id='word_1_302' title='bbox 407 2407 535 2446; x_wconf 63' lang='grc' dir='ltr'><strong>θύμωσις</strong></span> <span class='ocrx_word' id='word_1_303' title='bbox 562 2407 667 2437; x_wconf 78' lang='lat' dir='ltr'><strong>Graece</strong></span> <span class='ocrx_word' id='word_1_304' title='bbox 689 2405 808 2444; x_wconf 84' lang='lat' dir='ltr'><strong>dicitur]</strong></span> <span class='ocrx_word' id='word_1_305' title='bbox 833 2406 905 2436; x_wconf 87' lang='lat' dir='ltr'><strong>Dis·</strong></span> <span class='ocrx_word' id='word_1_306' title='bbox 949 2404 1091 2434; x_wconf 83' lang='lat' dir='ltr'><strong>bendum</strong></span> <span class='ocrx_word' id='word_1_307' title='bbox 1110 2402 1304 2442; x_wconf 74' lang='lat' dir='ltr'><strong>Distinguunt</strong></span> <span class='ocrx_word' id='word_1_308' title='bbox 1327 2402 1428 2440; x_wconf 77' lang='lat' dir='ltr'><strong>etiam,</strong></span> <span class='ocrx_word' id='word_1_309' title='bbox 1444 2401 1521 2432; x_wconf 81' lang='lat' dir='ltr'><strong>illud</strong></span> <span class='ocrx_word' id='word_1_310' title='bbox 1541 2408 1574 2431; x_wconf 81' lang='lat' dir='ltr'><strong>ut</strong></span> <span class='ocrx_word' id='word_1_311' title='bbox 1595 2402 1646 2439; x_wconf 71' lang='lat' dir='ltr'><strong>sit,</strong></span> 
     </span>
     <span class='ocr_line' id='line_1_39' title="bbox 206 2444 1646 2492; baseline -0.006 -9"><span class='ocrx_word' id='word_1_312' title='bbox 206 2453 302 2492; x_wconf 85' lang='lat' dir='ltr'><strong>plicet</strong></span> <span class='ocrx_word' id='word_1_313' title='bbox 332 2463 392 2481; x_wconf 82' lang='lat' dir='ltr'><strong>vox</strong></span> <span class='ocrx_word' id='word_1_314' title='bbox 421 2451 550 2488; x_wconf 67' lang='grc' dir='ltr'><strong>θύμωσις</strong></span> <span class='ocrx_word' id='word_1_315' title='bbox 578 2452 610 2480; x_wconf 84' lang='lat' dir='ltr'><strong>h.</strong></span> <span class='ocrx_word' id='word_1_316' title='bbox 637 2451 657 2480; x_wconf 91' lang='lat' dir='ltr'><strong>l.</strong></span> <span class='ocrx_word' id='word_1_317' title='bbox 685 2450 846 2488; x_wconf 84' lang='lat' dir='ltr'><strong>Stephano</strong></span> <span class='ocrx_word' id='word_1_318' title='bbox 873 2449 905 2478; x_wconf 87' lang='lat' dir='ltr'><strong>in</strong></span> <span class='ocrx_word' id='word_1_319' title='bbox 950 2448 991 2477; x_wconf 86' lang='lat' dir='ltr'><strong>ita</strong></span> <span class='ocrx_word' id='word_1_320' title='bbox 1007 2457 1072 2476; x_wconf 90' lang='lat' dir='ltr'><strong>non</strong></span> <span class='ocrx_word' id='word_1_321' title='bbox 1088 2456 1168 2485; x_wconf 88' lang='lat' dir='ltr'><strong>opus</strong></span> <span class='ocrx_word' id='word_1_322' title='bbox 1184 2447 1241 2475; x_wconf 81' lang='lat' dir='ltr'><strong>erit</strong></span> <span class='ocrx_word' id='word_1_323' title='bbox 1260 2451 1328 2485; x_wconf 85' lang='lat' dir='ltr'><strong>post</strong></span> <span class='ocrx_word' id='word_1_324' title='bbox 1350 2446 1460 2475; x_wconf 85' lang='lat' dir='ltr'><strong>addere</strong></span> <span class='ocrx_word' id='word_1_325' title='bbox 1476 2444 1646 2475; x_wconf 75' lang='lat' dir='ltr'><strong>desiderium</strong></span> 
     </span>
     <span class='ocr_line' id='line_1_40' title="bbox 207 2488 1468 2531; baseline -0.007 -5"><span class='ocrx_word' id='word_1_326' title='bbox 207 2497 305 2526; x_wconf 85' lang='lat' dir='ltr'><strong>Thes.</strong></span> <span class='ocrx_word' id='word_1_327' title='bbox 324 2496 380 2525; x_wconf 86' lang='lat' dir='ltr'><strong>Gr.</strong></span> <span class='ocrx_word' id='word_1_328' title='bbox 398 2496 431 2523; x_wconf 94' lang='lat' dir='ltr'><strong>L.</strong></span> <span class='ocrx_word' id='word_1_329' title='bbox 476 2493 729 2531; x_wconf 77' lang='lat' dir='ltr'><strong>Valkenarioque</strong></span> <span class='ocrx_word' id='word_1_330' title='bbox 744 2493 777 2521; x_wconf 87' lang='lat' dir='ltr'><strong>in</strong></span> <span class='ocrx_word' id='word_1_331' title='bbox 793 2492 906 2530; x_wconf 79' lang='lat' dir='ltr'><strong>fragm.</strong></span> <span class='ocrx_word' id='word_1_332' title='bbox 950 2497 982 2519; x_wconf 80' lang='lat' dir='ltr'><strong>ut</strong></span> <span class='ocrx_word' id='word_1_333' title='bbox 997 2489 1034 2518; x_wconf 84' lang='lat' dir='ltr'><strong>sit</strong></span> <span class='ocrx_word' id='word_1_334' title='bbox 1049 2501 1057 2526; x_wconf 89' lang='lat'>;</span> <span class='ocrx_word' id='word_1_335' title='bbox 1082 2497 1117 2518; x_wconf 89' lang='lat' dir='ltr'><strong>ut</strong></span> <span class='ocrx_word' id='word_1_336' title='bbox 1134 2488 1275 2518; x_wconf 85' lang='lat' dir='ltr'><strong>Bentleio</strong></span> <span class='ocrx_word' id='word_1_337' title='bbox 1290 2489 1396 2518; x_wconf 85' lang='lat' dir='ltr'><strong>visum</strong></span> <span class='ocrx_word' id='word_1_338' title='bbox 1412 2495 1468 2518; x_wconf 85' lang='lat' dir='ltr'><strong>est.</strong></span> 
     </span>
    </p>

    <p class='ocr_par' dir='ltr' id='par_1_5' title="bbox 208 2531 1647 2620">
     <span class='ocr_line' id='line_1_41' title="bbox 209 2531 1645 2577; baseline -0.006 -8"><span class='ocrx_word' id='word_1_339' title='bbox 209 2539 317 2577; x_wconf 78' lang='lat' dir='ltr'><strong>Eurip.</strong></span> <span class='ocrx_word' id='word_1_340' title='bbox 340 2549 369 2577; x_wconf 88' lang='lat' dir='ltr'><strong>p.</strong></span> <span class='ocrx_word' id='word_1_341' title='bbox 385 2544 456 2567; x_wconf 67' lang='lat'><strong>⁸231.</strong></span> <span class='ocrx_word' id='word_1_342' title='bbox 481 2537 536 2576; x_wconf 89' lang='lat' dir='ltr'><strong>qui</strong></span> <span class='ocrx_word' id='word_1_343' title='bbox 561 2537 620 2575; x_wconf 81' lang='lat' dir='ltr'><strong>legi</strong></span> <span class='ocrx_word' id='word_1_344' title='bbox 643 2536 713 2566; x_wconf 92' lang='lat' dir='ltr'><strong>vult</strong></span> <span class='ocrx_word' id='word_1_345' title='bbox 734 2533 838 2572; x_wconf 63' lang='grc' dir='ltr'><strong>θυμός,</strong></span> <span class='ocrx_word' id='word_1_346' title='bbox 853 2535 906 2563; x_wconf 88' lang='lat' dir='ltr'><strong>sed</strong></span> <span class='ocrx_word' id='word_1_347' title='bbox 994 2539 1034 2563; x_wconf 82' lang='lat'><strong>30</strong></span> <span class='ocrx_word' id='word_1_348' title='bbox 1059 2543 1153 2562; x_wconf 82' lang='lat' dir='ltr'><strong>rerum</strong></span> <span class='ocrx_word' id='word_1_349' title='bbox 1177 2531 1304 2570; x_wconf 79' lang='lat' dir='ltr'><strong>ipsarum</strong></span> <span class='ocrx_word' id='word_1_350' title='bbox 1321 2531 1374 2570; x_wconf 79' lang='lat' dir='ltr'><strong>est]</strong></span> <span class='ocrx_word' id='word_1_351' title='bbox 1403 2531 1562 2562; x_wconf 86' lang='lat' dir='ltr'><strong>Bentleius</strong></span> <span class='ocrx_word' id='word_1_352' title='bbox 1578 2539 1645 2560; x_wconf 82' lang='lat' dir='ltr'><strong>cor-</strong></span> 
     </span>
     <span class='ocr_line' id='line_1_42' title="bbox 208 2576 1647 2620; baseline -0.006 -9"><span class='ocrx_word' id='word_1_353' title='bbox 208 2582 250 2611; x_wconf 76' lang='lat' dir='ltr'><strong>ita</strong></span> <span class='ocrx_word' id='word_1_354' title='bbox 266 2588 296 2611; x_wconf 82' lang='lat' dir='ltr'><strong>et</strong></span> <span class='ocrx_word' id='word_1_355' title='bbox 313 2581 484 2619; x_wconf 76' lang='lat' dir='ltr'><strong>legendum</strong></span> <span class='ocrx_word' id='word_1_356' title='bbox 502 2579 563 2620; x_wconf 80' lang='lat' dir='ltr'><strong>qui.</strong></span> <span class='ocrx_word' id='word_1_357' title='bbox 949 2576 1027 2605; x_wconf 83' lang='lat' dir='ltr'><strong>rexit</strong></span> <span class='ocrx_word' id='word_1_358' title='bbox 1042 2576 1089 2605; x_wconf 80' lang='lat' dir='ltr'><strong>sit.</strong></span> <span class='ocrx_word' id='word_1_359' title='bbox 1115 2581 1155 2603; x_wconf 74' lang='lat' dir='ltr'><strong>est</strong></span> <span class='ocrx_word' id='word_1_360' title='bbox 1178 2584 1253 2605; x_wconf 84' lang='lat' dir='ltr'><strong>sane</strong></span> <span class='ocrx_word' id='word_1_361' title='bbox 1276 2582 1355 2605; x_wconf 86' lang='lat' dir='ltr'><strong>stare</strong></span> <span class='ocrx_word' id='word_1_362' title='bbox 1372 2585 1436 2604; x_wconf 87' lang='lat' dir='ltr'><strong>non</strong></span> <span class='ocrx_word' id='word_1_363' title='bbox 1453 2580 1563 2614; x_wconf 85' lang='lat' dir='ltr'><strong>potest.</strong></span> <span class='ocrx_word' id='word_1_364' title='bbox 1586 2581 1647 2613; x_wconf 86' lang='lat' dir='ltr'><strong>ego</strong></span> 
     </span>
    </p>

    <p class='ocr_par' dir='ltr' id='par_1_6' title="bbox 251 2617 1185 2658">
     <span class='ocr_line' id='line_1_43' title="bbox 251 2617 1185 2658; baseline -0.007 -5"><span class='ocrx_word' id='word_1_365' title='bbox 251 2632 290 2655; x_wconf 69' lang='lat'><strong>28</strong></span> <span class='ocrx_word' id='word_1_366' title='bbox 308 2624 408 2652; x_wconf 73' lang='lat' dir='ltr'><strong>intimo</strong></span> <span class='ocrx_word' id='word_1_367' title='bbox 429 2623 490 2651; x_wconf 79' lang='lat' dir='ltr'><strong>odio</strong></span> <span class='ocrx_word' id='word_1_368' title='bbox 518 2629 545 2650; x_wconf 80' lang='lat' dir='ltr'><strong>ct</strong></span> <span class='ocrx_word' id='word_1_369' title='bbox 568 2618 660 2658; x_wconf 81' lang='lat' dir='ltr'><strong>corde]</strong></span> <span class='ocrx_word' id='word_1_370' title='bbox 681 2620 856 2650; x_wconf 83' lang='lat' dir='ltr'><strong>Lambinus</strong></span> <span class='ocrx_word' id='word_1_371' title='bbox 876 2625 906 2648; x_wconf 80' lang='lat' dir='ltr'><strong>et</strong></span> <span class='ocrx_word' id='word_1_372' title='bbox 950 2618 1062 2648; x_wconf 82' lang='lat' dir='ltr'><strong>malim</strong></span> <span class='ocrx_word' id='word_1_373' title='bbox 1079 2617 1185 2647; x_wconf 83' lang='lat' dir='ltr'><strong>deleri.</strong></span> 
     </span>
    </p>

    <p class='ocr_par' dir='ltr' id='par_1_7' title="bbox 205 2658 1647 2877">
     <span class='ocr_line' id='line_1_44' title="bbox 208 2658 1646 2701; baseline -0.006 -4"><span class='ocrx_word' id='word_1_374' title='bbox 208 2667 367 2698; x_wconf 81' lang='lat' dir='ltr'><strong>Bentleius</strong></span> <span class='ocrx_word' id='word_1_375' title='bbox 394 2675 472 2694; x_wconf 83' lang='lat' dir='ltr'><strong>corr.</strong></span> <span class='ocrx_word' id='word_1_376' title='bbox 503 2664 603 2694; x_wconf 68' lang='lat' dir='ltr'><strong>intimo</strong></span> <span class='ocrx_word' id='word_1_377' title='bbox 627 2663 734 2698; x_wconf 82' lang='lat' dir='ltr'><strong>animo,</strong></span> <span class='ocrx_word' id='word_1_378' title='bbox 762 2663 848 2701; x_wconf 87' lang='lat' dir='ltr'><strong>quod</strong></span> <span class='ocrx_word' id='word_1_379' title='bbox 876 2668 907 2691; x_wconf 89' lang='lat' dir='ltr'><strong>et</strong></span> <span class='ocrx_word' id='word_1_380' title='bbox 992 2667 1029 2690; x_wconf 75' lang='lat'><strong>31</strong></span> <span class='ocrx_word' id='word_1_381' title='bbox 1057 2667 1084 2689; x_wconf 78' lang='lat' dir='ltr'><strong>et</strong></span> <span class='ocrx_word' id='word_1_382' title='bbox 1110 2672 1127 2688; x_wconf 83' lang='grc' dir='ltr'><em>α</em></span> <span class='ocrx_word' id='word_1_383' title='bbox 1153 2666 1229 2689; x_wconf 64' lang='lat' dir='ltr'><strong>recta</strong></span> <span class='ocrx_word' id='word_1_384' title='bbox 1256 2658 1379 2699; x_wconf 81' lang='lat' dir='ltr'><strong>ratione]</strong></span> <span class='ocrx_word' id='word_1_385' title='bbox 1407 2659 1479 2690; x_wconf 85' lang='lat' dir='ltr'><strong>Hoc</strong></span> <span class='ocrx_word' id='word_1_386' title='bbox 1496 2668 1646 2698; x_wconf 46' lang='lat' dir='ltr'><strong>superva*</strong></span> 
     </span>
     <span class='ocr_line' id='line_1_45' title="bbox 206 2703 1646 2742; baseline -0.006 -2"><span class='ocrx_word' id='word_1_387' title='bbox 206 2711 352 2740; x_wconf 78' lang='lat' dir='ltr'><strong>Davisius</strong></span> <span class='ocrx_word' id='word_1_388' title='bbox 383 2709 490 2738; x_wconf 83' lang='lat' dir='ltr'><strong>edidit.</strong></span> <span class='ocrx_word' id='word_1_389' title='bbox 536 2706 712 2736; x_wconf 81' lang='lat' dir='ltr'><strong>Buherius:</strong></span> <span class='ocrx_word' id='word_1_390' title='bbox 746 2705 821 2734; x_wconf 80' lang='lat' dir='ltr'><strong>inter</strong></span> <span class='ocrx_word' id='word_1_391' title='bbox 850 2705 903 2733; x_wconf 80' lang='lat' dir='ltr'><strong>duo</strong></span> <span class='ocrx_word' id='word_1_392' title='bbox 947 2713 1047 2733; x_wconf 90' lang='lat' dir='ltr'><strong>cuum</strong></span> <span class='ocrx_word' id='word_1_393' title='bbox 1074 2710 1120 2733; x_wconf 87' lang='lat' dir='ltr'><strong>est</strong></span> <span class='ocrx_word' id='word_1_394' title='bbox 1147 2713 1200 2742; x_wconf 86' lang='lat' dir='ltr'><strong>per</strong></span> <span class='ocrx_word' id='word_1_395' title='bbox 1222 2703 1397 2742; x_wconf 83' lang='lat' dir='ltr'><strong>sequentia.</strong></span> <span class='ocrx_word' id='word_1_396' title='bbox 1421 2703 1525 2742; x_wconf 84' lang='lat' dir='ltr'><strong>itaque</strong></span> <span class='ocrx_word' id='word_1_397' title='bbox 1549 2703 1646 2733; x_wconf 86' lang='lat' dir='ltr'><strong>Davi-</strong></span> 
     </span>
     <span class='ocr_line' id='line_1_46' title="bbox 205 2745 1644 2790; baseline -0.005 -7"><span class='ocrx_word' id='word_1_398' title='bbox 205 2754 286 2783; x_wconf 59' lang='lat' dir='ltr'><strong>eorde</strong></span> <span class='ocrx_word' id='word_1_399' title='bbox 311 2754 370 2783; x_wconf 69' lang='grc' dir='ltr'><strong>ἃς.</strong></span> <span class='ocrx_word' id='word_1_400' title='bbox 385 2752 470 2790; x_wconf 85' lang='lat' dir='ltr'><strong>quod</strong></span> <span class='ocrx_word' id='word_1_401' title='bbox 495 2750 548 2780; x_wconf 84' lang='lat' dir='ltr'><strong>illa</strong></span> <span class='ocrx_word' id='word_1_402' title='bbox 571 2749 715 2780; x_wconf 83' lang='lat' dir='ltr'><strong>definitio</strong></span> <span class='ocrx_word' id='word_1_403' title='bbox 736 2754 767 2778; x_wconf 87' lang='lat' dir='ltr'><strong>et</strong></span> <span class='ocrx_word' id='word_1_404' title='bbox 789 2749 822 2778; x_wconf 92' lang='lat' dir='ltr'><strong>in</strong></span> <span class='ocrx_word' id='word_1_405' title='bbox 846 2748 904 2777; x_wconf 87' lang='lat' dir='ltr'><strong>ini·</strong></span> <span class='ocrx_word' id='word_1_406' title='bbox 946 2748 1010 2776; x_wconf 87' lang='lat' dir='ltr'><strong>sius</strong></span> <span class='ocrx_word' id='word_1_407' title='bbox 1040 2747 1130 2779; x_wconf 86' lang='lat' dir='ltr'><strong>uncis</strong></span> <span class='ocrx_word' id='word_1_408' title='bbox 1164 2746 1306 2782; x_wconf 80' lang='lat' dir='ltr'><strong>inclusit,</strong></span> <span class='ocrx_word' id='word_1_409' title='bbox 1337 2753 1373 2776; x_wconf 92' lang='lat' dir='ltr'><strong>ut</strong></span> <span class='ocrx_word' id='word_1_410' title='bbox 1397 2746 1556 2785; x_wconf 86' lang='lat' dir='ltr'><strong>spurium.</strong></span> <span class='ocrx_word' id='word_1_411' title='bbox 1606 2745 1644 2776; x_wconf 89' lang='lat' dir='ltr'><strong>In</strong></span> 
     </span>
     <span class='ocr_line' id='line_1_47' title="bbox 205 2787 1647 2829; baseline -0.008 -2"><span class='ocrx_word' id='word_1_412' title='bbox 205 2797 362 2827; x_wconf 70' lang='lat' dir='ltr'><strong>micinam</strong></span> <span class='ocrx_word' id='word_1_413' title='bbox 379 2802 410 2824; x_wconf 91' lang='lat' dir='ltr'><strong>et</strong></span> <span class='ocrx_word' id='word_1_414' title='bbox 424 2794 536 2824; x_wconf 89' lang='lat' dir='ltr'><strong>odium</strong></span> <span class='ocrx_word' id='word_1_415' title='bbox 554 2793 650 2822; x_wconf 82' lang='lat' dir='ltr'><strong>eadit.</strong></span> <span class='ocrx_word' id='word_1_416' title='bbox 948 2790 1054 2819; x_wconf 83' lang='lat' dir='ltr'><strong>Guelf.</strong></span> <span class='ocrx_word' id='word_1_417' title='bbox 1068 2791 1153 2820; x_wconf 80' lang='lat' dir='ltr'><strong>deest</strong></span> <span class='ocrx_word' id='word_1_418' title='bbox 1167 2796 1206 2825; x_wconf 75' lang='lat' dir='ltr'><strong>et,</strong></span> <span class='ocrx_word' id='word_1_419' title='bbox 1223 2790 1309 2829; x_wconf 89' lang='lat' dir='ltr'><strong>quod</strong></span> <span class='ocrx_word' id='word_1_420' title='bbox 1323 2789 1429 2820; x_wconf 82' lang='lat' dir='ltr'><strong>firmat</strong></span> <span class='ocrx_word' id='word_1_421' title='bbox 1447 2795 1522 2820; x_wconf 69' lang='lat' dir='ltr'><strong>reeta</strong></span> <span class='ocrx_word' id='word_1_422' title='bbox 1538 2787 1647 2818; x_wconf 73' lang='lat' dir='ltr'><strong>ratim</strong></span> 
     </span>
     <span class='ocr_line' id='line_1_48' title="bbox 247 2832 1177 2877; baseline -0.005 -9"><span class='ocrx_word' id='word_1_423' title='bbox 247 2847 288 2872; x_wconf 77' lang='lat'><strong>29</strong></span> <span class='ocrx_word' id='word_1_424' title='bbox 306 2837 501 2877; x_wconf 75' lang='lat' dir='ltr'><strong>Distinguunt</strong></span> <span class='ocrx_word' id='word_1_425' title='bbox 524 2835 600 2866; x_wconf 80' lang='lat' dir='ltr'><strong>illud</strong></span> <span class='ocrx_word' id='word_1_426' title='bbox 612 2832 719 2876; x_wconf 79' lang='lat' dir='ltr'><strong>etiam]</strong></span> <span class='ocrx_word' id='word_1_427' title='bbox 737 2834 817 2865; x_wconf 86' lang='lat' dir='ltr'><strong>Puto</strong></span> <span class='ocrx_word' id='word_1_428' title='bbox 830 2834 906 2865; x_wconf 87' lang='lat' dir='ltr'><strong>scri·</strong></span> <span class='ocrx_word' id='word_1_429' title='bbox 948 2843 1014 2863; x_wconf 82' lang='lat' dir='ltr'><strong>esse</strong></span> <span class='ocrx_word' id='word_1_430' title='bbox 1030 2832 1177 2873; x_wconf 78' lang='lat' dir='ltr'><strong>glossam.</strong></span> 
     </span>
    </p>
   </div>
  </div>
 </body>
</html>
