1778 3095
240 113 318 148 240
618 107 875 148 TUSCUL.
904 108 1340 148 QUAESTIONUM

240 214 506 259 moriendum
526 224 660 259 esset:
691 219 899 261 neminem
920 227 967 260 tu
987 218 1157 283 quidem
1177 233 1339 269 eorum,
1368 217 1440 274 qui
1467 218 1661 272 viverent,

241 273 484 338 exciperes:
533 274 797 316 moriendum
841 286 906 317 est
949 275 1060 316 enim
1106 275 1330 316 omnibus:
1377 283 1484 315 esset
1521 284 1662 318 tamen

242 329 417 371 miseriae
440 330 559 371 finis
548 346 590 372 m
612 340 760 372 morte.
776 332 992 396 quoniam
1020 341 1159 373 autem
1188 332 1313 373 etiam
1333 331 1504 382 mortui,
1522 333 1662 374 miseri

241 394 352 437 sunt,
373 386 414 427 in
435 387 644 428 miseriam
675 388 885 430 nascimur
914 388 1221 444 sempiternam.
1254 401 1421 428 necesse
1449 396 1512 428 est
1536 389 1662 440 enim,

241 442 416 483 miseros
450 458 540 485 esse
572 458 658 495 eOS,
691 445 763 499 qui
798 453 968 485 centum
998 444 1184 486 millibus
1222 459 1426 485 annorum
1458 453 1554 486 ante
1588 459 1661 486 oc·-

183 498 449 549 lociderunt,
483 499 545 540 vel
579 501 720 555 potius
751 515 912 551 omnes,
943 501 1195 557 quicumque
1225 500 1311 541 nati
1341 508 1451 541 sunt
1510 501 1565 542 A.
1598 502 1665 543 Ita

240 568 410 619 prorsus
427 556 635 597 existimo.
678 556 743 598 M.
764 557 862 607 Dic,
877 572 1034 612 quaeso,
1051 572 1151 598 num
1170 566 1211 598 te
1231 556 1300 598 illa
1319 565 1489 620 terrent,
1509 557 1663 612 triceps

240 611 353 666 apud
382 611 536 653 inferos
568 612 791 663 Cerberus,
824 612 980 668 Cocyti
1009 613 1213 664 fremitus,
1244 613 1492 654 transvectio
1521 614 1663 654 Ache-

240 668 385 718 mutis,
399 677 542 710 mento
559 684 766 711 summam
781 683 933 725 aquam
946 669 1155 725 attingens
1170 669 1237 711 siti
1251 679 1421 711 enectus
1432 671 1468 711 Τ
1471 670 1658 712 antalus?

240 737 342 766 num
362 724 480 776 illud,
502 724 617 782 quod

1010 813 1047 838 19
1062 805 1134 855 5141
1132 803 1211 858 phu
1225 815 1345 844 versat

349 857 398 896 Sa
400 871 480 895 xum
497 857 622 895 sudans
640 857 783 903 nitendo,
802 871 903 910 neque
912 858 1043 910 prqficit
1061 858 1164 896 hilum
1180 861 1202 896 ,θ

240 944 417 985 fortasse
435 943 562 985 etiam
582 944 854 986 inexorabiles
865 945 1046 1001 judices,
1068 945 1229 996 Minos,
1241 953 1284 987 et
1302 944 1665 987 Rhadamanthus

238 1000 351 1055 apud
389 1015 494 1057 quos
526 1015 603 1042 nec
638 1010 681 1042 te
709 1003 759 1042 L.
785 1001 962 1043 Crassus
998 1002 1207 1053 defendet,
1242 1017 1318 1043 nec
1347 1003 1412 1043 M.
1434 1002 1662 1048 Antonius,

239 1071 331 1107 nec,
364 1065 404 1089 20
418 1058 615 1113 quoniam
651 1057 764 1113 apud
802 1059 974 1098 Graecos
1003 1058 1168 1113 judices
1200 1073 1264 1100 res
1303 1067 1468 1114 agetur,
1505 1059 1661 1113 poteris

236 1111 435 1154 adhibere
454 1113 817 1155 Demosthenem.
848 1114 953 1155 tibi
944 1115 1022 1169 ipsi
1040 1128 1117 1169 pro
1136 1123 1179 1155 te
1209 1115 1288 1155 erit
1306 1115 1488 1155 maxima
1507 1129 1664 1156 corona

237 1184 363 1210 causa
401 1170 590 1211 dicenda.
649 1171 756 1211 Haec
793 1171 969 1211 fortasse
1003 1170 1169 1221 metuis,
1207 1179 1250 1211 et
1287 1170 1443 1211 idcirco
1480 1180 1662 1211 mortem

190 1221 226 1275 6
237 1240 381 1266 censes
413 1241 503 1267 esse
537 1227 837 1281 sempiternum
869 1226 1043 1266 malum.
1099 1226 1155 1266 A.
1177 1225 1355 1267 Adeone
1384 1241 1453 1267 me
1488 1226 1665 1267 delirare

236 1296 397 1331 censes,
418 1292 464 1323 ut
481 1283 559 1323 ista
579 1297 667 1322 esse
694 1282 890 1322 credam?
925 1283 992 1322 M.
1010 1283 1082 1324 An
1108 1290 1156 1322 tu
1184 1281 1276 1323 haec
1301 1297 1385 1323 non
1412 1282 1577 1323 credis?
1605 1283 1663 1324 A.

238 1338 421 1379 Minime
448 1353 558 1378 vero.
618 1339 683 1379 M.
702 1347 738 1370 21
757 1338 876 1379 Male
907 1338 1075 1380 hercule
1101 1352 1255 1379 narras.
1311 1339 1369 1379 A.
1392 1338 1514 1380 Cur?
1546 1353 1662 1394 quae-

239 1409 302 1435 so.
359 1395 427 1435 M.
449 1395 562 1436 Quia
582 1395 760 1436 disertus
786 1410 876 1436 esse
905 1409 1088 1450 possem,
1119 1395 1153 1436 si
1182 1403 1327 1436 contra
1355 1395 1436 1437 ista
1463 1395 1661 1436 dicerem.

179 1452 294 1492 llA.
318 1458 356 1481 ‘22
369 1451 476 1493 Quis
506 1452 617 1492 enim
648 1467 731 1493 non
766 1451 807 1492 in
841 1452 1049 1507 ejusmodi
1078 1453 1234 1492 causa?
1268 1460 1340 1492 aut
1369 1451 1470 1507 quid
1502 1451 1662 1507 negotii

235 1516 312 1558 est,
342 1508 433 1549 haec
463 1513 698 1563 poetarum,
731 1517 774 1548 et
807 1508 1016 1563 pictorum
1054 1516 1250 1563 portenta
1283 1509 1558 1550 convincere?
1592 1509 1659 1549 M.

234 1564 382 1629 Atqui
388 1564 501 1619 pleni
531 1574 629 1605 sunt
657 1564 752 1605 libri
784 1573 931 1605 contra
962 1565 1041 1605 ista
1077 1564 1166 1619 ipsa
1194 1563 1546 1619 philosophorum
1573 1563 1660 1605 dis-

234 1621 474 1662 serentium.
531 1621 586 1661 A.
608 1622 757 1676 Inepte
777 1635 887 1662 sane.
910 1620 1003 1675 quis
1019 1629 1081 1660 est
1101 1620 1213 1660 enim
1239 1630 1324 1661 tam
1353 1634 1512 1671 excors,
1532 1635 1659 1676 quem

232 1675 313 1718 ista
344 1679 568 1718 moveant?
601 1678 667 1717 Μ
701 1677 744 1717 Si
780 1691 882 1732 ergo
918 1676 1028 1731 apud
1062 1676 1216 1717 inferos
1253 1676 1394 1717 miseri
1430 1692 1513 1718 non
1547 1686 1658 1728 sunt,

233 1740 272 1764 23
288 1747 338 1773 ne
359 1743 456 1774 sunt
475 1733 644 1788 quidem
665 1733 777 1797 apud
798 1734 950 1774 inferos
971 1733 1059 1774 ulli
1097 1735 1152 1774 A.
1176 1733 1242 1773 Ita
1261 1747 1431 1788 prorsus
1450 1733 1658 1774 existimo.

232 1790 299 1830 M.
322 1789 411 1831 Ubi
437 1804 540 1854 ergo
570 1798 666 1831 sunt
694 1806 738 1840 11,
770 1804 874 1845 quos
905 1789 1080 1830 miseros
1111 1788 1243 1830 dicis?
1276 1798 1350 1830 aut
1370 1804 1495 1845 quem
1515 1789 1656 1829 locum

231 1844 451 1887 incolunt?
476 1847 510 1887 si
530 1846 640 1887 enim
662 1856 773 1896 sunt,
794 1860 999 1902 nusquam
1021 1860 1111 1886 esse
1132 1860 1217 1886 non
1237 1855 1427 1900 possunt.
1483 1845 1539 1886 A.
1561 1846 1663 1901 Ego

231 1916 327 1943 vero
359 1917 563 1958 nusquam
594 1918 685 1944 esse
718 1903 812 1944 illos
847 1911 965 1957 puto.
1025 1903 1090 1945 Μ.
1110 1901 1247 1957 Igitur
1277 1916 1329 1941 ne
1357 1916 1447 1942 esse
1471 1901 1661 1957 quidem.-

231 1957 287 1998 A.
310 1960 481 2000 Prorsus
502 1959 584 2000 isto
604 1959 757 2000 modo:
789 1969 831 2000 et
860 1968 1001 1999 tamen
1031 1958 1204 1999 miseros
1235 1957 1291 1998 ob
1321 1958 1363 1999 id
1394 1958 1533 2014 ipsum
1563 1958 1657 2013 qui-

172 2025 218 2057 12
232 2014 345 2066 dem,
368 2015 466 2070 quia
484 2015 587 2056 nulli
606 2025 716 2057 sunt.
776 2016 841 2056 M.
862 2016 958 2056 Jam
987 2014 1157 2055 mallem
1183 2014 1414 2055 Cerberum
1433 2022 1656 2065 metueres,

230 2085 357 2126 quam
388 2072 467 2112 ista
496 2083 580 2113 tam
610 2072 915 2113 inconsiderate
945 2070 1118 2112 diceres.
1177 2071 1233 2111 Α
1254 2078 1294 2102 24
1307 2070 1422 2127 Quid
1450 2071 1652 2111 tandem?

227 2127 296 2168 M.
316 2129 457 2170 Quem
491 2143 581 2169 esse
596 2143 758 2192 negas,
793 2128 973 2168 eundern
1006 2141 1096 2168 esse
1125 2126 1242 2168 dicis.
1276 2127 1350 2168 ubi
1382 2135 1444 2167 est
1477 2140 1658 2168 acumen

228 2186 382 2224 tuum?
414 2200 510 2225 cum
541 2184 652 2226 enim
682 2185 881 2225 miserum
916 2198 1006 2224 esse
1038 2183 1156 2234 dicis,
1190 2191 1282 2224 tum
1321 2197 1433 2232 eum,
1463 2184 1535 2238 qui
1570 2197 1654 2223 non

228 2240 295 2290 sit,
317 2240 421 2281 dicis
440 2255 544 2281 esse.
602 2242 658 2281 A.
679 2242 779 2281 Non
810 2256 903 2281 sum
929 2240 987 2281 ita
1011 2239 1156 2290 hebes,
1177 2247 1224 2280 ut
1246 2240 1354 2280 istuc
1374 2239 1527 2280 dicam.
1584 2239 1651 2279 M.

228 2296 344 2338 Quid
364 2297 468 2337 dicis
489 2297 646 2352 igitur?
679 2297 734 2337 A.
757 2297 964 2338 Miserum
995 2311 1099 2346 esse,
1128 2296 1242 2337 verbi
1270 2310 1410 2345 causa,
1437 2296 1504 2336 M.
1525 2295 1652 2336 Cras-

227 2367 335 2404 sum,
356 2353 428 2409 qui
445 2353 537 2394 illas
562 2353 752 2395 fortunas
779 2363 915 2395 morte
944 2353 1173 2394 dimiserit:
1202 2352 1403 2394 miserum
1422 2352 1503 2394 Cn.
1525 2353 1654 2393 Pom-

270 2517 307 2542 19
331 2509 463 2550 Si{ypheae'
479 2509 591 2548 versat]
617 2510 670 2539 Est
693 2508 836 2538 clausula
850 2519 916 2539 ver·
958 2510 1033 2539 dari.
1050 2519 1126 2540 nam
1142 2519 1208 2541 non
1232 2510 1375 2541 multum
1398 2509 1500 2542 laudis
1525 2511 1597 2543 inde
1613 2512 1653 2543 ad

225 2562 292 2589 sus,
309 2553 413 2591 itaque
429 2553 473 2581 sic
490 2553 621 2591 exprimi
640 2552 756 2581 curavi.
959 2559 989 2582 te
1006 2553 1125 2582 rediret.

268 2603 309 2625 20
332 2595 465 2636 quoniam
492 2594 571 2633 apud
597 2594 652 2623 Gr.
675 2594 704 2633 j.
734 2605 774 2622 res
798 2593 913 2632 agetur]
1002 2600 1039 2624 23
1064 2606 1098 2624 ne
1119 2602 1185 2624 sunt
1207 2607 1236 2637 q.
1259 2595 1339 2634 apud
1362 2595 1464 2635 irfiros
1486 2594 1554 2634 ulli]
1581 2597 1601 2626 i.
1621 2605 1650 2626 e.

226 2638 308 2667 Quae
325 2639 381 2667 ista
397 2637 496 2667 ratio?
524 2638 624 2666 immo
647 2636 714 2675 lege
729 2648 914 2677 qnsrnquam.
959 2637 1092 2666 omnino
1108 2647 1204 2667 nemo
1220 2645 1265 2668 est
1277 2639 1309 2667 in
1324 2637 1378 2668 illo
1389 2638 1457 2668 loeo
1471 2650 1478 2667 z
1500 2638 1526 2668 si
1542 2645 1650 2669 tamen

267 2688 304 2711 21
331 2679 416 2709 Male
432 2680 460 2710 Τι’.
476 2678 592 2718 narras]
610 2681 630 2709 i.
647 2689 674 2708 e.
699 2689 762 2708 non
785 2679 916 2709 libenter
959 2680 1046 2710 locus
1062 2689 1156 2709 sanus
1173 2687 1229 2710 est.

223 2723 285 2752 hoc
302 2723 406 2752 audio.
1002 2729 1042 2752 24
1067 2722 1148 2752 Quid
1157 2721 1284 2762 tandem]
1305 2722 1463 2754 Bentleius
1478 2723 1650 2764 corrigebat

267 2772 307 2796 22
333 2764 405 2794 Quis
419 2764 491 2792 enim
509 2763 581 2801 Sto]
598 2765 658 2793 Int.
677 2774 739 2793 non
758 2771 814 2800 est,
830 2766 915 2803 quod
960 2764 1020 2796 Qui
1035 2765 1162 2796 tandem.

223 2807 326 2838 dolens
343 2809 426 2838 hanc
442 2807 563 2837 dicendi
578 2806 761 2837 facultatem
777 2808 832 2838 tibi
849 2817 914 2837 uon
