1778 3095
596 77 787 116 LIBER
812 75 1096 114 TERTIUS.
1474 79 1549 115 :301

118 190 202 234 hoc
222 188 343 231 video
363 203 448 231 non
466 201 590 244 posse
611 185 768 227 deberi.
824 184 881 225 A.
901 184 967 226 Ita
985 196 1172 246 prorsus.
1192 189 1237 222 et
1256 181 1363 224 illud
1382 183 1555 239 quidem

119 254 217 288 ante
236 246 467 296 meridiem,
487 244 569 284 hoc
590 242 742 283 eodem
763 249 968 296 tempore.
1028 240 1096 282 Μ.
1117 239 1186 280 Sic
1213 238 1430 289 faciemus,
1450 241 1555 281 tuis-

119 316 203 357 que
222 302 393 358 optimis
413 299 562 342 studiis
583 299 883 355 obsequemur,

389 512 468 564 M.
507 510 794 565 TULLII
833 507 1280 563 CICERONIS
1566 522 1685 590 {2¹⁹²

135 632 870 696 TUSCULANARUM
918 626 1539 694 QUAESTIONUM

814 779 869 804 AD

623 862 702 909 M.
739 861 1049 908 BRUTUM

531 971 763 1012 LIBER
797 970 1149 1013 TERTIUS.

820 1097 873 1122 Da

410 1189 879 1233 AEGRITUDINE
910 1190 1284 1233 LENIENDA

640 1429 1058 1468 ARGUMENTUM.

130 1515 299 1565 Praefatio
317 1515 417 1563 hujus
436 1513 515 1552 libri
530 1516 565 1552 in
584 1515 743 1552 laudibus
761 1514 984 1565 Philosophiae
1011 1523 1187 1559 versatur,
1213 1528 1292 1565 quae
1310 1528 1384 1551 cum
1403 1515 1567 1554 medicina

181 1570 286 1607 animi
301 1570 357 1611 sit,
375 1582 478 1620 eaque
496 1570 530 1605 in
542 1575 708 1619 potestate
734 1579 861 1612 nostra,
890 1569 1053 1619 queritur,
1081 1568 1224 1604 multum
1242 1577 1273 1604 et
1292 1567 1419 1605 honoris
1439 1569 1570 1614 baberi,

180 1633 214 1660 et
231 1624 384 1674 temporis
412 1622 518 1659 tribui
548 1621 720 1659 medicinae
747 1623 898 1672 corporis,
926 1621 1022 1658 illam
1050 1631 1162 1658 autem
1190 1622 1349 1658 contemni
1377 1631 1408 1658 et
1428 1624 1568 1673 negligi.

181 1689 214 1714 c.
239 1684 270 1713 1.
290 1683 329 1714 2.
349 1683 385 1714 3.
413 1677 488 1726 Ipse
502 1685 614 1713 autem
629 1674 713 1713 liber
728 1675 763 1711 in
777 1689 811 1712 eo
824 1684 998 1718 versatur,
1015 1684 1064 1720 ut,
1081 1675 1340 1725 aegritudinem
1356 1689 1428 1712 non
1445 1677 1571 1713 cadere

185 1730 223 1766 in
256 1730 473 1780 sapientem,
503 1729 754 1766 demonstretur.
809 1729 997 1766 Praemittit
1023 1742 1052 1766 c.
1091 1735 1170 1765 1-5.
1198 1738 1401 1777 argumenta
1429 1729 1571 1772 leviora,

183 1792 214 1820 et
241 1796 265 1819 a
292 1783 406 1819 verbis
436 1783 634 1819 Latinorum
665 1782 782 1826 ducta,
815 1782 873 1832 qui
901 1795 1024 1818 omnem
1056 1782 1162 1818 animi
1185 1781 1403 1830 affectionem,
1432 1782 1573 1820 rationis

186 1836 309 1872 lumine
336 1843 512 1880 carentem,
545 1836 725 1878 insaniam,
758 1835 952 1878 amentiam,
983 1834 1179 1871 dementiam
1214 1836 1392 1886 appellent,
1428 1836 1573 1887 adeoque

186 1902 208 1925 a
239 1889 384 1939 sapiente
413 1898 615 1926 removeant.
673 1889 868 1938 Sequuntur
895 1888 1012 1925 deinde
1044 1898 1247 1938 argumenta
1281 1889 1465 1926 Stoicorum
1496 1903 1573 1926 con-

187 1951 276 1978 torta
295 1956 323 1978 c.
343 1943 453 1980 6-10.
515 1942 647 1991 Quibus
674 1942 840 1992 expositis,
867 1956 926 1978 suo
952 1955 1038 1978 more
1064 1951 1096 1978 et
1122 1941 1280 1990 diffusius
1304 1943 1479 1992 aliquanto
1504 1943 1574 1980 ista

185 2002 218 2032 et
250 1995 354 2032 latius
386 1994 479 2032 dicit.
540 1995 695 2032 Ostendit
721 2008 798 2044 ergo
830 2008 859 2032 c.
897 2002 957 2032 11.
989 1996 1092 2032 omnis
1125 1995 1341 2045 aegritudinis
1370 2009 1433 2032 non
1466 1995 1572 2041 modo,

187 2061 308 2085 verum
335 2057 520 2085 ceterarum
547 2049 648 2085 etiam
675 2047 981 2099 perturbationum,
1006 2062 1163 2085 caussam
1195 2062 1260 2085 esse
1284 2049 1330 2085 ab
1357 2050 1502 2099 opinione
1519 2064 1574 2087 re-

181 2101 372 2152 petendam,
404 2111 436 2138 et
463 2101 675 2150 aegritudinis
704 2101 835 2151 quidem
870 2101 915 2138 ab
941 2102 1085 2151 opinione
1113 2102 1229 2151 magni
1257 2102 1351 2145 mali,
1371 2104 1468 2150 cujus
1487 2101 1574 2140 hanc

188 2154 407 2201 definitionem
427 2156 525 2203 facit
540 2171 552 2190 .·
581 2168 649 2191 esse
678 2156 855 2205 opinionem
885 2156 1001 2204 magni
1033 2156 1115 2192 mali
1148 2157 1338 2205 praesentiS,
1374 2165 1406 2192 ct
1441 2155 1574 2206 quidem

191 2215 347 2246 recentem
367 2208 543 2268 opinionem
562 2208 642 2244 talis
661 2209 755 2252 mali,
773 2218 812 2244 ut
829 2209 863 2244 in
883 2222 916 2244 eo
936 2216 1059 2244 rectum
1084 2208 1244 2244 videatur
1269 2221 1346 2252 esse,
1365 2210 1459 2257 angi.
1517 2210 1575 2245 Ex

190 2261 255 2298 hac
271 2260 486 2308 definitione*
475 2275 509 2298 in
529 2271 594 2298 tres
608 2271 722 2321 partes
749 2261 822 2299 abit
848 2261 1041 2311 disputatio,
1066 2275 1211 2311 quarum
1226 2263 1339 2311 prima
1356 2261 1447 2297 docet
1467 2262 1574 2310 aegri·

190 2314 339 2352 tudinem
367 2328 435 2352 esse
464 2328 505 2352 ex
531 2316 675 2364 opinione
706 2314 802 2358 mali,
833 2328 863 2352 c.
890 2320 949 2352 13.
978 2329 1012 2350 in
1042 2328 1110 2365 qua
1142 2316 1326 2364 Epicurum
1356 2315 1490 2363 ⁷efi’ll2ss
1516 2317 1576 2365 qui

189 2368 297 2427 ipsam
314 2368 492 2419 opinionem
515 2381 582 2405 esse
603 2368 839 2417 (egritudinem
863 2367 1041 2411 contendit,
1069 2378 1101 2404 et
1130 2368 1337 2416 Cyrenaicos,
1354 2369 1412 2418 qui
1432 2381 1495 2404 non
1513 2368 1579 2404 nisz

193 2421 397 2470 inopinatum
427 2422 553 2458 malum
584 2422 633 2458 ad
660 2421 894 2471 aegritndinem
927 2421 1044 2458 valere
1069 2430 1209 2471 putant,
1240 2421 1341 2471 quod,
1371 2435 1579 2472 quamquam

192 2474 362 2524 insperata
388 2475 455 2511 sint
479 2475 664 2524 graviora,
697 2482 729 2512 et
758 2476 832 2525 ipsa
858 2474 1103 2524 praenzeditatio
1129 2474 1366 2524 aegritzcdinem
1394 2476 1526 2511 minuat
1545 2488 1572 2511 c.

197 2533 257 2564 13.
276 2527 360 2564 med.
395 2533 455 2566 14.
481 2535 540 2566 15.
569 2537 606 2564 ut
634 2530 749 2565 merito
775 2527 1056 2579 reprehendantur
1085 2529 1255 2578 Epicurei,
1274 2529 1332 2578 qui
1350 2528 1450 2564 istam
1470 2539 1577 2578 repre-

191 2579 340 2617 bendant
358 2594 387 2618 c.
411 2581 469 2618 16.
489 2590 521 2618 et
546 2582 758 2631 cogitationes
785 2582 896 2632 potius
929 2581 979 2617 ad
1003 2581 1193 2632 voluptates
1222 2581 1405 2618 traducant
1424 2583 1577 2631 corporis,

193 2643 256 2670 aut
285 2647 364 2685 quae
388 2644 523 2685 propter
550 2645 665 2686 corpus
692 2635 752 2671 vel
776 2635 996 2672 recordatione
1022 2635 1082 2672 ‘vel
1106 2645 1161 2686 spe
1188 2635 1373 2684 cogitentur
1390 2648 1421 2672 c.
1446 2640 1490 2679 17
1496 2641 1577 2672 -21.

142 2751 242 2781 facere
258 2752 288 2781 in
312 2752 446 2782 dicendo
470 2762 505 2782 ac
528 2753 728 2792 disputando.
774 2753 839 2782 Da·
884 2752 969 2783 Leid.
1007 2753 1059 2784 sed
1093 2753 1147 2784 ubi
1182 2754 1316 2791 dixerat,
1346 2763 1379 2784 se
1418 2754 1448 2783 id
1478 2752 1576 2782 factu<

143 2794 237 2825 'visius
260 2795 343 2826 dedit
365 2795 491 2825 diximus
514 2804 555 2826 ex
577 2797 626 2826 ed.
643 2803 703 2828 vet.
728 2802 756 2828 et
775 2797 835 2826 Ms.
884 2796 982 2826 rum?
