1778 3095
620 89 795 129 LIBER
823 88 1128 127 QUARTUS.
1494 96 1566 131 341

145 198 343 241 morbum
380 200 433 242 ab
469 198 744 263 aegrotatione
775 196 1010 262 sejungere.
1069 194 1289 237 vitiositas
1321 205 1474 250 autem,
1506 207 1571 241 est

144 255 328 308 habitus,
347 265 419 298 aut
447 254 640 319 affectio'
630 270 672 295 111
693 263 783 295 tota
812 254 895 294 vita
922 253 1178 303 inconstans,
1197 261 1240 292 et
1259 266 1284 292 a
1304 267 1348 293 se
1369 254 1457 308 ipsa
1481 255 1566 296 dis-

143 313 338 354 sentiens.
368 314 425 354 ita
446 312 505 362 fit,
526 320 572 352 ut
594 311 636 351 in
655 311 798 361 altera,
817 309 1086 374 corruptione
1114 308 1362 372 opinionum
1392 311 1565 353 morbus

143 368 346 410 efficiatur
365 378 407 410 et
428 367 677 431 aegrotatio:
708 367 750 408 in
769 367 898 407 altera
917 366 1196 407 inconstantia
1214 373 1256 405 et
1276 368 1566 421 repugnantia.

143 439 226 465 non
257 426 368 466 enim
398 438 522 465 omne
552 424 698 465 vitium
719 432 759 455 44
768 432 909 488 partes
941 422 1070 464 habet
1098 421 1401 471 dissentientes,
1423 431 1469 463 ut
1493 437 1566 463 eo-

142 496 251 531 rum,
271 482 343 537 qui
371 495 454 521 non
480 481 625 544 longe
637 495 662 521 a
690 480 892 536 sapientia
920 479 1086 530 absunt,
1106 479 1272 519 affectio
1300 486 1364 519 est
1382 477 1454 519 illa
1472 479 1565 534 qui-

142 537 240 578 dem
260 538 497 592 discrepans
518 537 595 578 sibi
616 536 718 592 ipsa,
736 537 870 578 dum*
860 543 923 577 *331
942 535 1152 591 insipienS,
1174 534 1249 576 sed
1268 549 1352 575 non
1375 534 1565 600 distorta,

142 607 217 634 nee
237 607 373 648 prava.
403 593 543 634 morbi
562 601 718 644 autem,
740 601 782 634 et
800 607 888 648 aegr
892 592 1112 643 otationes,
1133 601 1270 647 partes
1292 600 1389 632 sunt
1407 592 1566 633 vitiosi-

140 649 258 690 tatis:
290 650 364 690 sed
383 650 732 705 perturbationes,
753 650 885 690 sintne
906 649 1095 705 ejusdem
1116 658 1268 703 partes,
1290 648 1466 704 quaestio
1486 657 1564 690 est.

139 705 255 747 Vitia
272 707 400 757 enim,
421 707 662 747 affectiones
683 715 779 747 sunt
796 714 1033 747 manentes:
1053 705 1387 769 perturbationes
1405 713 1562 757 autem,
1576 721 1628 753 30

138 775 235 803 mov
237 771 367 814 entes,
387 773 434 804 ut
454 777 536 804 non
557 763 719 827 possint
738 763 1008 804 affectionum
1027 762 1285 803 manentium
1302 770 1440 817 partes
1459 776 1564 804 esse.

136 825 263 882 atque
282 828 331 860 ut
350 820 393 860 in
413 820 534 860 malis
555 820 726 875 attingit
747 819 873 860 animi
894 828 1086 860 naturam
1106 819 1294 873 corporis
1315 818 1562 870 similitudo,

136 874 196 915 sic
218 874 260 915 in
280 875 416 917 bonis.
447 885 545 917 sunt
571 876 681 916 enim
712 891 752 916 111
785 890 962 931 corpore
981 874 1206 938 praecipua,
1228 875 1483 930 pulcritudo,
1504 876 1563 916 vi-

134 944 215 981 reS,
236 931 436 983 valitudo,
456 933 643 983 firmitas,
663 932 884 973 velocitas:
917 941 1015 973 sunt
1044 932 1144 972 item
1166 946 1207 971 111
1227 946 1383 972 31111110.
1442 941 1480 963 4⁵
1499 933 1564 974 Ut

134 988 247 1028 enim
268 989 455 1043 corporis
485 989 747 1053 temperatio,
768 1004 864 1029 cum
886 1003 935 1029 ea
955 996 1195 1043 congruunt
1215 988 1324 1029 inter
1343 1003 1402 1038 se,
1423 1002 1446 1029 e
1467 989 1605 1044 qui-b

132 1044 213 1085 bus
234 1055 502 1086 constamus·
533 1045 686 1086 sanitas
713 1060 772 1086 310
804 1045 931 1086 animi
952 1045 1118 1110 dicitur,
1145 1059 1241 1085 cum
1273 1044 1364 1100 eJ'us
1386 1045 1563 1100 judicia,

133 1101 436 1165 opinionesque
454 1102 727 1153 concordant,
747 1116 878 1158 eaque
908 1102 1036 1143 animi
1064 1111 1128 1142 est
1156 1101 1313 1142 virtus:
1346 1115 1472 1157 quam
1493 1102 1564 1143 alii

134 1172 268 1221 ipsam
290 1160 606 1223 temperantiam
637 1159 782 1199 dicunt
802 1173 905 1209 esse,
926 1158 995 1199 alii
1015 1158 1376 1212 obtemperantem
1399 1168 1562 1214 tempe-

134 1214 279 1254 rantiae
297 1216 532 1270 praeceptis,
554 1225 596 1256 et
617 1230 709 1256 eam
730 1215 1069 1279 subsequentem,
1086 1229 1163 1255 nec
1185 1214 1411 1255 habentem
1432 1214 1563 1256 ullam

136 1271 318 1334 speciem
347 1286 494 1312 suam:
528 1271 599 1313 sed
630 1271 713 1313 sive
746 1272 841 1322 1100,
862 1271 945 1312 sive
974 1271 1079 1312 illud
1110 1271 1177 1321 sit,
1198 1271 1238 1311 in
1271 1271 1362 1312 solo
1384 1286 1475 1313 esse
1496 1287 1562 1312 sa-

135 1327 289 1381 piente.
347 1329 423 1368 Est
443 1338 584 1370 autem
608 1328 800 1383 quaedam
832 1328 960 1368 animi
991 1328 1160 1377 sanitas,
1183 1342 1276 1382 quae
1299 1328 1339 1368 in
1360 1327 1561 1383 insipien-

135 1392 221 1423 tem
253 1383 378 1424 etiam
413 1385 548 1435 cadat,
575 1391 614 1416 46
632 1400 727 1425 cum
761 1385 976 1425 curatione
1004 1383 1264 1425 medicorum
1292 1385 1562 1426 conturbatio

134 1440 286 1480 mentis
317 1440 516 1482 aufertur.
574 1443 643 1491 Et,
679 1450 726 1482 ut
759 1441 945 1496 corporis
974 1450 1038 1482 est
1063 1440 1265 1505 ’quaedam
1295 1450 1393 1496 apta
1426 1441 1621 1497 figura3l

134 1496 437 1547 membrorum,
458 1511 553 1538 cum
576 1498 727 1538 coloris
748 1497 930 1553 quadam
961 1497 1191 1538 suavitate·
1180 1528 1192 1546 ,
1224 1511 1273 1537 ea
1292 1512 1386 1553 quae
1409 1497 1563 1539 dicitur

131 1551 397 1606 pulcritudo:
430 1553 488 1593 sic
510 1554 552 1593 in
574 1554 728 1604 animo,
750 1554 996 1609 opinionum
1010 1553 1354 1608 judiciorumque
1376 1554 1563 1610 aequabi-

130 1608 224 1649 litas
246 1617 289 1649 et
309 1610 557 1661 constantia,
577 1625 673 1651 cum
697 1610 892 1651 firmitate
909 1609 1105 1674 ’quadam
1124 1618 1165 1650 et
1187 1609 1412 1651 stabilitate
1432 1611 1562 1652 111111-

131 1672 216 1705 tem
237 1665 510 1721 subsequens,
530 1676 602 1708 aut
622 1667 782 1708 virtutis
804 1667 884 1707 vim
908 1667 1040 1721 ipsam
1067 1666 1298 1730 continens,
1319 1667 1562 1722 pulcritudo

132 1731 316 1763 vocatur.
377 1724 570 1779 Itemque
599 1723 752 1764 xiribus
771 1723 985 1788 ‘corporiffi
1011 1732 1054 1764 et
1087 1723 1233 1773 ncrxis,
1255 1733 1299 1764 et
1326 1723 1564 1766 efficacitati

134 1778 289 1820 similes
310 1779 516 1820 similibus
544 1780 694 1830 xerbis,
715 1780 843 1820 animi
872 1795 976 1821 11103
1008 1779 1289 1821 nominantur.
1346 1780 1564 1822 velocitas

132 1843 273 1875 autem
312 1836 515 1891 corporis,
551 1836 741 1877 celeritas
779 1836 1041 1892 appellatur:
1085 1851 1179 1891 quae
1216 1836 1365 1877 eadem
1405 1837 1564 1892 ingenii

132 1891 257 1932 etiarn
295 1891 385 1933 laus
421 1892 600 1933 habetur
636 1902 805 1948 propter
843 1893 971 1933 animi
1005 1893 1233 1934 multarum
1270 1907 1408 1934 rerum
1448 1893 1562 1935 brevi

133 1956 323 2003 tempore
343 1949 668 2013 percursionem.
731 1949 856 1998 Illud,
877 1950 1110 1990 animorum
1143 1963 1456 2006 corporumque
1477 1949 1561 1991 dis·
1582 1949 1648 1997 14

131 2004 279 2055 simile,
300 2005 416 2060 quod
436 2005 564 2046 animi
581 2006 763 2045 xalentes
784 2007 934 2046 morbo
955 2006 1105 2046 tentari
1127 2020 1209 2046 non
1230 2015 1434 2061 possunt3
1468 2021 1562 2048 cor-

131 2073 233 2115 pora
252 2070 442 2125 possunt.
474 2061 546 2102 sed
576 2076 801 2117 corporum
832 2063 1082 2103 offensiones
1111 2062 1198 2103 sine
1227 2063 1353 2118 culpa
1373 2063 1563 2104 accidere

130 2127 321 2172 possunt,
342 2118 580 2159 animorum
603 2133 686 2158 non
707 2119 836 2160 item:
867 2133 1049 2183 quorum
1077 2133 1223 2160 omnes
1245 2120 1383 2160 morbi
1405 2128 1447 2160 et
1465 2134 1563 2175 per-

130 2173 392 2215 turbationes
419 2188 468 2215 ex
495 2175 786 2230 aspernatione
816 2174 989 2216 rationis
1019 2175 1226 2216 eveniunt.
1257 2175 1398 2231 itaque
1418 2176 1459 2216 in
1483 2176 1563 2216 ho-

129 2230 312 2295 minibus
330 2232 467 2272 solum
488 2232 706 2272 exsistunt.
729 2246 824 2272 nam
843 2231 987 2272 bestiae
1010 2231 1145 2272 simile
1166 2231 1366 2287 quiddam
1387 2233 1563 2283 faciunt,

129 2287 275 2328 sedin
305 2288 641 2343 perturbationes
663 2302 744 2329 non
775 2288 980 2329 incidunt.
1041 2288 1156 2328 Inter
1175 2298 1320 2329 acutos
1342 2297 1498 2338 autem,
1520 2298 1561 2330 et
1575 2297 1625 2330 32

129 2342 237 2384 inter
267 2343 440 2385 hebetes
471 2345 657 2395 interest,
680 2344 794 2400 quod
822 2344 1046 2400 ino-eniosi,
1067 2353 1115 2385 ut
1140 2359 1196 2384 aes
1220 2344 1488 2386 Corinthium
1519 2346 1562 2386 in

132 2400 376 2455 aeruginem,
399 2400 457 2443 sic
478 2401 569 2442 illi
559 2417 602 2442 111
619 2401 818 2442 morbum
839 2410 883 2442 et
903 2401 1093 2442 incidunt
1113 2400 1286 2452 tardius,
1308 2410 1350 2443 et
1371 2416 1562 2443 recrean-

173 2532 212 2556 44
237 2531 336 2564 partes
365 2526 450 2556 habet
477 2526 687 2568 dissentientes]
721 2533 823 2566 partes
866 2532 896 2556 et
912 2532 981 2566 apte
997 2527 1167 2558 cohaerent.
1192 2528 1297 2566 itaque
1314 2537 1389 2557 mox
1406 2527 1563 2567 ffctio—

129 2567 331 2605 dissentientes,
348 2570 401 2599 hic
424 2580 487 2600 non
512 2570 658 2609 placuere
679 2571 752 2600 viris
768 2571 823 2600 do·
867 2580 920 2598 non
935 2569 1057 2598 distorta
1074 2580 1122 2598 nec
1130 2576 1242 2608 prava.

128 2611 195 2641 ctis.
240 2591 401 2642 Bentleius
424 2614 558 2643 correxit
575 2618 664 2651 pares
686 2613 825 2642 dissiden-
910 2618 949 2642 45
971 2612 1011 2642 Ut
1033 2611 1123 2652 enim]
1147 2613 1261 2642 Addidi
1285 2612 1337 2648 Ut,
1362 2613 1437 2651 quia
1459 2613 1565 2651 sequi·
1602 2619 1606 2622 “

130 2652 197 2683 tias.
241 2654 301 2685 Sed
327 2655 357 2684 id
383 2655 504 2693 probari
528 2666 594 2686 non
620 2662 731 2704 potest.
756 2666 825 2686 ver-
867 2660 930 2691 tur,
947 2655 987 2683 sic
1001 2655 1109 2685 sanitas
1121 2655 1213 2684 animi
1228 2655 1347 2686 dicitur.
1362 2665 1421 2685 nec
1436 2655 1509 2684 enim
1525 2655 1565 2685 ab

130 2694 211 2726 bum
220 2702 321 2735 partes
337 2699 550 2728 necessarium
565 2706 625 2728 est·
642 2699 719 2747 quia
734 2698 824 2738 paul·
867 2698 958 2728 initio
974 2698 1099 2728 dicitur.

130 2736 162 2767 lo
189 2747 258 2777 post
284 2746 360 2770 sunt
384 2747 484 2779 partes
513 2741 697 2770 vitiositatis.
729 2743 825 2772 ducta
912 2745 952 2770 46
968 2751 1031 2769 cum
1047 2739 1208 2781 curatione]
1236 2740 1377 2770 Quidam
1400 2740 1470 2769 libri
1494 2738 1564 2768 edd.

131 2789 178 2809 res
194 2787 241 2811 est
254 2791 273 2811 a
287 2791 414 2822 corpore
430 2784 570 2820 distorto,
588 2790 624 2813 ut
638 2794 655 2814 e
670 2794 755 2824 seqq.
772 2794 826 2823 pa·
868 2790 899 2812 et
913 2792 973 2813 ser.
999 2784 1119 2813 addunt
1142 2790 1169 2812 et
1190 2783 1403 2824 gubernatione.
1428 2783 1512 2821 quod
1534 2787 1565 2811 et

131 2828 184 2857 tet,
202 2824 235 2854 in
249 2834 315 2864 quo
330 2832 430 2865 partes
445 2826 647 2865 dissentiunt,
664 2837 729 2858 non
745 2827 827 2858 bene
869 2827 987 2865 recepit
1001 2826 1161 2856 Davisius.

863 2879 935 2922 23
