1778 3095
506 195 716 233 JLIB‘ER'
739 193 1078 232 SECUNDUS.
1104 196 1107 199 '
1150 196 1154 197 ⁷
1446 199 1525 233 455

103 303 306 357 pariendo
335 304 553 346 invocant:
584 317 678 356 quae
708 301 855 342 eadem
885 301 1025 342 Diana
1045 309 1084 339 78
1099 298 1321 355 omnivaga
1358 299 1523 351 dicitur,

106 367 144 394 ⁷9
158 374 241 401 non
274 376 298 402 a
329 359 521 411 venando,
560 358 632 398 sed
667 358 782 413 quod
816 357 859 398 in
894 367 1052 412 septem
1088 365 1331 398 numeratur
1359 364 1398 388 80
1413 367 1522 398 tam-

104 430 230 470 quam
252 416 507 473 vagantihus.
564 414 704 455 Diana
730 414 854 464 dicta,
885 414 983 469 quia
1012 423 1141 454 noctu
1164 412 1283 468 quasi
1302 412 1413 452 diem
1434 414 1520 453 effi·
1533 416 1583 462 69

100 483 227 513 ceret.
285 473 522 514 Adhibetur
540 480 679 512 autem
702 471 754 511 ad
782 478 939 526 partus,
969 470 1082 524 quod
1101 469 1129 509 ii
1145 477 1430 509 maturescunt
1450 479 1522 510 aut

101 539 260 583 septem
302 542 630 583 nonnumquam,
672 535 707 582 8}
724 537 810 577 aut,
852 536 899 567 ut
936 526 1182 581 plerumque
1223 540 1370 566 novem
1412 524 1521 565 lunae

99 585 288 626 cursibus
306 602 315 626 ι
347 585 417 640 qui
438 585 535 639 quia
554 598 698 624 mensa
717 583 851 639 spatia
870 583 1110 633 conficiunt,
1130 596 1282 622 menses
1302 581 1522 622 nominan-

100 650 182 681 tur.
243 641 557 696 Concinneque,
576 650 623 682 ut
642 639 790 690 multa,
820 639 1033 680 Timaeus:
1064 639 1135 695 qui
1167 652 1262 678 cum
1286 637 1328 678 in
1348 637 1627 681 historiar-40-

97 696 281 747 dixisset,
318 711 401 751 qua
438 706 560 737 nocte
597 705 717 737 natus
756 695 994 737 Alexander
1030 704 1152 745 esset,
1188 693 1334 735 eadem
1371 694 1521 735 Dianae
1535 696 1563 715 ³·

98 753 290 807 Ephesiae
325 753 530 808 templum
565 753 868 808 deflagravisse,
903 752 1106 809 adjunxit,
1140 751 1313 791 minime
1348 750 1391 791 id
1430 765 1520 792 esse

97 808 348 859 mirandum,
384 810 498 865 quod
529 810 682 860 Diana,
721 824 818 850 cum
854 810 894 849 in
929 818 1051 864 partu
1082 807 1346 864 Olympiadis
1376 807 1521 848 adesse

97 864 308 915 voluisset,
339 866 542 907 abfuisset
570 866 714 907 domo.
772 867 879 921 Quae
909 874 1049 906 autem
1080 865 1158 905 dea
1186 865 1239 905 ad
1277 878 1340 904 res
1375 878 1521 904 omnes

96 920 263 972 veniret,
296 923 503 963 Venerem
539 924 670 963 nostri
702 922 1031 972 nominaverunt,
1062 931 1188 976 atque
1220 935 1271 961 ex
1302 934 1351 960 ea
1377 920 1520 976 potius

97 988 304 1028 venustas,
337 994 460 1034 quam
498 981 641 1020 Venus
678 993 728 1018 ex
763 987 991 1019 venustate.
1048 977 1265 1018 Videtisne
1298 977 1441 1032 igitur,
1474 986 1521 1018 ut
1535 974 1602 1022 28

94 1047 120 1073 a
136 1033 322 1089 physicis
341 1037 479 1085 rebus,
501 1035 605 1076 bene
635 1044 760 1090 atque
787 1034 944 1075 utiliter
971 1034 1159 1084 inventis,
1188 1043 1320 1074 tracta
1342 1034 1448 1074 ratio
1469 1034 1522 1075 sit
1534 1049 1587 1088 70

95 1089 150 1130 ad
169 1091 486 1132 commenticios
507 1101 549 1132 et
569 1091 688 1132 fictos
710 1091 840 1131 deos?
875 1106 968 1146 quae
999 1105 1062 1130 res
1093 1090 1241 1145 genuit
1268 1090 1391 1130 falsas
1426 1091 1520 1146 opi—

97 1146 256 1197 niones,
274 1161 516 1203 erroresque
536 1148 817 1203 turbulento-s,
837 1155 880 1187 et
900 1147 1212 1202 superstitiones
1240 1161 1360 1201 paene
1380 1147 1522 1188 aniles.

94 1211 139 1242 et
158 1203 305 1243 formae
325 1204 435 1244 enim
458 1205 579 1245 nobis
599 1204 790 1254 deorum,
811 1212 854 1244 et
875 1212 1031 1254 aetates,
1063 1212 1105 1243 et
1125 1203 1311 1253 vestitus,
1332 1212 1522 1244 ornatus-

97 1273 178 1313 que
199 1260 288 1299 noti
307 1269 428 1309 sunt3
458 1275 612 1315 genera
634 1269 847 1315 praeterea,
873 1260 1086 1316 conjugia,
1116 1260 1408 1314 cognationes,
1428 1274 1521 1300 om-

97 1314 248 1370 niaque
264 1317 455 1357 traducta
474 1317 526 1357 ad
547 1316 863 1357 similitudinem
880 1316 1178 1356 imbecillitatis
1192 1316 1402 1356 humanae.
1426 1331 1522 1357 nam

97 1379 139 1411 et
169 1372 421 1425 perturbatis
451 1373 600 1413 animis
633 1373 913 1413 inducuntur:
944 1372 1174 1427 accipimus
1205 1372 1317 1413 enim
1347 1371 1523 1413 deorum

94 1427 358 1481 cupiditateS,
399 1429 682 1483 aegritudines,
720 1429 976 1469 iracundias:
1022 1443 1097 1469 nec
1135 1444 1244 1479 vero,
1284 1438 1331 1469 ut
1368 1429 1527 1469 fabulae

95 1483 248 1534 ferunt,
278 1485 335 1524 dii
365 1486 485 1526 bellis
516 1485 758 1541 proeliisque
787 1495 1032 1526 carueruntt
1064 1500 1139 1525 nec
1170 1486 1322 1535 solum,
1343 1494 1390 1525 ut
1408 1485 1524 1540 apud

94 1539 348 1591 Homerum,
369 1556 466 1582 cum
488 1542 573 1583 duo
594 1542 797 1582 exercitus
819 1542 1049 1582 contrarios
1069 1541 1138 1582 alii
1159 1541 1215 1582 dii
1235 1556 1286 1582 ex
1306 1542 1386 1582 alia
1405 1551 1523 1596 parte

95 1595 380 1647 defenderent,
400 1598 474 1638 sed
494 1599 635 1648 etiam,
666 1607 713 1638 ut
743 1606 780 1629 82
795 1612 890 1639 curn
923 1598 1096 1646 Titanis,
1128 1606 1174 1638 ut
1204 1613 1302 1638 cum
1324 1598 1522 1652 Giganti-

93 1652 185 1702 bus,
208 1667 283 1693 sua
301 1655 469 1708 propria
488 1654 597 1694 bella
616 1663 852 1710 gesserunt.
883 1655 991 1695 Haec
1009 1664 1049 1695 et
1066 1654 1275 1702 dicuntur,
1289 1664 1331 1695 et
1347 1654 1524 1695 credun-

92 1716 161 1762 tur
181 1709 439 1761 stultissime,
459 1720 502 1751 et
521 1711 644 1765 plena
665 1719 762 1751 sunt
783 1718 820 1741 83
834 1710 1059 1761 futilitatis,
1090 1725 1352 1766 summaeque
1376 1710 1522 1751 levita-

92 1764 160 1807 tis.
220 1765 302 1806 Sed
323 1774 479 1816 tamen,
507 1767 571 1807 his
602 1767 756 1808 fabulis
785 1768 932 1822 spretis
962 1782 1010 1808 ac
1041 1767 1284 1822 repudiatis,
1307 1767 1408 1807 deus
1427 1774 1581 1822 per—71
1626 1788 1631 1796 ·

93 1820 229 1865 tinens
250 1835 324 1876 per
345 1832 537 1864 naturam
558 1824 763 1880 cujusque
785 1824 857 1873 rei,
878 1838 953 1878 per
983 1832 1113 1864 terras
1134 1823 1277 1873 Ceres,
1298 1838 1372 1878 per
1392 1824 1524 1865 maria

94 1878 334 1932 Neptunus,
364 1879 433 1919 alii
463 1895 536 1935 per
566 1880 659 1930 alia,
690 1889 888 1934 poterunt
916 1879 1110 1935 intelligi,
1130 1888 1167 1911 8⁴
1182 1880 1268 1936 qui,
1294 1879 1523 1935 qualesque

98 1933 195 1983 sint,
228 1948 397 1989 quoque
426 1950 499 1976 eos
536 1937 704 1976 nomine
739 1936 1001 1977 consuetudo
1040 1937 1354 1992 nuncupaverit,
1388 1945 1426 1968 8⁵
1445 1937 1523 1978 hos

95 1989 195 2030 deos
216 2000 258 2030 et
278 1992 460 2032 venerari
486 2001 528 2032 et
556 1993 694 2033 colere
722 1992 938 2033 debemus.
998 1992 1150 2033 Cultus
1170 2002 1310 2033 autem
1331 1993 1524 2045 deorum,

93 2054 156 2086 est
177 2046 375 2101 optimuS,
396 2047 591 2104 idemque
611 2048 866 2089 castissimus
884 2057 1009 2104 atque
1025 2050 1312 2090 sanctissimus
1331 2049 1523 2105 plenissi-

94 2116 271 2157 musque
292 2103 472 2158 pietatis,
493 2115 540 2145 ut
567 2119 638 2145 eos
669 2119 833 2159 semper
862 2120 980 2160 pura,
1010 2106 1188 2161 integra,
1218 2107 1459 2161 incorrupta
1479 2116 1522 2148 et

92 2167 248 2209 mente,
287 2169 329 2200 et
363 2174 463 2200 voce
502 2175 758 2201 veneremur.
796 2176 879 2201 non
918 2163 1029 2202 enirn
1077 2162 1321 2217 philosophi
1365 2163 1565 2214 solum,b.

90 2229 232 2255 verum
255 2216 382 2256 etiam
403 2216 584 2272 majores
597 2218 729 2258 nostri
744 2217 1077 2272 superstitionem
1096 2233 1120 2259 a
1135 2219 1337 2273 religione
1356 2233 1521 2274 separa-

93 2281 251 2311 verunt.
310 2273 425 2313 Nam
457 2273 529 2328 qui
559 2283 673 2314 totos
707 2273 795 2314 dies
826 2274 1118 2328 precabantur,
1150 2285 1193 2315 et
1228 2275 1519 2326 immolabant,
1532 2289 1582 2330 72

91 2335 140 2367 ut
157 2329 220 2368 sui
236 2328 314 2368 sibi
328 2328 448 2370 liberi
465 2331 709 2385 superstites
726 2338 877 2380 essent,
892 2331 1166 2386 superstitiosi
1181 2342 1280 2372 sunt
1294 2331 1493 2386 appellati
1509 2348 1519 2373 :

134 2446 172 2474 78
197 2442 366 2482 omnivaga]
396 2444 449 2474 Sid
471 2445 540 2475 edd.
567 2451 642 2474 vett.
670 2454 782 2474 omnes
825 2454 900 2474 nam
920 2444 1034 2474 Titanes
1057 2453 1132 2476 sunt
1155 2455 1220 2476 non
1246 2445 1357 2482 Titani,
1374 2455 1392 2475 a
1409 2445 1522 2476 Graeco

91 2492 192 2521 usque
214 2486 252 2514 ad
279 2486 487 2524 Lambinum,
511 2489 564 2526 qui
588 2487 739 2526 annivaga
766 2497 782 2516 e
826 2487 946 2518 Τιτῆνες.

92 2526 191 2555 Probo
214 2529 340 2567 recepit,
365 2538 492 2560 auctore
512 2531 609 2560 Junio
636 2529 657 2559 l.
683 2539 711 2560 c.
736 2540 783 2559 se·
869 2537 906 2560 83
921 2528 1101 2569 futilitatis]
1121 2531 1183 2560 Ms.
1198 2531 1306 2559 Ursini
1324 2538 1354 2559 et
1369 2531 1522 2569 Augusti,

92 2575 208 2606 querite
224 2569 368 2601 Grutero.
385 2573 541 2612 omnivaga
557 2582 669 2603 omnes
687 2573 766 2602 Mss.
824 2582 885 2602 nus
909 2572 977 2603 civ.
1001 2574 1041 2603 D.
1067 2573 1123 2611 IV,
1147 2580 1197 2604 30.
1223 2574 1342 2605 habent
1363 2574 1520 2604 vanitatis.

136 2617 176 2645 79
199 2622 251 2640 non
277 2625 295 2642 a
324 2614 470 2654 venando]
510 2616 609 2646 Quasi
646 2616 781 2645 venandi
826 2615 938 2654 placet.

92 2662 204 2683 caussa
218 2654 338 2694 ubique
352 2665 526 2695 vagaretur.
869 2665 907 2688 84
932 2657 995 2698 qui,
1033 2657 1188 2700 qualesque
1224 2657 1292 2696 sint]
1333 2658 1438 2698 Vulgo
1475 2666 1521 2688 est

136 2702 175 2727 80
199 2703 346 2737 tamquam
363 2698 554 2739 vagantibus]
582 2700 699 2737 Stellis‚
716 2710 782 2730 non
826 2708 901 2737 sunt,
933 2701 1028 2731 male.
1066 2711 1142 2731 nam
1173 2708 1203 2731 et
1234 2707 1302 2741 post
1338 2709 1384 2731 est
1413 2712 1521 2732 nuncu-

91 2739 211 2777 proprie
237 2741 425 2777 errantibus,
454 2744 507 2772 sed
529 2752 608 2783 ‘quae
637 2744 783 2774 videntur
819 2743 956 2782 paverit.

92 2790 202 2818 errare,
221 2783 303 2813 unde
319 2789 349 2812 et
358 2783 487 2822 planetae
503 2786 663 2816 dicuntur.
872 2793 909 2817 85
934 2786 980 2815 hos
996 2785 1072 2825 deos]
1096 2786 1146 2816 Sic
1171 2786 1249 2815 Mss.
1272 2786 1375 2825 plures
1398 2793 1429 2815 et
1450 2785 1520 2815 edd.

137 2830 172 2853 81
197 2832 249 2854 aut
277 2832 309 2854 ut
335 2825 517 2867 plerumque]
554 2828 666 2858 Addidi
706 2838 784 2859 cum
827 2835 943 2859 veteres
960 2830 1121 2867 quaedam,
1139 2836 1174 2858 ut
1191 2829 1312 2859 Bonon.
1329 2829 1409 2866 Veri..
1429 2835 1522 2863 1494,

93 2865 221 2896 Davisio
236 2874 268 2896 ut
283 2878 321 2897 ex
338 2870 406 2899 edd.
421 2876 496 2900 vett.
512 2876 542 2899 et
557 2870 636 2900 Μῦς.
830 2872 889 2900 &c.
923 2871 1041 2910 Vulgg.
1058 2882 1136 2913 quos.

137 2915 174 2939 82
207 2920 270 2938 cum
308 2911 433 2950 Titanis]
471 2912 586 2943 Malim
626 2913 786 2956 Titanibus,

823 2966 951 3012 eg4
