1768 3095
515 108 699 150 LIBER
738 109 987 147 PRIMUS.
1442 115 1492 156 9⁵

56 233 198 266 essent
226 232 268 265 et
298 219 520 270 naturales,
551 227 594 259 et
623 217 900 259 necessariae:
931 216 1127 267 alterum,
1158 231 1254 272 quae
1284 219 1494 262 naturales

56 290 209 332 essent,
240 295 317 321 nec
348 288 489 319 tamen
518 275 794 316 necessariae:
826 273 1015 324 tertium,
1047 288 1142 329 quae
1170 287 1248 313 nec
1269 277 1494 328 natural-es,

58 353 134 379 nec
156 336 412 379 necessariae.
435 347 613 390 quarum
636 346 687 373 ea
706 332 814 372 ratio
834 339 912 381 est,
935 339 981 370 ut
1003 330 1248 371 necessariae
1270 345 1347 372 nec
1369 346 1497 386 opera

59 395 209 445 multa,
231 407 306 434 nec
326 392 518 446 impensa
539 389 801 445 expleantur.
840 389 910 428 Ne
933 387 1143 428 naturales
1165 387 1338 443 quidem
1361 389 1497 430 multa
1507 390 1560 427 46

59 451 311 499 desiderant,
339 455 564 503 propterea
592 445 708 502 quod
734 446 825 500 ipsa
846 456 996 485 natura
1018 444 1194 494 divitias,
1218 445 1371 500 quibus
1392 459 1495 486 con·
1509 442 1542 474 b.

59 516 175 549 tenta
204 506 272 557 sit,
302 513 345 545 et
373 503 596 560 parabileS,
627 513 671 543 et
700 503 944 543 terminatas
976 501 1118 542 habet.
1144 501 1330 542 inanium
1354 511 1498 544 autem

60 563 339 619 cupiditatum
387 576 463 602 nec
512 560 666 600 modus
710 558 837 609 ullus,
878 572 955 598 nec
997 558 1089 598 finis
1128 559 1301 599 inveniri
1342 568 1497 614 potest.

61 619 191 676 Quod
212 620 245 660 si
266 619 394 659 vitam
415 631 589 659 omnem
611 615 846 672 perturbari
865 615 1055 656 videmus
1077 629 1231 666 errore,
1254 624 1296 656 et
1316 615 1497 657 inscien-
1517 619 1583 666 14

60 677 143 718 tia:
174 675 508 731 sapientiamque
528 689 619 715 esse
641 673 791 723 solam,
814 687 908 728 quae
931 687 1008 713 nos
1029 687 1053 712 a
1072 671 1298 713 libidinum
1320 673 1498 728 impetu,

60 740 103 773 et
136 732 411 774 formidinum
445 741 605 773 terrore
640 730 836 779 vindicet,
873 738 916 769 et
952 730 1083 785 ipsius
1115 729 1297 770 fortunae
1329 731 1500 772 modice

61 789 170 830 ferre
198 789 350 830 doceat
381 788 568 844 injurias,
597 795 640 828 et
669 801 815 828 omnes
842 795 1049 827 monstret
1071 786 1168 837 vias,
1190 801 1284 842 quae
1304 786 1357 827 ad
1380 787 1500 843 quie-

62 854 164 896 tem,
194 854 238 886 et
268 845 615 901 tranquillitatem
647 844 812 885 ferant:
847 843 949 899 quid
979 852 1056 894 est,
1077 858 1151 884 cur
1171 844 1414 885 dubitemus
1436 844 1501 885 di-

61 915 171 953 cere,
196 912 240 944 et
265 903 512 958 sapientiam
540 908 713 957 propter
737 900 998 956 voluptatem
1018 901 1314 956 expetendam,
1336 910 1380 942 et
1400 901 1501 942 insi-

61 958 263 1014 pientiam
293 968 468 1015 propter
496 958 710 1000 molestias
740 972 831 998 esse
861 957 1139 1013 fugiendam?
1169 957 1414 1014 Eademque
1437 972 1503 999 ra·
1515 966 1566 1007 47

63 1015 179 1057 tione
209 1031 260 1057 ne
290 1016 614 1072 temperantiam
644 1014 815 1071 quidem
838 1024 1014 1070 propter
1033 1029 1077 1055 se
1101 1015 1383 1070 expetendam
1413 1029 1506 1057 esse

64 1072 269 1125 dicemus,
291 1073 364 1114 sed
385 1073 485 1129 quia
504 1087 652 1129 pacem
672 1071 821 1112 animis
843 1072 1002 1121 afferat,
1025 1080 1068 1112 et
1087 1085 1160 1112 eos
1184 1072 1304 1128 quasi
1326 1086 1506 1113 concor-

65 1129 135 1171 dia
164 1130 347 1186 quadam
377 1130 530 1186 placet,
563 1144 610 1170 ac
640 1129 783 1170 leniat.
843 1129 1142 1184 Temperantia
1171 1137 1236 1170 est
1261 1129 1388 1180 enim,
1411 1144 1506 1185 quae

65 1185 107 1227 in
137 1188 263 1229 rebus
294 1196 368 1227 aut
397 1186 656 1242 expetendis,
686 1194 759 1227 aut
786 1185 1013 1240 fugiendis,
1044 1186 1252 1227 rationem
1283 1195 1331 1227 ut
1357 1200 1509 1242 sequa-

66 1257 164 1284 mur
182 1253 343 1286 monet.
364 1257 441 1284 nec
457 1244 570 1284 enim
592 1243 690 1284 satis
713 1251 777 1283 est
791 1243 1000 1298 judicare,
1020 1242 1123 1298 quid
1142 1243 1398 1294 faciendum,
1420 1257 1508 1285 non

70 1300 363 1342 faciendumve
383 1300 436 1340 sit
455 1317 464 1340 ε
496 1300 572 1341 sed
598 1308 708 1340 stare
736 1300 863 1339 etiam
885 1309 1054 1354 oportet
1074 1299 1117 1340 in
1139 1314 1206 1350 eo,
1226 1300 1342 1356 quod
1364 1301 1418 1341 sit
1432 1301 1509 1356 ju-

69 1356 271 1398 dicatum.
293 1356 484 1413 plerique
502 1365 660 1407 autem,
682 1355 800 1411 quod
817 1364 960 1396 tenere
979 1365 1107 1410 atque
1129 1370 1291 1397 servare
1311 1357 1369 1407 id,
1391 1356 1511 1413 quod

69 1422 319 1464 statuerunt,
341 1428 426 1454 non
448 1421 641 1468 possunt,
658 1413 757 1453 victi
778 1421 820 1452 et
841 1412 1066 1463 debilitati,
1088 1413 1257 1468 objecta
1278 1414 1417 1469 specie
1434 1428 1510 1454 vo-

66 1469 258 1524 luptatis,
277 1469 449 1511 tradunt
475 1484 520 1510 se
551 1469 797 1510 libidinibus
819 1469 1186 1524 constringendOS,
1210 1484 1300 1521 nec,
1324 1469 1435 1525 ‘quid
1463 1484 1509 1511 e-

68 1534 292 1567 venturum
314 1526 381 1577 sit,
399 1525 637 1582 provident,
654 1525 710 1567 ob
731 1539 912 1580 eamque
930 1540 1103 1566 causam
1123 1535 1298 1581 propter
1316 1527 1512 1583 volupta-

69 1590 158 1624 tem
178 1590 222 1632 et
240 1597 425 1638 parvam,
448 1592 492 1623 et
512 1597 600 1623 non
621 1581 915 1633 necessariam,
933 1590 976 1622 et
997 1597 1093 1638 quae
1114 1582 1179 1624 vel
1200 1583 1322 1624 aliter
1341 1598 1513 1639 parare-

69 1647 153 1690 tur,
173 1648 217 1680 et
237 1654 322 1696 qua
342 1640 471 1680 etiam
492 1653 634 1680 carere
653 1648 827 1695 possent
848 1638 935 1679 sine
956 1639 1120 1691 dolore,
1141 1649 1233 1680 tum
1265 1640 1308 1680 in
1338 1641 1514 1682 morbos

69 1709 232 1752 graves,
266 1705 361 1737 tum
392 1696 434 1737 in
466 1696 635 1747 damna,
668 1705 762 1736 tum
796 1696 838 1736 in
875 1695 1086 1737 dedecora
1121 1696 1368 1738 incurrunt:
1401 1712 1515 1753 saepe

70 1752 201 1794 etiam
220 1753 368 1809 legum
391 1753 742 1810 judiciorumque
771 1752 908 1808 poenis
939 1753 1200 1809 obligantur.
1260 1754 1348 1811 Qui
1368 1763 1512 1795 autem
1524 1760 1577 1795 48

70 1808 129 1850 ita
148 1809 232 1851 frui
252 1810 400 1851 volunt
421 1810 721 1866 voluptatibus,
745 1818 793 1850 ut
813 1809 918 1850 nulli
936 1821 1110 1865 propter
1129 1824 1199 1851 eas
1220 1810 1389 1852 dolores
1410 1826 1515 1852 con-

73 1875 304 1922 sequantur
321 1882 331 1907 :
352 1875 395 1907 et
416 1867 490 1922 qui
510 1882 637 1908 suum
651 1866 864 1922 judicium
888 1868 1085 1918 retinent,
1108 1881 1160 1907 ne
1181 1867 1397 1924 voluptate
1418 1868 1517 1910 victi

74 1923 231 1964 faciant
249 1922 308 1973 id,
331 1924 449 1978 quod
466 1924 654 1964 sentiunt
676 1938 760 1964 non
781 1938 871 1964 esse
885 1924 1126 1965 faciendum
1144 1941 1153 1964 z
1186 1924 1230 1965 hi
1252 1925 1516 1981 voluptatem

74 1980 303 2020 maximam
344 1979 650 2034 adipiscuntur,
689 1980 1051 2036 praetermittenda
1083 1981 1317 2037 voluptate.
1379 1982 1515 2023 Iidem

73 2035 204 2077 etiam
229 2035 424 2077 dolorem
445 2050 556 2092 saepe
577 2037 886 2093 perpetiuntur,
909 2052 976 2089 ne,
1005 2038 1040 2079 si
1064 2037 1109 2079 id
1142 2053 1225 2079 non
1252 2038 1424 2090 faciant,
1449 2038 1514 2080 in·
1524 2055 1555 2085 p.
1575 2053 1626 2081 ⁵9.

71 2091 216 2134 cidant
251 2092 294 2133 in
324 2093 547 2149 majorem.
608 2095 671 2135 Ex
702 2108 788 2150 quo
823 2094 1090 2151 intelligitur,
1122 2109 1200 2136 nec
1231 2095 1557 2152 intemperan-a·

73 2148 178 2190 tiam
199 2157 373 2206 propter
393 2164 438 2191 se
458 2150 708 2205 fugiendam
737 2165 852 2192 esse:
885 2152 1296 2208 temperantiamque
1316 2162 1519 2208 expeten-

75 2204 189 2258 dam,
212 2221 297 2248 non
316 2207 416 2263 quia
436 2207 673 2262 voluptates
695 2208 848 2263 fugiat,
870 2208 944 2248 sed
961 2210 1060 2264 quia
1080 2210 1263 2265 majores
1282 2224 1518 2265 consequa-

78 2271 159 2305 tur.
218 2264 381 2306 Eadem
408 2264 669 2306 fortitudinis
700 2265 806 2306 ratio
835 2265 1079 2319 reperietur.
1110 2280 1209 2306 nam
1240 2281 1375 2321 neque
1396 2266 1517 2307 labo·
1536 2251 1601 2304 15

78 2334 173 2362 rum
190 2321 445 2378 perfunctio,
468 2335 605 2376 neque
624 2322 839 2378 perpessio
857 2321 1072 2373 dolorum,
1094 2336 1169 2377 per
1190 2336 1234 2362 se
1254 2322 1346 2377 ipsa
1366 2323 1583 2370 allicitz49

79 2392 156 2419 nec
184 2378 402 2434 patientia,
434 2393 510 2420 nec
537 2379 819 2429 assiduitateS,
842 2393 918 2419 nec
940 2378 1108 2433 vigiliae,
1129 2393 1206 2419 nec
1227 2393 1277 2419 ea
1298 2379 1401 2434 ipsa,
1424 2395 1520 2435 quae

78 2433 289 2487 laudatur,
310 2435 530 2486 industria,
554 2450 604 2476 ne
626 2435 833 2478 fortitudo
856 2435 1031 2490 quidem
1050 2452 1058 2476 ε
1092 2435 1167 2476 sed
1188 2436 1268 2476 ista
1288 2437 1522 2492 sequimur,

80 2500 128 2533 ut
166 2493 269 2534 sine·
294 2507 410 2543 cura,
449 2502 654 2548 metuque
692 2494 878 2534 vivamus
899 2509 908 2532 ε
940 2492 1231 2547 animumque,
1266 2500 1309 2532 et
1349 2507 1521 2549 corpus,

81 2558 289 2604 quantum
319 2549 487 2598 ‚efficere
522 2550 750 2605 possimus,
780 2548 976 2590 molestia
1007 2549 1251 2590 liberemus.
1313 2550 1375 2590 Ut
1408 2550 1521 2591 enim

81 2607 230 2647 mortis
265 2615 384 2647 metu
414 2607 552 2646 omnis
584 2606 738 2662 quietae
770 2606 863 2647 vitae
894 2614 1028 2647 status
1058 2606 1354 2662 perturbatur:
1386 2615 1429 2646 et
1458 2615 1521 2658 ut,

81 2664 358 2705 succumbere
387 2662 624 2714 doloribus,
655 2677 815 2719 eosque
845 2662 997 2703 humili
1028 2663 1186 2713 animo,
1221 2662 1524 2718 imbecilloque

84 2719 205 2771 fen-e,
224 2721 428 2761 miserum
449 2728 539 2771 est3
571 2720 627 2761 ob
649 2734 830 2776 eamque
850 2718 1114 2761 debilitatem
1136 2719 1280 2770 animi,
1302 2720 1427 2760 multi
1448 2724 1523 2775 pa-²

84 2785 237 2828 rentes,
267 2777 392 2818 multi
427 2776 603 2828 amicos,
634 2776 828 2818 nonnulli
856 2776 1053 2832 patriam,
1084 2776 1275 2832 plerique
1305 2784 1449 2816 autem
1481 2782 1535 2817 se'v

84 2831 198 2888 ipsos
227 2834 392 2890 penitus
411 2833 685 2889 perdiderunt
703 2850 713 2873 ε
745 2833 804 2874 sic
835 2833 1035 2875 robustus
1055 2832 1237 2883 animus,
1257 2841 1300 2873 et
1320 2832 1526 2878 excelsus,
