1768 3095
237 52 290 92 54
584 50 857 88 ACADEM.
888 51 1334 89 QUAESTIONUM

236 157 452 214 Quattuor
483 166 581 200 sunt
615 158 769 214 capita,
805 164 842 196 67
862 174 956 215 quae
990 159 1260 211 concludant,
1291 157 1394 199 nihil
1424 172 1528 209 esse,
1558 156 1674 216 quod

237 213 369 265 nosci,
390 214 562 270 percipi,
581 215 883 271 comprehendi
904 216 1062 272 possit;
1094 215 1145 257 de
1165 231 1250 272 quo
1271 216 1362 256 haec
1382 223 1474 256 tota
1494 215 1674 271 quaestio

236 279 314 312 est.
335 285 358 311 e
377 272 529 326 quibus
549 272 731 327 primum
752 281 829 324 est,
848 287 937 313 esse
957 272 1129 327 aliquod
1158 273 1291 313 visum
1313 271 1464 312 falsum
1483 288 1492 312 ε
1525 285 1674 313 secun-

236 326 354 378 dum,
376 343 461 369 non
482 342 606 384 posse
627 328 668 369 id
690 328 848 385 percipi
868 345 876 369 ε
909 328 1096 379 tertium,
1117 328 1225 370 inter
1254 343 1348 384 quae
1379 328 1464 368 visa
1485 327 1590 370 nihil
1608 328 1675 369 in-

235 384 368 434 tersit,
388 384 474 425 fieri
503 400 589 426 non
619 399 756 441 posse,
777 395 824 426 ut
843 399 987 426 eorum
1018 385 1099 425 alia
1118 385 1274 440 percipi
1293 385 1468 440 possint,
1489 383 1571 425 alia
1589 399 1675 426 non

235 441 426 495 possint:
458 451 670 497 quartum,
702 441 864 482 nullum
897 456 985 482 esse
1021 441 1154 483 visum
1189 456 1331 482 verum
1367 456 1391 482 a
1422 455 1547 482 sensu
1576 454 1675 496 pro-

235 497 409 547 fectum,
443 504 482 529 ⁶⁶⁵
497 498 565 539 cui
596 513 679 539 non
713 498 953 553 appositum
987 498 1041 538 sit
1072 498 1206 538 visum
1241 497 1370 548 aliud,
1397 497 1511 553 quod
1543 497 1597 538 ab
1622 511 1674 538 eo

235 553 340 596 nihil
360 554 535 605 intersit,
558 554 755 610 quodque
777 554 934 609 percipi
956 567 1037 594 non
1067 553 1215 608 possit.
1275 555 1442 595 Horum
1473 562 1675 610 quattuor

234 611 420 666 capitum
454 611 702 661 secundum,
729 619 772 651 et
803 611 990 660 tertium,
1025 624 1172 651 omnes
1203 610 1458 651 concedunt.
1490 611 1673 665 primum

235 668 443 723 Epicurus
463 683 545 709 non
566 668 652 709 dat.
673 682 760 717 VOS,
782 667 1032 723 quibuscum
1065 680 1130 707 res
1158 675 1236 716 est,
1257 665 1300 706 id
1320 680 1490 722 quoque
1520 681 1675 708 conce-

173 723 345 766 84ditis.
378 725 514 765 omnis
542 739 686 780 pugna
712 723 764 764 de
796 732 946 779 quarto
977 733 1053 764 est.
1113 723 1201 765 Qui
1227 723 1358 777 igitur
1388 723 1432 763 P.
1454 722 1674 764 Servilium

234 781 466 822 Geminum
497 781 680 832 videbat,
701 781 736 821 si
763 780 975 822 Quintum
1007 794 1051 820 se
1080 779 1219 820 videre
1250 779 1442 833 putabat,
1465 778 1676 820 incidebat

232 837 274 877 in
295 837 506 893 ejusmodi
525 839 674 887 visum,
695 837 810 893 quod
830 836 990 893 percipi
1011 851 1093 877 non
1120 844 1263 892 posset
1283 851 1291 875 ε
1322 835 1419 892 quia
1450 835 1565 877 nulla
1584 844 1677 877 tota

232 907 376 935 verum
424 891 763 950 distinguebatur
810 907 834 934 a
872 893 1005 934 falso:
1054 907 1139 949 qua
1187 892 1456 934 distinctione
1495 892 1675 943 sublata,

233 956 274 985 69
289 964 416 1006 quam
446 951 621 992 haberet
652 951 693 992 in
726 950 778 991 C.
808 949 953 1000 Cotta,
985 949 1057 1005 qui
1091 949 1155 991 bis
1183 963 1280 989 cum
1314 949 1498 990 Gemino
1526 949 1676 990 consul

233 1007 328 1057 fuit,
349 1007 618 1062 agnoscendo
639 1007 849 1063 ejusmodi
879 1015 1040 1057 notam,
1064 1013 1104 1042 70
1120 1021 1213 1061 quae
1237 1004 1341 1045 falsa
1360 1019 1449 1046 esse
1469 1019 1553 1046 non
1574 1019 1672 1060 pos-

234 1065 328 1105 set?
379 1065 526 1120 Negas
564 1073 722 1104 tantam
765 1062 1082 1104 similitudinem
1124 1063 1166 1103 in
1204 1076 1341 1103 rerum
1382 1072 1532 1104 natura
1566 1076 1672 1103 esse.

234 1121 401 1176 Pugnas
422 1121 612 1171 omnino,
633 1120 705 1160 sed
726 1134 823 1160 cum
855 1119 1088 1161 adversario
1107 1118 1233 1159 facili.
1265 1133 1316 1158 ne
1337 1119 1390 1159 sit
1411 1131 1523 1159 sane.
1546 1117 1676 1160 videri

232 1174 344 1217 certe
366 1186 522 1232 potest.
552 1176 668 1217 fallet
696 1176 826 1231 igitur
846 1190 1013 1217 sensum
1035 1193 1044 1216 z
1077 1185 1120 1216 et
1141 1175 1174 1215 si
1194 1189 1277 1215 una
1299 1174 1497 1216 fefellerit
1527 1173 1675 1215 simili-

231 1232 351 1285 tudo,
371 1233 500 1274 dubia
519 1233 662 1273 omnia
680 1231 921 1273 reddiderit.
952 1231 1120 1272 sublato
1149 1230 1261 1271 enim
1287 1230 1452 1286 judicio
1477 1229 1566 1280 illo,
1588 1244 1674 1286 quo

231 1299 400 1344 ‚oportet
419 1288 593 1344 agnosci
612 1305 621 1329 :
653 1288 780 1329 etiam
812 1288 846 1328 si
876 1289 964 1344 ipse
992 1288 1086 1339 erit,
1107 1301 1233 1343 quem
1260 1286 1424 1339 videris,
1447 1295 1483 1324 71
1504 1287 1576 1342 qui
1597 1286 1674 1328 tibi

230 1345 407 1397 videtur,
429 1354 570 1386 tamen
591 1359 676 1385 non
707 1359 758 1385 ea
785 1353 887 1385 nota
909 1343 1136 1400 judicabis,
1156 1358 1240 1399 qua
1268 1343 1372 1384 dicis
1397 1354 1607 1399 oportere,
1628 1352 1676 1384 ut

169 1410 217 1442 85
229 1417 317 1444 non
352 1402 485 1458 possit
516 1416 607 1443 esse
639 1400 951 1458 ejusdemmodi
984 1400 1100 1442 falsa.
1159 1399 1344 1457 Quando
1370 1399 1502 1455 igitur
1532 1407 1675 1454 potest

232 1459 310 1501 tibi
347 1460 390 1500 P.
413 1459 635 1508 Geminus,
671 1458 858 1514 Quintus
889 1457 1031 1506 videri,
1064 1456 1167 1512 quid
1199 1456 1328 1497 habes
1358 1455 1578 1512 explorati,
1599 1469 1676 1497 cur

233 1530 318 1556 non
340 1515 472 1571 possit
491 1514 568 1556 tibi
590 1514 722 1556 Cotta
740 1513 882 1564 videri,
904 1514 976 1569 qui
1002 1528 1086 1554 non
1117 1513 1185 1564 sit,
1204 1512 1402 1568 quoniam
1434 1511 1593 1568 aliquid
1614 1512 1674 1553 vi-

232 1571 356 1614 detur
376 1586 480 1622 esse,
501 1570 615 1627 quod
635 1585 716 1611 non
738 1578 801 1611 est
821 1571 833 1610 ?
868 1570 1024 1611 Omnia
1044 1569 1147 1610 dicis
1168 1570 1232 1610 sui
1257 1569 1422 1624 generis
1442 1583 1547 1620 esse,
1569 1567 1675 1610 nihil

188 1626 323 1670 b›esse
343 1628 470 1679 idem,
493 1627 606 1683 quod
628 1627 681 1668 sit
704 1625 832 1668 aliud.
892 1627 1082 1667 Stoicum
1115 1634 1178 1666 est
1209 1625 1396 1681 quidem,
1417 1639 1493 1667 nec
1522 1624 1673 1666 admo-

233 1684 337 1726 dum
371 1683 571 1726 credibile
589 1700 601 1734 3
640 1683 803 1724 nullum
840 1697 930 1724 esse
964 1683 1097 1738 pilum
1132 1681 1330 1723 omnibus
1367 1681 1492 1723 rebus
1527 1680 1674 1732 talem,

232 1741 367 1797 qualis
398 1742 452 1782 sit
484 1741 594 1796 pilus
624 1739 745 1790 alius,
765 1739 928 1781 nullum
959 1753 1154 1794 granum.
1186 1738 1277 1779 haee
1305 1738 1439 1779 refelli
1467 1747 1672 1794 possunt:

175 1836 177 1839 .
232 1798 308 1839 sed
340 1811 529 1853 pugnare
557 1796 672 1838 nolo.
703 1796 755 1837 ad
791 1796 833 1838 id
864 1797 992 1843 enim,
1021 1795 1137 1851 quod
1167 1796 1322 1850 agitur,
1353 1794 1457 1835 nihil
1485 1795 1674 1846 interest,

232 1855 485 1895 omnibusne
505 1854 694 1909 partibus
721 1854 805 1894 visa
834 1867 898 1894 res
930 1852 1034 1893 nihil
1065 1852 1244 1902 differat,
1265 1866 1318 1892 an
1338 1850 1566 1893 internosci
1587 1865 1672 1894 non

231 1911 379 1966 possit,
410 1911 535 1952 etiam
572 1910 607 1950 si
641 1909 821 1951 differat.
852 1909 939 1960 sed,
972 1909 1006 1949 si
1038 1908 1260 1949 hominum
1292 1906 1525 1949 similitudo
1556 1916 1675 1949 tanta

230 1981 322 2008 esse
353 1982 438 2009 non
466 1976 624 2023 potest,
655 1980 706 2006 ne
737 1966 955 2021 signorum
986 1964 1190 2021 quidem?
1223 1964 1290 2005 dic
1321 1963 1440 2014 mihi,
1459 1963 1672 2019 Lysippus

231 2024 383 2069 eodem
406 2038 514 2075 aere,
535 2022 683 2064 eadem
704 2022 1024 2079 temperatione,
1046 2021 1196 2062 eodem
1219 2020 1341 2071 caelo,
1363 2028 1401 2056 72
1416 2034 1538 2076 aqua,
1559 2029 1673 2062 cete-

231 2147 287 2179 pro
311 2137 388 2172 sitis,
411 2136 468 2166 sita
493 2135 529 2165 sit
552 2145 596 2165 sc.
625 2134 844 2164 controversia.
873 2143 930 2173 ego
975 2143 1071 2174 ecquo:
1082 2131 1190 2171 poteri!
1205 2143 1261 2161 esse
1273 2132 1303 2161 in
1319 2131 1490 2172 agnoscendo
1505 2133 1662 2164 distinctio.

231 2181 388 2221 syllabam
405 2180 427 2209 is
443 2179 626 2209 deleverim.
1020 2183 1060 2210 70
1076 2185 1142 2216 quae
1152 2174 1241 2215 falsa
1256 2186 1312 2204 esse
1327 2186 1379 2204 non
1388 2173 1497 2215 posset]
1515 2176 1596 2206 Dedi
1608 2183 1674 2216 pos-

276 2229 314 2259 67
333 2234 399 2266 quae
415 2220 596 2258 concludunt]
624 2221 702 2250 NISS.
720 2219 864 2259 quidam,
881 2219 930 2248 cd.

232 2268 312 2298 Ven.
348 2272 439 2300 1471.
475 2263 655 2300 concludant,
693 2263 778 2302 quod
816 2263 932 2301 recepit

232 2310 394 2346 Davisius,
410 2309 501 2338 bene.

277 2358 317 2383 68
335 2352 380 2381 cui
394 2363 446 2380 non
462 2349 622 2390 appositum
637 2347 686 2387 sit]
707 2349 906 2386 Adjunctum
924 2359 929 2375 z

232 2396 285 2427 cui
303 2404 368 2424 non
384 2395 422 2423 sit
438 2394 542 2423 simile
556 2393 645 2426 aliud
666 2392 771 2421 visum
788 2400 828 2421 ex
845 2400 876 2420 re
892 2390 931 2420 ab

232 2438 286 2468 illa
302 2438 431 2467 diversa.

277 2485 318 2513 69
341 2490 429 2521 quam
456 2478 570 2506 haberet
595 2476 624 2505 in
652 2477 686 2506 C.
713 2476 931 2516 Cotta—agno-

234 2523 331 2553 scendo
348 2524 406 2552 &a
420 2525 424 2556 ξ
439 2522 583 2551 Primum
608 2530 663 2559 pro
687 2519 734 2548 M.
751 2519 820 2548 dedi
837 2519 872 2548 C.
891 2528 930 2547 ex

235 2567 332 2597 Fastis
359 2565 455 2595 Cons.
481 2571 511 2593 et
535 2563 604 2592 edd.
630 2563 710 2591 Ven.
741 2561 827 2592 Med.
857 2560 931 2591 Ald.

235 2611 294 2639 8ιο-
328 2609 399 2638 dein
431 2607 533 2636 addidi
565 2605 593 2633 in
621 2615 660 2634 ex
691 2605 800 2634 iisdem
832 2604 929 2640 libris,

232 2653 317 2692 quod
335 2658 365 2681 et
381 2651 413 2679 in
431 2650 508 2680 Mss.
525 2654 682 2686 repertum
708 2654 763 2677 est.
789 2647 830 2676 ita
849 2646 931 2676 tolli-

232 2703 284 2725 tur
297 2693 467 2724 difficultas
483 2693 514 2722 in
532 2691 627 2721 verbo
650 2689 833 2730 agnoscendo,
846 2691 930 2729 quod

217 2738 328 2773 ,varie‚
353 2736 407 2766 sed
435 2736 547 2766 frustra
570 2740 728 2763 tentatum
753 2739 798 2763 est
821 2742 838 2762 a
859 2733 931 2763 viris

235 2781 345 2811 doctis.
391 2779 488 2816 Infra,
514 2779 545 2808 in
570 2778 631 2807 hoc
657 2777 721 2816 ipso
745 2776 845 2816 capite
867 2783 928 2806 est:

975 2225 1016 2247 set
1039 2227 1094 2257 pro
1114 2217 1214 2256 possit.
1241 2217 1319 2248 illud
1343 2226 1512 2248 contextus
1535 2219 1673 2258 postulat

975 2267 1005 2290 ct
1034 2267 1215 2299 temporum
1243 2261 1332 2290 ratio.
1357 2263 1469 2300 reperit
1490 2269 1521 2291 et
1547 2262 1581 2292 in
1608 2262 1673 2293 Ms.

975 2303 1132 2334 Davisius.

1019 2351 1054 2380 71
1075 2346 1125 2386 qui
1150 2345 1203 2374 tibi
1221 2345 1354 2384 videtur]
1381 2346 1515 2377 Secutus
1537 2356 1611 2378 sum
1635 2347 1672 2378 li-

975 2389 1044 2418 bros
1066 2389 1185 2419 Davisii
1207 2389 1336 2427 scriptos
1360 2396 1389 2419 et
1412 2390 1460 2420 cd.
1476 2389 1556 2420 Veri.
1577 2397 1672 2429 1471,

974 2432 1006 2461 in
1023 2431 1140 2471 quibus
1155 2438 1212 2467 est,
1230 2441 1285 2470 pro
1301 2431 1430 2471 vulgato
1445 2432 1607 2462 videbitur.

1018 2481 1058 2509 72
1081 2473 1176 2515 aqua]
1204 2475 1264 2504 Int.
1282 2475 1392 2504 eadem
1414 2485 1454 2505 ex
1477 2475 1569 2504 eodem
1591 2475 1672 2507 calo.

974 2518 1011 2548 de
1035 2526 1066 2547 re
1083 2526 1111 2546 v.
1128 2516 1216 2547 Clav.
1241 2518 1272 2547 in
1298 2529 1385 2558 aqua.
1403 2527 1458 2556 pro
1477 2517 1567 2557 possit
1589 2519 1672 2550 edidi

973 2570 1050 2590 cum
1078 2559 1208 2589 Davisio
1224 2566 1330 2598 power.
1347 2561 1431 2599 quod
1453 2567 1499 2589 est
1522 2561 1618 2591 etiam
1641 2563 1673 2592 in

974 2603 1043 2633 edd.
1071 2602 1152 2632 Ven.
1182 2609 1273 2637 ιω.
1303 2591 1387 2632 Med.
1416 2603 1499 2632 vict.
1523 2603 1672 2634 Davisius

975 2646 1029 2682 ait,
1048 2645 1137 2684 possi!
1154 2654 1264 2674 verum
1290 2655 1354 2675 esse
1379 2654 1444 2675 non
1467 2655 1568 2684 posse,
1586 2648 1672 2685 quod

977 2689 1129 2728 Lysippus
1160 2694 1231 2718 tum
1261 2698 1326 2718 non
1362 2687 1498 2718 vixisset.
1543 2688 1603 2719 Sed
1641 2689 1672 2720 id

976 2732 1059 2762 cadit
1074 2731 1186 2770 pariter
1202 2731 1233 2760 in
1245 2737 1348 2769 posset.
1364 2740 1401 2760 ac
1417 2731 1497 2760 mihi
1511 2731 1672 2770 probabile

977 2775 1110 2812 videtur,
1127 2774 1315 2804 Ciceronem
1329 2774 1486 2814 scripsisse
1494 2774 1644 2814 potuisset.
