1778 3095
567 159 748 197 LIBER
776 160 1020 199 PRIMUS.
1437 168 1515 211 429

89 275 258 323 gantur.
318 267 398 308 Fac
421 264 624 320 imagines
644 279 749 314 esse,
771 264 922 319 quibus
943 265 1165 319 pulsentur
1183 264 1325 307 animi.
1355 268 1514 322 species
1532 274 1605 316 107

90 324 292 365 duntaxat
323 323 520 379 objicitur
552 320 760 375 quaedam.
796 335 896 361 num
926 322 1054 361 etiam
1086 337 1162 363 cur
1194 336 1244 362 ea
1273 321 1397 363 beata
1427 324 1512 366 sit?

87 395 163 421 cur
182 388 336 421 aeterna
355 379 368 419 ?
401 378 509 419 Quae
529 385 670 417 autem
695 377 786 417 istae
816 377 1020 431 imagines
1042 387 1203 429 vestrae,
1224 386 1297 418 aut
1315 378 1426 418 unde
1443 381 1457 419 ?
1491 395 1515 421 a

86 436 335 477 Democrito
364 434 536 474 omnino
568 433 658 473 haec
687 432 867 474 licentia.
927 433 1010 473 Sed
1030 442 1071 474 et
1092 433 1162 474 ille
1188 433 1461 489 reprehensus
1491 451 1515 476 a

89 492 234 533 multis
255 500 334 542 est,
354 504 430 530 nec
451 504 522 530 vos
542 490 700 530 exitum
723 488 934 544 reperitis:
967 498 1140 545 totaque
1169 505 1231 530 res
1263 490 1441 541 vacillat,
1472 502 1515 532 et

86 548 307 589 claudicat.
366 546 479 587 Nam
501 545 600 601 quid
620 555 697 595 est,
719 545 834 601 quod
862 545 998 586 minus
1030 547 1197 600 probari
1218 547 1363 601 possit,
1386 562 1513 602 quam

87 605 277 645 omnium
310 603 351 643 in
380 617 449 642 me
474 602 654 643 incidere
684 601 902 657 imagines,
926 603 1118 653 Homeri,
1140 602 1405 653 Archilochi,
1427 605 1513 644 Ro-

85 660 203 711 muli,
224 661 394 709 Numae,
416 660 681 715 Pythagorae,
704 658 901 709 Platonis,
932 673 1007 699 nec
1027 666 1066 690 3⁵
1081 673 1130 699 ex
1160 659 1308 710 forma,
1341 674 1423 715 qua
1452 659 1513 701 illi

85 717 283 758 fuerunt?
323 715 538 770 quomodo
578 730 681 771 ergo
716 715 806 755 illi?
847 724 890 755 et
928 730 1109 769 quorum
1147 715 1387 770 imagines?
1430 717 1513 757 Or·

84 772 240 828 pheum
273 777 442 827 poe’tam
476 772 600 813 docet
635 771 887 812 Aristoteles
918 786 1147 827 numquam
1180 772 1324 821 fuisse,
1355 780 1397 812 et
1430 772 1513 814 hoc

84 828 317 884 Orphicum
339 843 508 869 carmen
532 828 786 884 Pythagorei
804 828 942 868 ferunt
961 828 1181 884 cujusdam
1200 828 1328 869 fuisse
1351 827 1510 870 Cerco-

81 885 160 940 pis.
218 885 280 925 At
312 885 521 940 Orpheus,
539 884 582 924 id
602 894 679 934 est,
709 884 852 939 imago
884 883 990 939 ejus,
1022 894 1069 925 ut
1098 900 1169 926 vos
1200 884 1337 936 vultis,
1358 885 1400 925 in
1421 885 1510 926 ani—

81 955 198 982 mum
221 955 361 982 meum
386 956 496 996 saepe
514 940 700 981 incurrit.
759 940 890 990 Quid,
911 940 1025 996 quod
1047 941 1236 997 ejusdem
1265 941 1446 982 hominis
1467 941 1509 985 in
1526 953 1599 988 108

80 1011 224 1038 meum
256 997 362 1048 aliae,
394 998 485 1038 aliae
511 997 554 1037 in
584 998 734 1038 tuum?
767 996 883 1052 quid,
915 997 1030 1052 quod
1060 1011 1204 1038 earum
1235 1012 1388 1049 rerum,
1414 1013 1510 1053 quae

81 1068 312 1109 numquam
334 1054 505 1094 omnino
526 1054 711 1103 fuerunt,
733 1068 867 1109 neque
898 1068 988 1094 esse
1009 1063 1251 1109 potuerunt,
1273 1062 1318 1095 ut
1341 1054 1510 1110 Scyllae,

79 1118 129 1152 ut
160 1110 415 1151 Chimaerae?
448 1109 563 1166 quid,
593 1110 708 1166 quod
740 1109 974 1160 hominum,
1003 1111 1211 1161 locorum,
1241 1110 1409 1151 urbium
1442 1125 1512 1152 ea·

80 1181 187 1217 rum,
222 1181 324 1222 quas
359 1182 588 1222 numquam
627 1167 836 1207 vidimus?
878 1167 993 1223 quid,
1030 1166 1158 1222 quod,
1195 1166 1370 1207 simulac
1404 1168 1510 1209 mihi

78 1223 317 1264 collibitum
337 1232 413 1274 est,
434 1233 589 1278 praesto
610 1234 674 1264 est
692 1224 834 1277 imago
854 1225 866 1263 ?
900 1223 1015 1279 quid,
1037 1223 1152 1279 quod
1171 1224 1295 1264 etiam
1328 1222 1381 1263 ad
1412 1223 1510 1264 dor·

79 1279 279 1320 mientem
312 1280 478 1320 veniunt
508 1280 708 1320 invocatae
729 1280 742 1319 ?
774 1280 884 1320 Tota
907 1294 987 1331 res,
1007 1279 1158 1331 Vellei,
1179 1279 1401 1335 nugatoria
1429 1288 1506 1322 est.
1519 1280 1593 1336 39

75 1349 150 1376 vos
181 1345 322 1376 autem
354 1350 437 1376 non
469 1336 598 1377 modo
626 1335 758 1377 oculis
787 1335 1007 1391 imagines,
1029 1335 1101 1377 sed
1126 1336 1252 1377 etiam
1273 1335 1421 1377 animis
1442 1337 1506 1378 in-

78 1392 266 1433 culcatis.
298 1400 413 1433 tanta
441 1402 505 1433 est
532 1392 758 1448 impunitas
788 1392 1013 1447 garriendi.
1072 1393 1133 1433 At
1152 1407 1275 1448 quam
1297 1392 1502 1434 licenter?
1522 1407 1598 1448 109

78 1447 316 1490 Fluentium
347 1449 583 1503 frequenter
610 1448 799 1490 transitio
826 1449 870 1489 fit
895 1449 1116 1500 visionum,
1139 1457 1186 1490 ut
1206 1463 1228 1489 e
1249 1448 1392 1490 multis
1422 1464 1506 1490 una
1517 1459 1615 1493 μω.

76 1504 277 1546 videatur.
339 1505 519 1546 Puderet
547 1519 614 1546 me
641 1505 778 1545 dicere
810 1520 893 1546 non
923 1504 1171 1560 intelligere,
1193 1504 1225 1545 si
1245 1519 1315 1546 vos
1336 1505 1415 1560 ipsi
1441 1507 1504 1547 in·
1516 1506 1546 1528 ³·

76 1561 337 1615 telligeretis,
374 1561 446 1617 qui
482 1562 560 1602 ista
595 1561 829 1602 defenditis.
891 1563 990 1617 Quo
1025 1562 1155 1602 modo
1192 1561 1304 1602 enim
1336 1562 1507 1617 probas,

76 1617 339 1658 continenter
369 1617 574 1672 imagines
609 1618 735 1658 ferri?
768 1627 855 1668 aut,
889 1619 922 1658 si
954 1618 1231 1668 continenter,
1259 1632 1343 1673 quo
1375 1619 1506 1662 modo

77 1675 274 1714 aeternae?
329 1673 710 1725 Innumerabilitas,
760 1674 911 1729 inquiS,
962 1673 1205 1729 suppeditat
1252 1682 1507 1716 atomorum.

74 1729 194 1770 Num
226 1730 373 1771 eadem
405 1744 508 1785 ergo
541 1731 621 1771 ista
650 1730 819 1779 facient,
852 1738 900 1770 ut
935 1731 1018 1771 sint
1049 1731 1190 1771 omnia
1223 1731 1505 1786 sempiterna?

75 1787 271 1843 confugis
292 1787 345 1828 ad
366 1786 703 1843 aequilibritatem
725 1803 733 1826 :
764 1787 822 1827 sic
852 1785 963 1827 enim
987 1787 1182 1839 ἰσονομίαν,
1203 1787 1237 1827 si
1257 1786 1409 1842 placet,
1432 1801 1507 1843 ap-

74 1842 305 1896 pellemus:
336 1852 378 1884 et
407 1843 480 1894 ais,
503 1843 701 1898 quoniam
735 1843 788 1883 sit
817 1852 965 1884 natura
995 1843 1200 1893 mortalis,
1220 1842 1506 1884 immortalem

74 1898 201 1947 etiam
223 1914 313 1941 esse
334 1909 544 1954 oportere.
596 1900 684 1940 Isto
706 1898 851 1949 modo,
872 1900 1071 1954 quoniam
1095 1899 1286 1940 homines
1306 1900 1507 1942 mortales

74 1965 186 2006 sunt,
207 1956 289 1997 sint
308 1956 437 2011 aliqui
457 1955 715 1996 immortales
737 1972 745 1996 :
777 1965 818 1996 et
839 1957 1039 2011 quoniam
1071 1965 1297 1997 naseuntur
1318 1957 1360 1997 in
1383 1966 1506 2008 terra,

75 2021 298 2053 nascantur
328 2021 371 2052 et
404 2012 445 2052 in
481 2026 612 2067 aqua:
643 2021 685 2052 et
720 2012 818 2067 quia
854 2021 966 2063 sunt,
997 2028 1091 2068 quae
1124 2012 1379 2063 interimant,
1410 2013 1507 2065 sint,

74 2083 169 2124 quae
203 2076 462 2110 conservent.
522 2068 614 2109 Sint
647 2083 767 2108 sane:
801 2068 872 2109 sed
908 2083 956 2109 ea
988 2084 1082 2125 quae
1117 2078 1377 2120 conservent,
1412 2085 1506 2125 quae

75 2126 202 2166 sunt?
245 2126 365 2166 Deos
386 2125 489 2165 istos
510 2139 598 2165 esse
626 2139 709 2164 non
728 2125 877 2166 sentio.
937 2125 1086 2166 Omnis
1105 2135 1246 2166 tamen
1267 2125 1348 2167 ista
1368 2140 1507 2167 rerum
1523 2143 1598 2174 110

72 2181 232 2237 effigies
272 2196 322 2223 ex
361 2180 582 2222 individuis
623 2196 707 2237 quo
746 2181 875 2222 modo
916 2181 1161 2237 corporibus
1201 2182 1366 2223 oritur?
1411 2197 1506 2238 quae

71 2238 200 2288 etiam
232 2239 266 2279 si
297 2246 449 2287 essent,
478 2252 573 2293 quae
606 2237 720 2278 nulla
752 2247 849 2278 sunt
865 2254 876 2287 3
909 2238 1062 2293 pellere
1090 2252 1134 2278 se
1163 2237 1254 2292 ipsa
1283 2246 1326 2278 et
1356 2239 1507 2293 agitari

72 2295 179 2336 inter
208 2309 250 2335 se
281 2309 491 2336 concursu
521 2294 698 2335 fortasse
724 2303 923 2349 possent:
955 2294 1150 2344 formare,
1172 2294 1364 2348 figurare,
1386 2295 1506 2335 colo-

72 2365 176 2402 rare,
197 2351 381 2392 animare
402 2365 487 2391 non
518 2360 702 2405 possent.
762 2350 897 2391 Nullo
917 2350 1048 2405 igitur
1070 2350 1198 2390 modo
1220 2350 1503 2392 immortalem

72 2406 198 2448 deum
218 2407 392 2448 efficitis.
450 2406 682 2448 Videamus
703 2420 814 2448 nunc
836 2405 888 2447 de
906 2407 1044 2447 beato.
1105 2407 1201 2447 Sine
1222 2407 1372 2448 virtute
1393 2415 1504 2448 certe
1516 2415 1589 2465 40

73 2460 191 2504 nullo
227 2463 372 2505 modo.
416 2464 545 2505 virtus
584 2472 727 2504 autem
769 2472 965 2506 actuosa:
1012 2472 1054 2503 et
1091 2462 1195 2503 deus
1230 2471 1364 2503 vester
1400 2462 1502 2504 nihil

74 2534 231 2575 agens:
262 2534 407 2575 expers
438 2519 598 2561 virtutis
628 2520 783 2575 igitur:
814 2519 886 2570 ita,
909 2534 960 2559 ne
981 2520 1128 2560 beatus
1150 2519 1336 2574 quidem.
1395 2520 1504 2576 Quae
1522 2537 1592 2570 111

74 2590 179 2631 ergo
214 2575 324 2616 vita?
358 2576 668 2631 Suppeditatio,
705 2576 856 2632 inquis,
889 2576 1114 2626 bonorum,
1146 2574 1261 2615 nullo
1295 2575 1505 2617 malorum

74 2633 319 2678 interventu.
376 2633 572 2688 Quorum
593 2632 762 2673 tandem
784 2632 1022 2673 bonorum?
1056 2631 1334 2686 voluptatum.
1355 2632 1505 2673 credo:

75 2701 226 2743 nempe
262 2687 315 2728 ad
346 2701 498 2742 corpus
530 2689 843 2743 pertinentium.
874 2688 1033 2729 nullam
1067 2688 1180 2728 enim
1212 2687 1397 2739 novistis,
1429 2688 1509 2729 nisi

75 2745 306 2799 profectam
327 2757 352 2784 a
371 2758 561 2798 corpore,
576 2755 619 2786 et
638 2744 883 2786 redeuntem
905 2744 958 2786 ad
978 2759 1145 2800 corpus,
1165 2744 1293 2785 animi
1312 2744 1507 2799 volupta-

164 2883 201 2907 35
228 2889 263 2906 ur
273 2876 391 2918 forma]
420 2878 592 2910 Lambinus
615 2885 646 2910 et
666 2880 812 2911 Davisius
837 2881 999 2918 corrigunt
1013 2879 1166 2919 eaforma.
1188 2879 1282 2916 bene,
1298 2878 1419 2918 opinor.
