<?xml version="1.0" encoding="UTF-8"?>
<!DOCTYPE html PUBLIC "-//W3C//DTD XHTML 1.0 Transitional//EN"
    "http://www.w3.org/TR/xhtml1/DTD/xhtml1-transitional.dtd">
<html xmlns="http://www.w3.org/1999/xhtml" xml:lang="en" lang="en">
 <head>
  <title>
</title>
<meta http-equiv="Content-Type" content="text/html;charset=utf-8" />
  <meta name='ocr-system' content='tesseract 3.04.00' />
  <meta name='ocr-capabilities' content='ocr_page ocr_carea ocr_par ocr_line ocrx_word'/>
</head>
<body>
  <div class='ocr_page' id='page_1' title='image "./p1operaomnia04ciceuoft_0584.png"; bbox 0 0 1778 3095; ppageno 0'>
   <div class='ocr_carea' id='block_1_1' title="bbox 263 151 1241 199">
    <p class='ocr_par' dir='ltr' id='par_1_1' title="bbox 263 151 1241 199">
     <span class='ocr_line' id='line_1_1' title="bbox 263 151 1241 199; baseline 0.001 -8"><span class='ocrx_word' id='word_1_1' title='bbox 263 154 342 199; x_wconf 79' lang='lat'>576</span> <span class='ocrx_word' id='word_1_2' title='bbox 696 152 775 191; x_wconf 91' lang='lat' dir='ltr'>DE</span> <span class='ocrx_word' id='word_1_3' title='bbox 812 151 1241 192; x_wconf 85' lang='lat' dir='ltr'>DIVINATIONE</span> 
     </span>
    </p>
   </div>
   <div class='ocr_carea' id='block_1_2' title="bbox 129 259 1693 2351">
    <p class='ocr_par' dir='ltr' id='par_1_2' title="bbox 129 259 1693 1332">
     <span class='ocr_line' id='line_1_2' title="bbox 261 259 1686 317; baseline 0.004 -16"><span class='ocrx_word' id='word_1_4' title='bbox 261 261 345 302; x_wconf 84' lang='lat' dir='ltr'>lam</span> <span class='ocrx_word' id='word_1_5' title='bbox 368 273 554 317; x_wconf 86' lang='lat' dir='ltr'>pugnam</span> <span class='ocrx_word' id='word_1_6' title='bbox 574 259 616 301; x_wconf 90' lang='lat' dir='ltr'>in</span> <span class='ocrx_word' id='word_1_7' title='bbox 635 261 825 302; x_wconf 84' lang='lat' dir='ltr'><strong>Leuctris</strong></span> <span class='ocrx_word' id='word_1_8' title='bbox 846 275 871 303; x_wconf 91' lang='lat' dir='ltr'>a</span> <span class='ocrx_word' id='word_1_9' title='bbox 892 261 1150 305; x_wconf 84' lang='lat' dir='ltr'>Callisthene</span> <span class='ocrx_word' id='word_1_10' title='bbox 1183 269 1513 305; x_wconf 87' lang='lat' dir='ltr'>commemorata</span> <span class='ocrx_word' id='word_1_11' title='bbox 1531 262 1686 306; x_wconf 82' lang='lat' dir='ltr'>dixisti.</span> 
     </span>
     <span class='ocr_line' id='line_1_3' title="bbox 261 317 1693 377; baseline 0.002 -19"><span class='ocrx_word' id='word_1_12' title='bbox 261 317 317 358; x_wconf 92' lang='lat' dir='ltr'>de</span> <span class='ocrx_word' id='word_1_13' title='bbox 346 318 500 374; x_wconf 90' lang='lat' dir='ltr'>quibus</span> <span class='ocrx_word' id='word_1_14' title='bbox 529 317 668 358; x_wconf 89' lang='lat' dir='ltr'>dicam</span> <span class='ocrx_word' id='word_1_15' title='bbox 697 317 892 373; x_wconf 88' lang='lat' dir='ltr'>equidem</span> <span class='ocrx_word' id='word_1_16' title='bbox 920 319 1110 375; x_wconf 85' lang='lat' dir='ltr'>singulis,</span> <span class='ocrx_word' id='word_1_17' title='bbox 1141 330 1180 353; x_wconf 77' lang='lat'>44</span> <span class='ocrx_word' id='word_1_18' title='bbox 1196 318 1333 377; x_wconf 93' lang='lat' dir='ltr'>quoad</span> <span class='ocrx_word' id='word_1_19' title='bbox 1355 318 1588 360; x_wconf 87' lang='lat' dir='ltr'>videbitur:</span> <span class='ocrx_word' id='word_1_20' title='bbox 1619 319 1693 361; x_wconf 87' lang='lat' dir='ltr'>sed</span> 
     </span>
     <span class='ocr_line' id='line_1_4' title="bbox 259 373 1692 433; baseline 0.001 -18"><span class='ocrx_word' id='word_1_21' title='bbox 259 373 488 416; x_wconf 90' lang='lat' dir='ltr'>dicendum</span> <span class='ocrx_word' id='word_1_22' title='bbox 509 373 633 414; x_wconf 87' lang='lat' dir='ltr'>etiam</span> <span class='ocrx_word' id='word_1_23' title='bbox 657 381 721 414; x_wconf 90' lang='lat' dir='ltr'>est</span> <span class='ocrx_word' id='word_1_24' title='bbox 742 374 794 415; x_wconf 91' lang='lat' dir='ltr'>de</span> <span class='ocrx_word' id='word_1_25' title='bbox 821 375 1032 417; x_wconf 87' lang='lat' dir='ltr'>universis.</span> <span class='ocrx_word' id='word_1_26' title='bbox 1092 379 1200 433; x_wconf 72' lang='lat' dir='ltr'>Quae</span> <span class='ocrx_word' id='word_1_27' title='bbox 1228 385 1291 417; x_wconf 88' lang='lat' dir='ltr'>est</span> <span class='ocrx_word' id='word_1_28' title='bbox 1317 374 1428 416; x_wconf 88' lang='lat' dir='ltr'>enim</span> <span class='ocrx_word' id='word_1_29' title='bbox 1455 375 1535 416; x_wconf 89' lang='lat' dir='ltr'>ista</span> <span class='ocrx_word' id='word_1_30' title='bbox 1562 390 1586 416; x_wconf 91' lang='lat' dir='ltr'>a</span> <span class='ocrx_word' id='word_1_31' title='bbox 1611 375 1692 417; x_wconf 85' lang='lat' dir='ltr'>diis</span> 
     </span>
     <span class='ocr_line' id='line_1_5' title="bbox 259 429 1692 487; baseline 0.001 -16"><span class='ocrx_word' id='word_1_32' title='bbox 259 430 451 486; x_wconf 84' lang='lat' dir='ltr'>profecta</span> <span class='ocrx_word' id='word_1_33' title='bbox 472 429 737 485; x_wconf 85' lang='lat' dir='ltr'>significatio,</span> <span class='ocrx_word' id='word_1_34' title='bbox 759 440 801 471; x_wconf 92' lang='lat' dir='ltr'>et</span> <span class='ocrx_word' id='word_1_35' title='bbox 823 432 940 486; x_wconf 84' lang='lat' dir='ltr'>quasi</span> <span class='ocrx_word' id='word_1_36' title='bbox 960 432 1222 474; x_wconf 83' lang='lat' dir='ltr'>denuntiatio</span> <span class='ocrx_word' id='word_1_37' title='bbox 1242 431 1556 474; x_wconf 83' lang='lat' dir='ltr'>calamitatum?</span> <span class='ocrx_word' id='word_1_38' title='bbox 1588 431 1692 487; x_wconf 86' lang='lat' dir='ltr'>quid</span> 
     </span>
     <span class='ocr_line' id='line_1_6' title="bbox 258 486 1690 544; baseline 0 -16"><span class='ocrx_word' id='word_1_39' title='bbox 258 496 403 528; x_wconf 85' lang='lat' dir='ltr'>autem</span> <span class='ocrx_word' id='word_1_40' title='bbox 434 486 577 528; x_wconf 87' lang='lat' dir='ltr'>volunt</span> <span class='ocrx_word' id='word_1_41' title='bbox 606 500 656 527; x_wconf 90' lang='lat' dir='ltr'>ea</span> <span class='ocrx_word' id='word_1_42' title='bbox 684 486 742 527; x_wconf 88' lang='lat' dir='ltr'>dii</span> <span class='ocrx_word' id='word_1_43' title='bbox 772 487 1031 529; x_wconf 89' lang='lat' dir='ltr'>immortales</span> <span class='ocrx_word' id='word_1_44' title='bbox 1061 490 1243 543; x_wconf 89' lang='lat' dir='ltr'>primum</span> <span class='ocrx_word' id='word_1_45' title='bbox 1275 488 1571 544; x_wconf 85' lang='lat' dir='ltr'>significantes,</span> <span class='ocrx_word' id='word_1_46' title='bbox 1596 503 1690 544; x_wconf 86' lang='lat' dir='ltr'>quae</span> 
     </span>
     <span class='ocr_line' id='line_1_7' title="bbox 259 542 1689 601; baseline 0.001 -17"><span class='ocrx_word' id='word_1_47' title='bbox 259 543 349 585; x_wconf 81' lang='lat' dir='ltr'>sine</span> <span class='ocrx_word' id='word_1_48' title='bbox 370 542 667 598; x_wconf 89' lang='lat' dir='ltr'>interpretibus</span> <span class='ocrx_word' id='word_1_49' title='bbox 689 552 727 575; x_wconf 76' lang='lat'>45</span> <span class='ocrx_word' id='word_1_50' title='bbox 739 558 822 584; x_wconf 89' lang='lat' dir='ltr'>non</span> <span class='ocrx_word' id='word_1_51' title='bbox 843 543 1052 597; x_wconf 91' lang='lat' dir='ltr'>possimus</span> <span class='ocrx_word' id='word_1_52' title='bbox 1073 545 1324 601; x_wconf 88' lang='lat' dir='ltr'>intelligere:</span> <span class='ocrx_word' id='word_1_53' title='bbox 1347 543 1497 584; x_wconf 91' lang='lat' dir='ltr'>deinde</span> <span class='ocrx_word' id='word_1_54' title='bbox 1513 559 1576 594; x_wconf 87' lang='lat' dir='ltr'>ea,</span> <span class='ocrx_word' id='word_1_55' title='bbox 1594 559 1689 600; x_wconf 84' lang='lat' dir='ltr'>quae</span> 
     </span>
     <span class='ocr_line' id='line_1_8' title="bbox 259 599 1691 657; baseline 0 -17"><span class='ocrx_word' id='word_1_56' title='bbox 259 613 404 640; x_wconf 89' lang='lat' dir='ltr'>cavere</span> <span class='ocrx_word' id='word_1_57' title='bbox 423 601 705 655; x_wconf 86' lang='lat' dir='ltr'>nequeamus?</span> <span class='ocrx_word' id='word_1_58' title='bbox 728 599 790 639; x_wconf 89' lang='lat' dir='ltr'>At</span> <span class='ocrx_word' id='word_1_59' title='bbox 807 599 889 640; x_wconf 89' lang='lat' dir='ltr'>hoc</span> <span class='ocrx_word' id='word_1_60' title='bbox 910 613 960 639; x_wconf 91' lang='lat' dir='ltr'>ne</span> <span class='ocrx_word' id='word_1_61' title='bbox 981 600 1174 641; x_wconf 88' lang='lat' dir='ltr'>homines</span> <span class='ocrx_word' id='word_1_62' title='bbox 1194 602 1361 657; x_wconf 87' lang='lat' dir='ltr'>quidem</span> <span class='ocrx_word' id='word_1_63' title='bbox 1378 600 1499 655; x_wconf 92' lang='lat' dir='ltr'>probi</span> <span class='ocrx_word' id='word_1_64' title='bbox 1516 600 1691 651; x_wconf 84' lang='lat' dir='ltr'>faciunt,</span> 
     </span>
     <span class='ocr_line' id='line_1_9' title="bbox 259 655 1692 712; baseline 0 -16"><span class='ocrx_word' id='word_1_65' title='bbox 259 663 310 696; x_wconf 88' lang='lat' dir='ltr'>ut</span> <span class='ocrx_word' id='word_1_66' title='bbox 335 655 480 696; x_wconf 89' lang='lat' dir='ltr'>amicis</span> <span class='ocrx_word' id='word_1_67' title='bbox 507 655 794 711; x_wconf 85' lang='lat' dir='ltr'>impendentes</span> <span class='ocrx_word' id='word_1_68' title='bbox 821 655 1081 697; x_wconf 83' lang='lat' dir='ltr'>calamitates</span> <span class='ocrx_word' id='word_1_69' title='bbox 1110 658 1352 711; x_wconf 80' lang='lat' dir='ltr'>praedicant,</span> <span class='ocrx_word' id='word_1_70' title='bbox 1374 671 1476 712; x_wconf 85' lang='lat' dir='ltr'>quas</span> <span class='ocrx_word' id='word_1_71' title='bbox 1505 656 1564 697; x_wconf 89' lang='lat' dir='ltr'>illi</span> <span class='ocrx_word' id='word_1_72' title='bbox 1585 656 1692 697; x_wconf 82' lang='lat' dir='ltr'>effu-</span> 
     </span>
     <span class='ocr_line' id='line_1_10' title="bbox 259 711 1691 768; baseline 0.001 -16"><span class='ocrx_word' id='word_1_73' title='bbox 259 725 364 768; x_wconf 86' lang='lat' dir='ltr'>gere</span> <span class='ocrx_word' id='word_1_74' title='bbox 394 712 511 753; x_wconf 87' lang='lat' dir='ltr'>nullo</span> <span class='ocrx_word' id='word_1_75' title='bbox 538 711 669 752; x_wconf 89' lang='lat' dir='ltr'>modo</span> <span class='ocrx_word' id='word_1_76' title='bbox 699 711 885 766; x_wconf 84' lang='lat' dir='ltr'>possint:</span> <span class='ocrx_word' id='word_1_77' title='bbox 917 721 965 753; x_wconf 91' lang='lat' dir='ltr'>ut</span> <span class='ocrx_word' id='word_1_78' title='bbox 986 711 1151 762; x_wconf 89' lang='lat' dir='ltr'>medici,</span> <span class='ocrx_word' id='word_1_79' title='bbox 1171 728 1295 768; x_wconf 86' lang='lat' dir='ltr'>quam</span> <span class='ocrx_word' id='word_1_80' title='bbox 1329 728 1426 754; x_wconf 85' lang='lat' dir='ltr'>uam</span> <span class='ocrx_word' id='word_1_81' title='bbox 1447 713 1691 768; x_wconf 84' lang='lat' dir='ltr'>intelligunt</span> 
     </span>
     <span class='ocr_line' id='line_1_11' title="bbox 259 767 1688 824; baseline 0.001 -15"><span class='ocrx_word' id='word_1_82' title='bbox 259 782 386 824; x_wconf 86' lang='lat' dir='ltr'>saepe,</span> <span class='ocrx_word' id='word_1_83' title='bbox 407 778 548 810; x_wconf 87' lang='lat' dir='ltr'>tamen</span> <span class='ocrx_word' id='word_1_84' title='bbox 570 782 799 823; x_wconf 87' lang='lat' dir='ltr'>numquam</span> <span class='ocrx_word' id='word_1_85' title='bbox 822 768 945 822; x_wconf 87' lang='lat' dir='ltr'>aegris</span> <span class='ocrx_word' id='word_1_86' title='bbox 964 767 1110 809; x_wconf 89' lang='lat' dir='ltr'>dicunt</span> <span class='ocrx_word' id='word_1_87' title='bbox 1127 769 1200 810; x_wconf 94' lang='lat' dir='ltr'>illo</span> <span class='ocrx_word' id='word_1_88' title='bbox 1218 784 1311 810; x_wconf 90' lang='lat' dir='ltr'>mor</span> <span class='ocrx_word' id='word_1_89' title='bbox 1343 783 1368 809; x_wconf 93' lang='grc' dir='ltr'>ο</span> <span class='ocrx_word' id='word_1_90' title='bbox 1387 783 1460 810; x_wconf 88' lang='lat' dir='ltr'>eos</span> <span class='ocrx_word' id='word_1_91' title='bbox 1481 784 1572 810; x_wconf 91' lang='lat' dir='ltr'>esse</span> <span class='ocrx_word' id='word_1_92' title='bbox 1593 783 1688 810; x_wconf 90' lang='lat' dir='ltr'>mo-</span> 
     </span>
     <span class='ocr_line' id='line_1_12' title="bbox 258 823 1691 881; baseline 0.001 -16"><span class='ocrx_word' id='word_1_93' title='bbox 258 824 429 866; x_wconf 90' lang='lat' dir='ltr'>rituros.</span> <span class='ocrx_word' id='word_1_94' title='bbox 489 824 639 865; x_wconf 91' lang='lat' dir='ltr'>Omnis</span> <span class='ocrx_word' id='word_1_95' title='bbox 660 823 770 864; x_wconf 88' lang='lat' dir='ltr'>enim</span> <span class='ocrx_word' id='word_1_96' title='bbox 799 823 1017 879; x_wconf 88' lang='lat' dir='ltr'>praedictio</span> <span class='ocrx_word' id='word_1_97' title='bbox 1041 825 1142 866; x_wconf 89' lang='lat' dir='ltr'>mali</span> <span class='ocrx_word' id='word_1_98' title='bbox 1162 834 1253 866; x_wconf 89' lang='lat' dir='ltr'>tum</span> <span class='ocrx_word' id='word_1_99' title='bbox 1275 825 1488 881; x_wconf 90' lang='lat' dir='ltr'>probatur,</span> <span class='ocrx_word' id='word_1_100' title='bbox 1517 840 1614 867; x_wconf 88' lang='lat' dir='ltr'>cum</span> <span class='ocrx_word' id='word_1_101' title='bbox 1636 824 1691 866; x_wconf 87' lang='lat' dir='ltr'>ad</span> 
     </span>
     <span class='ocr_line' id='line_1_13' title="bbox 198 880 1689 938; baseline 0 -16"><span class='ocrx_word' id='word_1_102' title='bbox 198 896 247 929; x_wconf 90' lang='lat'>55</span> <span class='ocrx_word' id='word_1_103' title='bbox 262 880 580 936; x_wconf 68' lang='lat' dir='ltr'>praedictionem</span> <span class='ocrx_word' id='word_1_104' title='bbox 608 880 748 921; x_wconf 88' lang='lat' dir='ltr'>cautio</span> <span class='ocrx_word' id='word_1_105' title='bbox 776 880 1034 936; x_wconf 87' lang='lat' dir='ltr'>adjungitur.</span> <span class='ocrx_word' id='word_1_106' title='bbox 1093 881 1210 938; x_wconf 66' lang='lat' dir='ltr'>Quid</span> <span class='ocrx_word' id='word_1_107' title='bbox 1239 882 1370 938; x_wconf 85' lang='lat' dir='ltr'>igitur</span> <span class='ocrx_word' id='word_1_108' title='bbox 1400 890 1473 922; x_wconf 87' lang='lat' dir='ltr'>aut</span> <span class='ocrx_word' id='word_1_109' title='bbox 1511 889 1689 933; x_wconf 90' lang='lat' dir='ltr'>ostenta,</span> 
     </span>
     <span class='ocr_line' id='line_1_14' title="bbox 129 936 1689 993; baseline 0.003 -18"><span class='ocrx_word' id='word_1_110' title='bbox 129 954 164 986; x_wconf 75' lang='lat' dir='ltr'>p.</span> <span class='ocrx_word' id='word_1_111' title='bbox 179 951 250 976; x_wconf 77' lang='lat'><strong>120·</strong></span> <span class='ocrx_word' id='word_1_112' title='bbox 262 946 335 978; x_wconf 90' lang='lat' dir='ltr'>aut</span> <span class='ocrx_word' id='word_1_113' title='bbox 353 951 500 978; x_wconf 91' lang='lat' dir='ltr'>eorum</span> <span class='ocrx_word' id='word_1_114' title='bbox 518 936 778 992; x_wconf 80' lang='lat' dir='ltr'>interpretes,</span> <span class='ocrx_word' id='word_1_115' title='bbox 796 937 859 978; x_wconf 88' lang='lat' dir='ltr'>vel</span> <span class='ocrx_word' id='word_1_116' title='bbox 880 937 1223 980; x_wconf 65' lang='lat' dir='ltr'>Lacedaemonios</span> <span class='ocrx_word' id='word_1_117' title='bbox 1244 938 1362 989; x_wconf 89' lang='lat' dir='ltr'>olim,</span> <span class='ocrx_word' id='word_1_118' title='bbox 1379 937 1442 978; x_wconf 90' lang='lat' dir='ltr'>vel</span> <span class='ocrx_word' id='word_1_119' title='bbox 1461 952 1592 993; x_wconf 83' lang='lat' dir='ltr'>nuper</span> <span class='ocrx_word' id='word_1_120' title='bbox 1611 952 1689 979; x_wconf 91' lang='lat' dir='ltr'>no-</span> 
     </span>
     <span class='ocr_line' id='line_1_15' title="bbox 220 992 1691 1050; baseline 0.001 -15"><span class='ocrx_word' id='word_1_121' title='bbox 220 997 370 1035; x_wconf 76' lang='lat' dir='ltr'>³·stros</span> <span class='ocrx_word' id='word_1_122' title='bbox 408 992 686 1050; x_wconf 89' lang='lat' dir='ltr'>adjuverunt?</span> <span class='ocrx_word' id='word_1_123' title='bbox 719 1008 813 1049; x_wconf 87' lang='lat' dir='ltr'>quae</span> <span class='ocrx_word' id='word_1_124' title='bbox 844 993 878 1034; x_wconf 91' lang='lat' dir='ltr'>si</span> <span class='ocrx_word' id='word_1_125' title='bbox 907 993 1027 1050; x_wconf 85' lang='lat' dir='ltr'>signa</span> <span class='ocrx_word' id='word_1_126' title='bbox 1056 994 1230 1036; x_wconf 88' lang='lat' dir='ltr'>deorum</span> <span class='ocrx_word' id='word_1_127' title='bbox 1259 993 1447 1050; x_wconf 87' lang='lat' dir='ltr'>putanda</span> <span class='ocrx_word' id='word_1_128' title='bbox 1475 1001 1586 1044; x_wconf 92' lang='lat' dir='ltr'>sunt,</span> <span class='ocrx_word' id='word_1_129' title='bbox 1615 1009 1691 1036; x_wconf 85' lang='lat' dir='ltr'>cut·</span> 
     </span>
     <span class='ocr_line' id='line_1_16' title="bbox 260 1049 1689 1107; baseline 0.001 -16"><span class='ocrx_word' id='word_1_130' title='bbox 260 1057 347 1091; x_wconf 88' lang='lat' dir='ltr'>tam</span> <span class='ocrx_word' id='word_1_131' title='bbox 369 1050 550 1091; x_wconf 89' lang='lat' dir='ltr'>obscura</span> <span class='ocrx_word' id='word_1_132' title='bbox 569 1050 770 1091; x_wconf 87' lang='lat' dir='ltr'>fuerunt?</span> <span class='ocrx_word' id='word_1_133' title='bbox 804 1049 838 1090; x_wconf 89' lang='lat' dir='ltr'>si</span> <span class='ocrx_word' id='word_1_134' title='bbox 867 1049 995 1102; x_wconf 87' lang='lat' dir='ltr'>enim,</span> <span class='ocrx_word' id='word_1_135' title='bbox 1026 1060 1074 1092; x_wconf 91' lang='lat' dir='ltr'>ut</span> <span class='ocrx_word' id='word_1_136' title='bbox 1094 1051 1436 1107; x_wconf 84' lang='lat' dir='ltr'>intelligeremus,</span> <span class='ocrx_word' id='word_1_137' title='bbox 1456 1050 1558 1106; x_wconf 91' lang='lat' dir='ltr'>quid</span> <span class='ocrx_word' id='word_1_138' title='bbox 1578 1059 1689 1092; x_wconf 89' lang='lat' dir='ltr'>esset</span> 
     </span>
     <span class='ocr_line' id='line_1_17' title="bbox 260 1105 1690 1163; baseline 0 -16"><span class='ocrx_word' id='word_1_139' title='bbox 260 1116 532 1149; x_wconf 87' lang='lat' dir='ltr'>eventurum:</span> <span class='ocrx_word' id='word_1_140' title='bbox 564 1115 706 1161; x_wconf 90' lang='lat' dir='ltr'>aperte</span> <span class='ocrx_word' id='word_1_141' title='bbox 734 1105 934 1147; x_wconf 89' lang='lat' dir='ltr'>declarari</span> <span class='ocrx_word' id='word_1_142' title='bbox 964 1108 1200 1163; x_wconf 83' lang='lat' dir='ltr'>oportebat,</span> <span class='ocrx_word' id='word_1_143' title='bbox 1231 1116 1303 1148; x_wconf 89' lang='lat' dir='ltr'>aut</span> <span class='ocrx_word' id='word_1_144' title='bbox 1333 1121 1384 1148; x_wconf 91' lang='lat' dir='ltr'>ne</span> <span class='ocrx_word' id='word_1_145' title='bbox 1408 1107 1574 1148; x_wconf 88' lang='lat' dir='ltr'>occulte</span> <span class='ocrx_word' id='word_1_146' title='bbox 1595 1107 1690 1163; x_wconf 91' lang='lat' dir='ltr'>qui-</span> 
     </span>
     <span class='ocr_line' id='line_1_18' title="bbox 178 1153 1690 1220; baseline 0 -16"><span class='ocrx_word' id='word_1_147' title='bbox 178 1153 250 1208; x_wconf 69' lang='lat'>}26</span> <span class='ocrx_word' id='word_1_148' title='bbox 262 1163 374 1215; x_wconf 91' lang='lat' dir='ltr'>dem,</span> <span class='ocrx_word' id='word_1_149' title='bbox 408 1163 442 1204; x_wconf 90' lang='lat' dir='ltr'>si</span> <span class='ocrx_word' id='word_1_150' title='bbox 470 1177 520 1204; x_wconf 86' lang='lat' dir='ltr'>ea</span> <span class='ocrx_word' id='word_1_151' title='bbox 546 1162 640 1204; x_wconf 88' lang='lat' dir='ltr'>sciri</span> <span class='ocrx_word' id='word_1_152' title='bbox 666 1162 879 1204; x_wconf 83' lang='lat' dir='ltr'>nolebant.</span> <span class='ocrx_word' id='word_1_153' title='bbox 936 1164 1033 1204; x_wconf 88' lang='lat' dir='ltr'>Jam</span> <span class='ocrx_word' id='word_1_154' title='bbox 1067 1178 1163 1205; x_wconf 91' lang='lat' dir='ltr'>vero</span> <span class='ocrx_word' id='word_1_155' title='bbox 1196 1163 1440 1220; x_wconf 86' lang='lat' dir='ltr'>conjectura</span> <span class='ocrx_word' id='word_1_156' title='bbox 1466 1163 1617 1214; x_wconf 90' lang='lat' dir='ltr'>omnis,</span> <span class='ocrx_word' id='word_1_157' title='bbox 1647 1163 1690 1204; x_wconf 88' lang='lat' dir='ltr'>in</span> 
     </span>
     <span class='ocr_line' id='line_1_19' title="bbox 260 1218 1689 1276; baseline 0 -16"><span class='ocrx_word' id='word_1_158' title='bbox 260 1234 344 1276; x_wconf 89' lang='lat' dir='ltr'>qua</span> <span class='ocrx_word' id='word_1_159' title='bbox 378 1219 524 1260; x_wconf 90' lang='lat' dir='ltr'>nititur</span> <span class='ocrx_word' id='word_1_160' title='bbox 549 1219 763 1270; x_wconf 88' lang='lat' dir='ltr'>divinatio,</span> <span class='ocrx_word' id='word_1_161' title='bbox 784 1218 962 1275; x_wconf 87' lang='lat' dir='ltr'>ingeniis</span> <span class='ocrx_word' id='word_1_162' title='bbox 983 1219 1201 1262; x_wconf 89' lang='lat' dir='ltr'>hominum</span> <span class='ocrx_word' id='word_1_163' title='bbox 1231 1220 1273 1261; x_wconf 91' lang='lat' dir='ltr'>in</span> <span class='ocrx_word' id='word_1_164' title='bbox 1295 1220 1463 1271; x_wconf 85' lang='lat' dir='ltr'>multas,</span> <span class='ocrx_word' id='word_1_165' title='bbox 1485 1234 1534 1260; x_wconf 90' lang='lat' dir='ltr'>ac</span> <span class='ocrx_word' id='word_1_166' title='bbox 1555 1218 1689 1261; x_wconf 90' lang='lat' dir='ltr'>diver-</span> 
     </span>
     <span class='ocr_line' id='line_1_20' title="bbox 258 1275 1688 1332; baseline 0.001 -15"><span class='ocrx_word' id='word_1_167' title='bbox 258 1291 338 1327; x_wconf 81' lang='lat' dir='ltr'>saS,</span> <span class='ocrx_word' id='word_1_168' title='bbox 361 1285 434 1317; x_wconf 90' lang='lat' dir='ltr'>aut</span> <span class='ocrx_word' id='word_1_169' title='bbox 453 1276 581 1317; x_wconf 89' lang='lat' dir='ltr'>etiam</span> <span class='ocrx_word' id='word_1_170' title='bbox 597 1275 824 1317; x_wconf 88' lang='lat' dir='ltr'>contrarias</span> <span class='ocrx_word' id='word_1_171' title='bbox 843 1284 982 1331; x_wconf 88' lang='lat' dir='ltr'>partes</span> <span class='ocrx_word' id='word_1_172' title='bbox 1013 1283 1052 1308; x_wconf 81' lang='lat'>46</span> <span class='ocrx_word' id='word_1_173' title='bbox 1071 1291 1182 1332; x_wconf 89' lang='lat' dir='ltr'>saepe</span> <span class='ocrx_word' id='word_1_174' title='bbox 1201 1276 1435 1319; x_wconf 86' lang='lat' dir='ltr'>deducitur.</span> <span class='ocrx_word' id='word_1_175' title='bbox 1490 1276 1553 1317; x_wconf 90' lang='lat' dir='ltr'>Ut</span> <span class='ocrx_word' id='word_1_176' title='bbox 1574 1275 1688 1318; x_wconf 90' lang='lat' dir='ltr'>enim</span> 
     </span>
    </p>

    <p class='ocr_par' dir='ltr' id='par_1_3' title="bbox 191 1331 1688 2351">
     <span class='ocr_line' id='line_1_21' title="bbox 257 1331 1688 1389; baseline 0 -16"><span class='ocrx_word' id='word_1_177' title='bbox 257 1333 299 1373; x_wconf 89' lang='lat' dir='ltr'>in</span> <span class='ocrx_word' id='word_1_178' title='bbox 320 1332 457 1374; x_wconf 88' lang='lat' dir='ltr'>causis</span> <span class='ocrx_word' id='word_1_179' title='bbox 479 1331 751 1389; x_wconf 90' lang='lat' dir='ltr'>judicialibus</span> <span class='ocrx_word' id='word_1_180' title='bbox 776 1332 858 1373; x_wconf 86' lang='lat' dir='ltr'>alia</span> <span class='ocrx_word' id='word_1_181' title='bbox 877 1342 940 1374; x_wconf 92' lang='lat' dir='ltr'>est</span> <span class='ocrx_word' id='word_1_182' title='bbox 960 1334 1203 1389; x_wconf 87' lang='lat' dir='ltr'>conjectura</span> <span class='ocrx_word' id='word_1_183' title='bbox 1222 1332 1492 1383; x_wconf 88' lang='lat' dir='ltr'>accusatoris,</span> <span class='ocrx_word' id='word_1_184' title='bbox 1513 1332 1593 1373; x_wconf 89' lang='lat' dir='ltr'>alia</span> <span class='ocrx_word' id='word_1_185' title='bbox 1614 1332 1688 1373; x_wconf 86' lang='lat' dir='ltr'>de-</span> 
     </span>
     <span class='ocr_line' id='line_1_22' title="bbox 254 1388 1688 1445; baseline -0.001 -15"><span class='ocrx_word' id='word_1_186' title='bbox 254 1389 446 1440; x_wconf 86' lang='lat' dir='ltr'>fensoris,</span> <span class='ocrx_word' id='word_1_187' title='bbox 477 1397 521 1430; x_wconf 90' lang='lat' dir='ltr'>et</span> <span class='ocrx_word' id='word_1_188' title='bbox 548 1397 690 1430; x_wconf 89' lang='lat' dir='ltr'>tamen</span> <span class='ocrx_word' id='word_1_189' title='bbox 720 1389 940 1445; x_wconf 85' lang='lat' dir='ltr'>utriusque</span> <span class='ocrx_word' id='word_1_190' title='bbox 971 1389 1209 1431; x_wconf 88' lang='lat' dir='ltr'>credibilis:</span> <span class='ocrx_word' id='word_1_191' title='bbox 1240 1390 1300 1432; x_wconf 88' lang='lat' dir='ltr'>sic</span> <span class='ocrx_word' id='word_1_192' title='bbox 1334 1390 1377 1431; x_wconf 89' lang='lat' dir='ltr'>in</span> <span class='ocrx_word' id='word_1_193' title='bbox 1411 1388 1608 1431; x_wconf 89' lang='lat' dir='ltr'>omnibus</span> <span class='ocrx_word' id='word_1_194' title='bbox 1637 1388 1688 1430; x_wconf 92' lang='lat' dir='ltr'>iis</span> 
     </span>
     <span class='ocr_line' id='line_1_23' title="bbox 255 1445 1688 1503; baseline -0.001 -16"><span class='ocrx_word' id='word_1_195' title='bbox 255 1445 396 1496; x_wconf 84' lang='lat' dir='ltr'>rebuS,</span> <span class='ocrx_word' id='word_1_196' title='bbox 427 1461 523 1502; x_wconf 85' lang='lat' dir='ltr'>quae</span> <span class='ocrx_word' id='word_1_197' title='bbox 554 1445 797 1503; x_wconf 89' lang='lat' dir='ltr'>conjectura</span> <span class='ocrx_word' id='word_1_198' title='bbox 819 1445 1060 1502; x_wconf 87' lang='lat' dir='ltr'>investigari</span> <span class='ocrx_word' id='word_1_199' title='bbox 1086 1446 1291 1499; x_wconf 90' lang='lat' dir='ltr'>videntur,</span> <span class='ocrx_word' id='word_1_200' title='bbox 1311 1460 1462 1502; x_wconf 89' lang='lat' dir='ltr'>anceps</span> <span class='ocrx_word' id='word_1_201' title='bbox 1483 1445 1688 1502; x_wconf 88' lang='lat' dir='ltr'>reperitur</span> 
     </span>
     <span class='ocr_line' id='line_1_24' title="bbox 255 1502 1686 1560; baseline 0 -17"><span class='ocrx_word' id='word_1_202' title='bbox 255 1502 406 1544; x_wconf 87' lang='lat' dir='ltr'>oratio.</span> <span class='ocrx_word' id='word_1_203' title='bbox 479 1503 598 1560; x_wconf 70' lang='lat' dir='ltr'>Quas</span> <span class='ocrx_word' id='word_1_204' title='bbox 644 1511 787 1544; x_wconf 89' lang='lat' dir='ltr'>autem</span> <span class='ocrx_word' id='word_1_205' title='bbox 824 1517 890 1544; x_wconf 89' lang='lat' dir='ltr'>res</span> <span class='ocrx_word' id='word_1_206' title='bbox 927 1510 1019 1544; x_wconf 89' lang='lat' dir='ltr'>tum</span> <span class='ocrx_word' id='word_1_207' title='bbox 1065 1511 1228 1555; x_wconf 89' lang='lat' dir='ltr'>natura,</span> <span class='ocrx_word' id='word_1_208' title='bbox 1264 1511 1356 1545; x_wconf 85' lang='lat' dir='ltr'>tum</span> <span class='ocrx_word' id='word_1_209' title='bbox 1393 1517 1513 1543; x_wconf 86' lang='lat' dir='ltr'>casus</span> <span class='ocrx_word' id='word_1_210' title='bbox 1554 1503 1686 1553; x_wconf 85' lang='lat' dir='ltr'>affert,</span> 
     </span>
     <span class='ocr_line' id='line_1_25' title="bbox 256 1558 1688 1616; baseline -0.001 -17"><span class='ocrx_word' id='word_1_211' title='bbox 256 1567 295 1595; x_wconf 85' lang='lat'>47</span> <span class='ocrx_word' id='word_1_212' title='bbox 320 1573 640 1616; x_wconf 88' lang='lat' dir='ltr'>nonnumquam</span> <span class='ocrx_word' id='word_1_213' title='bbox 686 1559 814 1600; x_wconf 90' lang='lat' dir='ltr'>etiam</span> <span class='ocrx_word' id='word_1_214' title='bbox 852 1573 1036 1601; x_wconf 90' lang='lat' dir='ltr'>errorem</span> <span class='ocrx_word' id='word_1_215' title='bbox 1075 1568 1190 1601; x_wconf 89' lang='lat' dir='ltr'>creat</span> <span class='ocrx_word' id='word_1_216' title='bbox 1228 1558 1487 1601; x_wconf 85' lang='lat' dir='ltr'>similitudo:</span> <span class='ocrx_word' id='word_1_217' title='bbox 1532 1572 1688 1614; x_wconf 88' lang='lat' dir='ltr'>magna</span> 
     </span>
     <span class='ocr_line' id='line_1_26' title="bbox 257 1615 1687 1666; baseline -0.001 -10"><span class='ocrx_word' id='word_1_218' title='bbox 257 1615 436 1657; x_wconf 89' lang='lat' dir='ltr'>stultitia</span> <span class='ocrx_word' id='word_1_219' title='bbox 463 1624 542 1666; x_wconf 86' lang='lat' dir='ltr'>est,</span> <span class='ocrx_word' id='word_1_220' title='bbox 571 1631 715 1658; x_wconf 90' lang='lat' dir='ltr'>earum</span> <span class='ocrx_word' id='word_1_221' title='bbox 746 1631 885 1658; x_wconf 89' lang='lat' dir='ltr'>rerum</span> <span class='ocrx_word' id='word_1_222' title='bbox 915 1615 1015 1658; x_wconf 92' lang='lat' dir='ltr'>deos</span> <span class='ocrx_word' id='word_1_223' title='bbox 1045 1616 1182 1658; x_wconf 89' lang='lat' dir='ltr'>facere</span> <span class='ocrx_word' id='word_1_224' title='bbox 1206 1616 1436 1666; x_wconf 89' lang='lat' dir='ltr'>effectores,</span> <span class='ocrx_word' id='word_1_225' title='bbox 1455 1629 1600 1656; x_wconf 88' lang='lat' dir='ltr'>causas</span> <span class='ocrx_word' id='word_1_226' title='bbox 1622 1629 1687 1655; x_wconf 90' lang='lat' dir='ltr'>re·</span> 
     </span>
     <span class='ocr_line' id='line_1_27' title="bbox 193 1670 1685 1728; baseline -0.001 -16"><span class='ocrx_word' id='word_1_227' title='bbox 193 1680 247 1718; x_wconf 80' lang='grc'>56</span> <span class='ocrx_word' id='word_1_228' title='bbox 258 1687 351 1713; x_wconf 91' lang='lat' dir='ltr'>rum</span> <span class='ocrx_word' id='word_1_229' title='bbox 381 1687 465 1713; x_wconf 92' lang='lat' dir='ltr'>non</span> <span class='ocrx_word' id='word_1_230' title='bbox 494 1687 696 1728; x_wconf 87' lang='lat' dir='ltr'>quaerere.</span> <span class='ocrx_word' id='word_1_231' title='bbox 752 1673 819 1714; x_wconf 91' lang='lat' dir='ltr'>Tu</span> <span class='ocrx_word' id='word_1_232' title='bbox 848 1680 960 1713; x_wconf 90' lang='lat' dir='ltr'>vates</span> <span class='ocrx_word' id='word_1_233' title='bbox 989 1673 1194 1723; x_wconf 80' lang='lat' dir='ltr'>Boeotios,</span> <span class='ocrx_word' id='word_1_234' title='bbox 1222 1672 1374 1722; x_wconf 91' lang='lat' dir='ltr'>credis,</span> <span class='ocrx_word' id='word_1_235' title='bbox 1403 1671 1600 1713; x_wconf 84' lang='lat' dir='ltr'>Lebadiae</span> <span class='ocrx_word' id='word_1_236' title='bbox 1626 1670 1685 1712; x_wconf 93' lang='lat' dir='ltr'>vi-</span> 
     </span>
     <span class='ocr_line' id='line_1_28' title="bbox 256 1727 1688 1784; baseline -0.001 -15"><span class='ocrx_word' id='word_1_237' title='bbox 256 1728 366 1769; x_wconf 90' lang='lat' dir='ltr'>disse</span> <span class='ocrx_word' id='word_1_238' title='bbox 386 1743 436 1770; x_wconf 88' lang='lat' dir='ltr'>ex</span> <span class='ocrx_word' id='word_1_239' title='bbox 454 1729 665 1783; x_wconf 87' lang='lat' dir='ltr'>gallorum</span> <span class='ocrx_word' id='word_1_240' title='bbox 694 1729 1025 1784; x_wconf 84' lang='lat' dir='ltr'>gallinaceorum</span> <span class='ocrx_word' id='word_1_241' title='bbox 1056 1739 1197 1779; x_wconf 88' lang='lat' dir='ltr'>cantu,</span> <span class='ocrx_word' id='word_1_242' title='bbox 1217 1728 1434 1770; x_wconf 84' lang='lat' dir='ltr'>victoriam</span> <span class='ocrx_word' id='word_1_243' title='bbox 1461 1741 1551 1768; x_wconf 88' lang='lat' dir='ltr'>esse</span> <span class='ocrx_word' id='word_1_244' title='bbox 1573 1727 1688 1768; x_wconf 90' lang='lat' dir='ltr'>The-</span> 
     </span>
     <span class='ocr_line' id='line_1_29' title="bbox 255 1783 1686 1841; baseline -0.001 -15"><span class='ocrx_word' id='word_1_245' title='bbox 255 1785 479 1836; x_wconf 88' lang='lat' dir='ltr'>banorum,</span> <span class='ocrx_word' id='word_1_246' title='bbox 519 1785 617 1841; x_wconf 93' lang='lat' dir='ltr'>quia</span> <span class='ocrx_word' id='word_1_247' title='bbox 656 1785 758 1841; x_wconf 86' lang='lat' dir='ltr'>galli</span> <span class='ocrx_word' id='word_1_248' title='bbox 792 1785 888 1827; x_wconf 88' lang='lat' dir='ltr'>victi</span> <span class='ocrx_word' id='word_1_249' title='bbox 919 1793 957 1817; x_wconf 80' lang='lat'>48</span> <span class='ocrx_word' id='word_1_250' title='bbox 978 1785 1098 1826; x_wconf 87' lang='lat' dir='ltr'>silere</span> <span class='ocrx_word' id='word_1_251' title='bbox 1132 1785 1282 1835; x_wconf 86' lang='lat' dir='ltr'>solent,</span> <span class='ocrx_word' id='word_1_252' title='bbox 1314 1798 1464 1826; x_wconf 87' lang='lat' dir='ltr'>canere</span> <span class='ocrx_word' id='word_1_253' title='bbox 1494 1783 1686 1824; x_wconf 86' lang='lat' dir='ltr'>victores.</span> 
     </span>
     <span class='ocr_line' id='line_1_30' title="bbox 256 1840 1682 1897; baseline -0.002 -14"><span class='ocrx_word' id='word_1_254' title='bbox 256 1842 357 1883; x_wconf 91' lang='lat' dir='ltr'>Hoc</span> <span class='ocrx_word' id='word_1_255' title='bbox 378 1841 509 1897; x_wconf 89' lang='lat' dir='ltr'>igitur</span> <span class='ocrx_word' id='word_1_256' title='bbox 528 1856 603 1897; x_wconf 89' lang='lat' dir='ltr'>per</span> <span class='ocrx_word' id='word_1_257' title='bbox 622 1842 799 1897; x_wconf 90' lang='lat' dir='ltr'>gallinas</span> <span class='ocrx_word' id='word_1_258' title='bbox 818 1841 984 1896; x_wconf 85' lang='lat' dir='ltr'>Jupiter</span> <span class='ocrx_word' id='word_1_259' title='bbox 1006 1849 1133 1882; x_wconf 87' lang='lat' dir='ltr'>tantae</span> <span class='ocrx_word' id='word_1_260' title='bbox 1152 1840 1308 1882; x_wconf 90' lang='lat' dir='ltr'>civitati</span> <span class='ocrx_word' id='word_1_261' title='bbox 1337 1841 1504 1896; x_wconf 88' lang='lat' dir='ltr'>signum</span> <span class='ocrx_word' id='word_1_262' title='bbox 1526 1840 1682 1881; x_wconf 86' lang='lat' dir='ltr'>dabat?</span> 
     </span>
     <span class='ocr_line' id='line_1_31' title="bbox 254 1897 1684 1949; baseline -0.001 -10"><span class='ocrx_word' id='word_1_263' title='bbox 254 1899 326 1939; x_wconf 90' lang='lat' dir='ltr'>An</span> <span class='ocrx_word' id='word_1_264' title='bbox 351 1898 434 1939; x_wconf 85' lang='lat' dir='ltr'>illae</span> <span class='ocrx_word' id='word_1_265' title='bbox 462 1913 570 1949; x_wconf 87' lang='lat' dir='ltr'>aves,</span> <span class='ocrx_word' id='word_1_266' title='bbox 599 1898 678 1940; x_wconf 90' lang='lat' dir='ltr'>nisi</span> <span class='ocrx_word' id='word_1_267' title='bbox 709 1913 807 1940; x_wconf 91' lang='lat' dir='ltr'>cum</span> <span class='ocrx_word' id='word_1_268' title='bbox 832 1898 1018 1948; x_wconf 88' lang='lat' dir='ltr'>vicerint,</span> <span class='ocrx_word' id='word_1_269' title='bbox 1038 1912 1187 1939; x_wconf 90' lang='lat' dir='ltr'>canere</span> <span class='ocrx_word' id='word_1_270' title='bbox 1207 1912 1291 1939; x_wconf 92' lang='lat' dir='ltr'>non</span> <span class='ocrx_word' id='word_1_271' title='bbox 1311 1897 1478 1938; x_wconf 90' lang='lat' dir='ltr'>solent?</span> <span class='ocrx_word' id='word_1_272' title='bbox 1510 1897 1572 1938; x_wconf 89' lang='lat' dir='ltr'>At</span> <span class='ocrx_word' id='word_1_273' title='bbox 1591 1908 1684 1938; x_wconf 92' lang='lat' dir='ltr'>tum</span> 
     </span>
     <span class='ocr_line' id='line_1_32' title="bbox 254 1954 1684 2010; baseline -0.001 -15"><span class='ocrx_word' id='word_1_274' title='bbox 254 1955 474 2005; x_wconf 86' lang='lat' dir='ltr'>canebant,</span> <span class='ocrx_word' id='word_1_275' title='bbox 503 1970 579 1996; x_wconf 90' lang='lat' dir='ltr'>nec</span> <span class='ocrx_word' id='word_1_276' title='bbox 606 1955 803 1997; x_wconf 87' lang='lat' dir='ltr'>vicerant.</span> <span class='ocrx_word' id='word_1_277' title='bbox 862 1954 911 1995; x_wconf 92' lang='lat' dir='ltr'>Id</span> <span class='ocrx_word' id='word_1_278' title='bbox 942 1954 1068 2006; x_wconf 85' lang='lat' dir='ltr'>enim,</span> <span class='ocrx_word' id='word_1_279' title='bbox 1095 1954 1272 2010; x_wconf 88' lang='lat' dir='ltr'>inquies,</span> <span class='ocrx_word' id='word_1_280' title='bbox 1299 1962 1526 1996; x_wconf 88' lang='lat' dir='ltr'>ostentum.</span> <span class='ocrx_word' id='word_1_281' title='bbox 1584 1954 1684 1994; x_wconf 89' lang='lat' dir='ltr'>Ma-</span> 
     </span>
     <span class='ocr_line' id='line_1_33' title="bbox 252 2009 1683 2067; baseline -0.001 -15"><span class='ocrx_word' id='word_1_282' title='bbox 252 2024 388 2066; x_wconf 89' lang='lat' dir='ltr'>gnum</span> <span class='ocrx_word' id='word_1_283' title='bbox 417 2025 543 2053; x_wconf 87' lang='lat' dir='ltr'>vero:</span> <span class='ocrx_word' id='word_1_284' title='bbox 574 2011 691 2067; x_wconf 89' lang='lat' dir='ltr'>quasi</span> <span class='ocrx_word' id='word_1_285' title='bbox 720 2011 868 2066; x_wconf 87' lang='lat' dir='ltr'>pisces,</span> <span class='ocrx_word' id='word_1_286' title='bbox 899 2026 983 2052; x_wconf 93' lang='lat' dir='ltr'>non</span> <span class='ocrx_word' id='word_1_287' title='bbox 1012 2011 1116 2066; x_wconf 85' lang='lat' dir='ltr'>galli</span> <span class='ocrx_word' id='word_1_288' title='bbox 1144 2011 1382 2052; x_wconf 87' lang='lat' dir='ltr'>cecinerint.</span> <span class='ocrx_word' id='word_1_289' title='bbox 1404 2009 1521 2066; x_wconf 91' lang='lat' dir='ltr'>quod</span> <span class='ocrx_word' id='word_1_290' title='bbox 1540 2018 1683 2051; x_wconf 89' lang='lat' dir='ltr'>autem</span> 
     </span>
     <span class='ocr_line' id='line_1_34' title="bbox 253 2065 1684 2124; baseline 0 -16"><span class='ocrx_word' id='word_1_291' title='bbox 253 2076 321 2108; x_wconf 90' lang='lat' dir='ltr'>est</span> <span class='ocrx_word' id='word_1_292' title='bbox 349 2076 530 2124; x_wconf 89' lang='lat' dir='ltr'>tempus,</span> <span class='ocrx_word' id='word_1_293' title='bbox 561 2083 647 2124; x_wconf 93' lang='lat' dir='ltr'>quo</span> <span class='ocrx_word' id='word_1_294' title='bbox 676 2068 738 2109; x_wconf 88' lang='lat' dir='ltr'>illi</span> <span class='ocrx_word' id='word_1_295' title='bbox 767 2083 851 2109; x_wconf 90' lang='lat' dir='ltr'>non</span> <span class='ocrx_word' id='word_1_296' title='bbox 879 2075 1064 2118; x_wconf 90' lang='lat' dir='ltr'>cantent,</span> <span class='ocrx_word' id='word_1_297' title='bbox 1093 2067 1156 2109; x_wconf 91' lang='lat' dir='ltr'>vel</span> <span class='ocrx_word' id='word_1_298' title='bbox 1186 2076 1453 2118; x_wconf 90' lang='lat' dir='ltr'>nocturnum,</span> <span class='ocrx_word' id='word_1_299' title='bbox 1474 2065 1537 2108; x_wconf 88' lang='lat' dir='ltr'>vel</span> <span class='ocrx_word' id='word_1_300' title='bbox 1567 2065 1684 2108; x_wconf 84' lang='lat' dir='ltr'>diur-</span> 
     </span>
     <span class='ocr_line' id='line_1_35' title="bbox 254 2122 1684 2180; baseline -0.002 -14"><span class='ocrx_word' id='word_1_301' title='bbox 254 2126 387 2165; x_wconf 89' lang='lat' dir='ltr'>num?</span> <span class='ocrx_word' id='word_1_302' title='bbox 419 2124 535 2180; x_wconf 91' lang='lat' dir='ltr'>quod</span> <span class='ocrx_word' id='word_1_303' title='bbox 562 2125 596 2166; x_wconf 88' lang='lat' dir='ltr'>si</span> <span class='ocrx_word' id='word_1_304' title='bbox 620 2124 798 2166; x_wconf 88' lang='lat' dir='ltr'>victores</span> <span class='ocrx_word' id='word_1_305' title='bbox 826 2124 1052 2176; x_wconf 89' lang='lat' dir='ltr'>alacritate,</span> <span class='ocrx_word' id='word_1_306' title='bbox 1073 2132 1116 2165; x_wconf 90' lang='lat' dir='ltr'>et</span> <span class='ocrx_word' id='word_1_307' title='bbox 1136 2123 1250 2180; x_wconf 90' lang='lat' dir='ltr'>quasi</span> <span class='ocrx_word' id='word_1_308' title='bbox 1277 2123 1437 2174; x_wconf 85' lang='lat' dir='ltr'>laetitia,</span> <span class='ocrx_word' id='word_1_309' title='bbox 1459 2122 1513 2165; x_wconf 90' lang='lat' dir='ltr'>ad</span> <span class='ocrx_word' id='word_1_310' title='bbox 1530 2136 1684 2164; x_wconf 90' lang='lat' dir='ltr'>canen-</span> 
     </span>
     <span class='ocr_line' id='line_1_36' title="bbox 254 2177 1685 2237; baseline -0.001 -16"><span class='ocrx_word' id='word_1_311' title='bbox 254 2179 360 2221; x_wconf 90' lang='lat' dir='ltr'>dum</span> <span class='ocrx_word' id='word_1_312' title='bbox 386 2182 618 2223; x_wconf 80' lang='lat' dir='ltr'>excitantur</span> <span class='ocrx_word' id='word_1_313' title='bbox 635 2198 645 2222; x_wconf 78' lang='lat' dir='ltr'><em>z</em></span> <span class='ocrx_word' id='word_1_314' title='bbox 676 2181 818 2237; x_wconf 88' lang='lat' dir='ltr'>potuit</span> <span class='ocrx_word' id='word_1_315' title='bbox 840 2180 1040 2222; x_wconf 85' lang='lat' dir='ltr'>accidisse</span> <span class='ocrx_word' id='word_1_316' title='bbox 1060 2181 1141 2222; x_wconf 87' lang='lat' dir='ltr'>alia</span> <span class='ocrx_word' id='word_1_317' title='bbox 1160 2194 1328 2236; x_wconf 89' lang='lat' dir='ltr'>quoque</span> <span class='ocrx_word' id='word_1_318' title='bbox 1346 2179 1506 2231; x_wconf 90' lang='lat' dir='ltr'>laetitia,</span> <span class='ocrx_word' id='word_1_319' title='bbox 1526 2194 1610 2236; x_wconf 88' lang='lat' dir='ltr'>qua</span> <span class='ocrx_word' id='word_1_320' title='bbox 1630 2177 1685 2220; x_wconf 87' lang='lat' dir='ltr'>ad</span> 
     </span>
     <span class='ocr_line' id='line_1_37' title="bbox 191 2234 1682 2294; baseline -0.001 -16"><span class='ocrx_word' id='word_1_321' title='bbox 191 2250 242 2294; x_wconf 82' lang='lat'>57</span> <span class='ocrx_word' id='word_1_322' title='bbox 255 2246 427 2278; x_wconf 88' lang='lat' dir='ltr'>cantum</span> <span class='ocrx_word' id='word_1_323' title='bbox 465 2246 745 2280; x_wconf 89' lang='lat' dir='ltr'>moverentur.</span> <span class='ocrx_word' id='word_1_324' title='bbox 811 2237 1083 2280; x_wconf 88' lang='lat' dir='ltr'>Democritus</span> <span class='ocrx_word' id='word_1_325' title='bbox 1126 2237 1297 2292; x_wconf 89' lang='lat' dir='ltr'>quidem</span> <span class='ocrx_word' id='word_1_326' title='bbox 1338 2236 1508 2292; x_wconf 89' lang='lat' dir='ltr'>optimis</span> <span class='ocrx_word' id='word_1_327' title='bbox 1546 2234 1682 2278; x_wconf 90' lang='lat' dir='ltr'>verbis</span> 
     </span>
     <span class='ocr_line' id='line_1_38' title="bbox 254 2291 1680 2351; baseline -0.002 -15"><span class='ocrx_word' id='word_1_328' title='bbox 254 2307 423 2337; x_wconf 88' lang='lat' dir='ltr'>causam</span> <span class='ocrx_word' id='word_1_329' title='bbox 452 2294 646 2351; x_wconf 86' lang='lat' dir='ltr'>explicat,</span> <span class='ocrx_word' id='word_1_330' title='bbox 674 2308 749 2339; x_wconf 90' lang='lat' dir='ltr'>cur</span> <span class='ocrx_word' id='word_1_331' title='bbox 774 2302 872 2337; x_wconf 89' lang='lat' dir='ltr'>ante</span> <span class='ocrx_word' id='word_1_332' title='bbox 898 2294 1039 2336; x_wconf 88' lang='lat' dir='ltr'>lucem</span> <span class='ocrx_word' id='word_1_333' title='bbox 1065 2294 1168 2351; x_wconf 84' lang='lat' dir='ltr'>galli</span> <span class='ocrx_word' id='word_1_334' title='bbox 1188 2301 1352 2336; x_wconf 88' lang='lat' dir='ltr'>canant.</span> <span class='ocrx_word' id='word_1_335' title='bbox 1373 2292 1550 2350; x_wconf 90' lang='lat' dir='ltr'>depulso</span> <span class='ocrx_word' id='word_1_336' title='bbox 1567 2291 1680 2333; x_wconf 86' lang='lat' dir='ltr'>enim</span> 
     </span>
    </p>
   </div>
   <div class='ocr_carea' id='block_1_3' title="bbox 206 2452 1683 2579">
    <p class='ocr_par' dir='ltr' id='par_1_4' title="bbox 206 2452 1683 2579">
     <span class='ocr_line' id='line_1_39' title="bbox 299 2452 1683 2496; baseline -0.001 -12"><span class='ocrx_word' id='word_1_337' title='bbox 299 2462 337 2485; x_wconf 78' lang='grc'>44</span> <span class='ocrx_word' id='word_1_338' title='bbox 361 2454 456 2496; x_wconf 74' lang='lat' dir='ltr'>quoad</span> <span class='ocrx_word' id='word_1_339' title='bbox 464 2452 626 2493; x_wconf 73' lang='lat' dir='ltr'>videbitur]</span> <span class='ocrx_word' id='word_1_340' title='bbox 642 2453 753 2484; x_wconf 81' lang='lat' dir='ltr'>Delevi</span> <span class='ocrx_word' id='word_1_341' title='bbox 766 2452 849 2491; x_wconf 81' lang='lat' dir='ltr'>utile,</span> <span class='ocrx_word' id='word_1_342' title='bbox 862 2453 947 2493; x_wconf 90' lang='lat' dir='ltr'>quod</span> <span class='ocrx_word' id='word_1_343' title='bbox 989 2455 1075 2493; x_wconf 91' lang='lat' dir='ltr'>quod</span> <span class='ocrx_word' id='word_1_344' title='bbox 1099 2454 1253 2484; x_wconf 82' lang='lat' dir='ltr'>sententia</span> <span class='ocrx_word' id='word_1_345' title='bbox 1278 2452 1426 2493; x_wconf 88' lang='lat' dir='ltr'>postulat.</span> <span class='ocrx_word' id='word_1_346' title='bbox 1450 2458 1481 2482; x_wconf 88' lang='lat' dir='ltr'>et</span> <span class='ocrx_word' id='word_1_347' title='bbox 1506 2461 1588 2491; x_wconf 85' lang='lat' dir='ltr'>saepe</span> <span class='ocrx_word' id='word_1_348' title='bbox 1612 2452 1683 2482; x_wconf 85' lang='lat' dir='ltr'>haec</span> 
     </span>
     <span class='ocr_line' id='line_1_40' title="bbox 206 2495 1682 2536; baseline -0.001 -10"><span class='ocrx_word' id='word_1_349' title='bbox 206 2521 208 2523; x_wconf 96' lang='lat'>.</span> <span class='ocrx_word' id='word_1_350' title='bbox 255 2497 375 2527; x_wconf 73' lang='lat' dir='ltr'>addunt</span> <span class='ocrx_word' id='word_1_351' title='bbox 390 2499 459 2528; x_wconf 90' lang='lat' dir='ltr'>edd.</span> <span class='ocrx_word' id='word_1_352' title='bbox 475 2498 671 2527; x_wconf 81' lang='lat' dir='ltr'>recentiores.</span> <span class='ocrx_word' id='word_1_353' title='bbox 695 2504 725 2526; x_wconf 86' lang='lat' dir='ltr'>at</span> <span class='ocrx_word' id='word_1_354' title='bbox 743 2497 773 2526; x_wconf 92' lang='lat' dir='ltr'>id</span> <span class='ocrx_word' id='word_1_355' title='bbox 790 2497 899 2527; x_wconf 88' lang='lat' dir='ltr'>Cicero</span> <span class='ocrx_word' id='word_1_356' title='bbox 914 2497 946 2526; x_wconf 92' lang='lat' dir='ltr'>in</span> <span class='ocrx_word' id='word_1_357' title='bbox 990 2497 1084 2526; x_wconf 89' lang='lat' dir='ltr'>verba</span> <span class='ocrx_word' id='word_1_358' title='bbox 1099 2503 1277 2536; x_wconf 83' lang='lat' dir='ltr'>permutata</span> <span class='ocrx_word' id='word_1_359' title='bbox 1292 2502 1367 2525; x_wconf 88' lang='lat' dir='ltr'>sunt</span> <span class='ocrx_word' id='word_1_360' title='bbox 1382 2495 1414 2525; x_wconf 91' lang='lat' dir='ltr'>in</span> <span class='ocrx_word' id='word_1_361' title='bbox 1430 2495 1518 2525; x_wconf 86' lang='lat' dir='ltr'>hunc</span> <span class='ocrx_word' id='word_1_362' title='bbox 1534 2495 1682 2525; x_wconf 91' lang='lat' dir='ltr'>modum.</span> 
     </span>
     <span class='ocr_line' id='line_1_41' title="bbox 256 2538 1427 2579; baseline -0.001 -11"><span class='ocrx_word' id='word_1_363' title='bbox 256 2540 317 2569; x_wconf 84' lang='lat' dir='ltr'>hac</span> <span class='ocrx_word' id='word_1_364' title='bbox 337 2540 438 2570; x_wconf 81' lang='lat' dir='ltr'>forma</span> <span class='ocrx_word' id='word_1_365' title='bbox 462 2551 526 2570; x_wconf 88' lang='lat' dir='ltr'>non</span> <span class='ocrx_word' id='word_1_366' title='bbox 554 2540 632 2570; x_wconf 86' lang='lat' dir='ltr'>solet</span> <span class='ocrx_word' id='word_1_367' title='bbox 652 2541 774 2575; x_wconf 83' lang='lat' dir='ltr'>addere,</span> <span class='ocrx_word' id='word_1_368' title='bbox 798 2540 947 2579; x_wconf 87' lang='lat' dir='ltr'>abestque</span> <span class='ocrx_word' id='word_1_369' title='bbox 990 2540 1042 2569; x_wconf 87' lang='lat' dir='ltr'>Sic</span> <span class='ocrx_word' id='word_1_370' title='bbox 1057 2546 1087 2569; x_wconf 89' lang='lat' dir='ltr'>et</span> <span class='ocrx_word' id='word_1_371' title='bbox 1103 2539 1258 2569; x_wconf 81' lang='lat' dir='ltr'>Lambino</span> <span class='ocrx_word' id='word_1_372' title='bbox 1274 2538 1427 2577; x_wconf 84' lang='lat' dir='ltr'>placebat.</span> 
     </span>
    </p>
   </div>
   <div class='ocr_carea' id='block_1_4' title="bbox 256 2580 1684 2871">
    <p class='ocr_par' dir='ltr' id='par_1_5' title="bbox 258 2580 1684 2621">
     <span class='ocr_line' id='line_1_42' title="bbox 258 2580 1684 2621; baseline -0.002 -10"><span class='ocrx_word' id='word_1_373' title='bbox 258 2581 321 2611; x_wconf 87' lang='lat' dir='ltr'>Ms.</span> <span class='ocrx_word' id='word_1_374' title='bbox 338 2581 445 2613; x_wconf 85' lang='lat' dir='ltr'>Guelf.</span> <span class='ocrx_word' id='word_1_375' title='bbox 462 2590 491 2613; x_wconf 86' lang='lat' dir='ltr'>ct</span> <span class='ocrx_word' id='word_1_376' title='bbox 507 2583 574 2612; x_wconf 85' lang='lat' dir='ltr'>aliis</span> <span class='ocrx_word' id='word_1_377' title='bbox 590 2583 665 2612; x_wconf 84' lang='lat' dir='ltr'>item</span> <span class='ocrx_word' id='word_1_378' title='bbox 676 2583 744 2612; x_wconf 89' lang='lat' dir='ltr'>edd.</span> <span class='ocrx_word' id='word_1_379' title='bbox 757 2582 838 2612; x_wconf 90' lang='lat' dir='ltr'>Ven.</span> <span class='ocrx_word' id='word_1_380' title='bbox 856 2589 947 2617; x_wconf 86' lang='lat'>1471.</span> <span class='ocrx_word' id='word_1_381' title='bbox 1033 2587 1072 2615; x_wconf 84' lang='lat'>47</span> <span class='ocrx_word' id='word_1_382' title='bbox 1097 2591 1306 2621; x_wconf 75' lang='lat' dir='ltr'>nonnumquam</span> <span class='ocrx_word' id='word_1_383' title='bbox 1336 2580 1423 2610; x_wconf 81' lang='lat' dir='ltr'>etiam</span> <span class='ocrx_word' id='word_1_384' title='bbox 1452 2589 1573 2608; x_wconf 85' lang='lat' dir='ltr'>errorem</span> <span class='ocrx_word' id='word_1_385' title='bbox 1602 2584 1684 2609; x_wconf 76' lang='lat' dir='ltr'>crea!</span> 
     </span>
    </p>

    <p class='ocr_par' dir='ltr' id='par_1_6' title="bbox 259 2622 1681 2663">
     <span class='ocr_line' id='line_1_43' title="bbox 259 2622 1681 2663; baseline -0.002 -9"><span class='ocrx_word' id='word_1_386' title='bbox 259 2632 350 2657; x_wconf 75' lang='lat'>1494.</span> <span class='ocrx_word' id='word_1_387' title='bbox 382 2625 468 2655; x_wconf 86' lang='lat' dir='ltr'>Med.</span> <span class='ocrx_word' id='word_1_388' title='bbox 498 2627 572 2655; x_wconf 88' lang='lat' dir='ltr'>Asc.</span> <span class='ocrx_word' id='word_1_389' title='bbox 600 2626 682 2655; x_wconf 77' lang='lat' dir='ltr'>vict.</span> <span class='ocrx_word' id='word_1_390' title='bbox 711 2624 889 2663; x_wconf 81' lang='lat' dir='ltr'>delevitque</span> <span class='ocrx_word' id='word_1_391' title='bbox 918 2631 948 2654; x_wconf 90' lang='lat' dir='ltr'>et</span> <span class='ocrx_word' id='word_1_392' title='bbox 989 2622 1159 2662; x_wconf 83' lang='lat' dir='ltr'>similitudo]</span> <span class='ocrx_word' id='word_1_393' title='bbox 1185 2623 1259 2653; x_wconf 91' lang='lat' dir='ltr'>Non</span> <span class='ocrx_word' id='word_1_394' title='bbox 1283 2623 1363 2653; x_wconf 86' lang='lat' dir='ltr'>bene</span> <span class='ocrx_word' id='word_1_395' title='bbox 1385 2624 1446 2653; x_wconf 89' lang='lat' dir='ltr'>hoe</span> <span class='ocrx_word' id='word_1_396' title='bbox 1461 2622 1610 2652; x_wconf 87' lang='lat' dir='ltr'>convenit</span> <span class='ocrx_word' id='word_1_397' title='bbox 1624 2631 1681 2651; x_wconf 89' lang='lat' dir='ltr'>an-</span> 
     </span>
    </p>

    <p class='ocr_par' dir='ltr' id='par_1_7' title="bbox 256 2665 1680 2750">
     <span class='ocr_line' id='line_1_44' title="bbox 256 2665 1680 2706; baseline -0.002 -8"><span class='ocrx_word' id='word_1_398' title='bbox 256 2667 415 2698; x_wconf 76' lang='lat' dir='ltr'>Davisius.</span> <span class='ocrx_word' id='word_1_399' title='bbox 989 2667 1217 2697; x_wconf 84' lang='lat' dir='ltr'>tecedentibus.</span> <span class='ocrx_word' id='word_1_400' title='bbox 1237 2667 1270 2697; x_wconf 89' lang='lat' dir='ltr'>in</span> <span class='ocrx_word' id='word_1_401' title='bbox 1293 2666 1468 2706; x_wconf 86' lang='lat' dir='ltr'>parenthesi</span> <span class='ocrx_word' id='word_1_402' title='bbox 1491 2665 1613 2695; x_wconf 83' lang='lat' dir='ltr'>dictum</span> <span class='ocrx_word' id='word_1_403' title='bbox 1635 2666 1680 2695; x_wconf 88' lang='lat' dir='ltr'>vi-</span> 
     </span>
     <span class='ocr_line' id='line_1_45' title="bbox 300 2708 1088 2750; baseline -0.003 -10"><span class='ocrx_word' id='word_1_404' title='bbox 300 2718 338 2741; x_wconf 83' lang='lat'>45</span> <span class='ocrx_word' id='word_1_405' title='bbox 364 2722 416 2739; x_wconf 82' lang='lat' dir='ltr'>non</span> <span class='ocrx_word' id='word_1_406' title='bbox 435 2708 585 2750; x_wconf 77' lang='lat' dir='ltr'>possimus]</span> <span class='ocrx_word' id='word_1_407' title='bbox 612 2709 663 2739; x_wconf 87' lang='lat' dir='ltr'>Sic</span> <span class='ocrx_word' id='word_1_408' title='bbox 679 2718 745 2738; x_wconf 83' lang='lat' dir='ltr'>esse</span> <span class='ocrx_word' id='word_1_409' title='bbox 760 2708 945 2748; x_wconf 84' lang='lat' dir='ltr'>legendum,</span> <span class='ocrx_word' id='word_1_410' title='bbox 989 2710 1088 2739; x_wconf 76' lang='lat' dir='ltr'>detur.</span> 
     </span>
    </p>

    <p class='ocr_par' dir='ltr' id='par_1_8' title="bbox 257 2749 1679 2793">
     <span class='ocr_line' id='line_1_46' title="bbox 257 2749 1679 2793; baseline -0.002 -10"><span class='ocrx_word' id='word_1_411' title='bbox 257 2763 321 2783; x_wconf 88' lang='lat' dir='ltr'>non</span> <span class='ocrx_word' id='word_1_412' title='bbox 340 2760 498 2793; x_wconf 83' lang='lat' dir='ltr'>possumus,</span> <span class='ocrx_word' id='word_1_413' title='bbox 514 2759 549 2782; x_wconf 89' lang='lat' dir='ltr'>ut</span> <span class='ocrx_word' id='word_1_414' title='bbox 564 2753 664 2782; x_wconf 86' lang='lat' dir='ltr'>editur</span> <span class='ocrx_word' id='word_1_415' title='bbox 678 2751 788 2790; x_wconf 82' lang='lat' dir='ltr'>vulgo,</span> <span class='ocrx_word' id='word_1_416' title='bbox 803 2751 853 2781; x_wconf 90' lang='lat' dir='ltr'>vel</span> <span class='ocrx_word' id='word_1_417' title='bbox 869 2752 945 2782; x_wconf 87' lang='lat' dir='ltr'>alte·</span> <span class='ocrx_word' id='word_1_418' title='bbox 1031 2759 1070 2782; x_wconf 86' lang='lat'>48</span> <span class='ocrx_word' id='word_1_419' title='bbox 1094 2750 1176 2780; x_wconf 83' lang='lat' dir='ltr'>silere</span> <span class='ocrx_word' id='word_1_420' title='bbox 1199 2749 1299 2790; x_wconf 86' lang='lat' dir='ltr'>solent]</span> <span class='ocrx_word' id='word_1_421' title='bbox 1328 2752 1379 2782; x_wconf 90' lang='lat' dir='ltr'>Sic</span> <span class='ocrx_word' id='word_1_422' title='bbox 1403 2750 1587 2790; x_wconf 86' lang='lat' dir='ltr'>legendum,</span> <span class='ocrx_word' id='word_1_423' title='bbox 1612 2758 1679 2780; x_wconf 87' lang='lat' dir='ltr'>non</span> 
     </span>
    </p>

    <p class='ocr_par' dir='ltr' id='par_1_9' title="bbox 257 2793 1680 2837">
     <span class='ocr_line' id='line_1_47' title="bbox 257 2793 1680 2837; baseline -0.003 -11"><span class='ocrx_word' id='word_1_424' title='bbox 257 2806 330 2827; x_wconf 82' lang='lat' dir='ltr'>turn</span> <span class='ocrx_word' id='word_1_425' title='bbox 353 2807 521 2837; x_wconf 82' lang='lat' dir='ltr'>nequeamus</span> <span class='ocrx_word' id='word_1_426' title='bbox 542 2797 642 2826; x_wconf 85' lang='lat' dir='ltr'>docet.</span> <span class='ocrx_word' id='word_1_427' title='bbox 664 2795 718 2824; x_wconf 88' lang='lat' dir='ltr'>sed</span> <span class='ocrx_word' id='word_1_428' title='bbox 739 2795 784 2824; x_wconf 89' lang='lat' dir='ltr'>sic</span> <span class='ocrx_word' id='word_1_429' title='bbox 806 2801 852 2825; x_wconf 85' lang='lat' dir='ltr'>est</span> <span class='ocrx_word' id='word_1_430' title='bbox 866 2802 898 2825; x_wconf 90' lang='lat' dir='ltr'>et</span> <span class='ocrx_word' id='word_1_431' title='bbox 913 2795 945 2825; x_wconf 88' lang='lat' dir='ltr'>in</span> <span class='ocrx_word' id='word_1_432' title='bbox 989 2793 1117 2825; x_wconf 77' lang='lat' dir='ltr'>solerent.</span> <span class='ocrx_word' id='word_1_433' title='bbox 1153 2801 1183 2823; x_wconf 88' lang='lat' dir='ltr'>et</span> <span class='ocrx_word' id='word_1_434' title='bbox 1219 2795 1263 2824; x_wconf 86' lang='lat' dir='ltr'>sic</span> <span class='ocrx_word' id='word_1_435' title='bbox 1301 2795 1380 2825; x_wconf 87' lang='lat' dir='ltr'>Mss.</span> <span class='ocrx_word' id='word_1_436' title='bbox 1417 2794 1548 2833; x_wconf 89' lang='lat' dir='ltr'>quidam</span> <span class='ocrx_word' id='word_1_437' title='bbox 1581 2793 1680 2823; x_wconf 85' lang='lat' dir='ltr'>etiam</span> 
     </span>
    </p>

    <p class='ocr_par' dir='ltr' id='par_1_10' title="bbox 256 2837 1680 2871">
     <span class='ocr_line' id='line_1_48' title="bbox 256 2837 1680 2871; baseline -0.002 -2"><span class='ocrx_word' id='word_1_438' title='bbox 256 2838 336 2870; x_wconf 80' lang='lat' dir='ltr'>Mss.</span> <span class='ocrx_word' id='word_1_439' title='bbox 353 2839 458 2869; x_wconf 89' lang='lat' dir='ltr'>Guelf.</span> <span class='ocrx_word' id='word_1_440' title='bbox 475 2845 506 2869; x_wconf 85' lang='lat' dir='ltr'>et</span> <span class='ocrx_word' id='word_1_441' title='bbox 521 2837 644 2868; x_wconf 84' lang='lat' dir='ltr'>Balliol.</span> <span class='ocrx_word' id='word_1_442' title='bbox 990 2837 1098 2867; x_wconf 85' lang='lat' dir='ltr'>Guelf.</span> <span class='ocrx_word' id='word_1_443' title='bbox 1119 2844 1148 2867; x_wconf 88' lang='lat' dir='ltr'>et</span> <span class='ocrx_word' id='word_1_444' title='bbox 1174 2838 1243 2868; x_wconf 85' lang='lat' dir='ltr'>edd.</span> <span class='ocrx_word' id='word_1_445' title='bbox 1266 2844 1341 2869; x_wconf 87' lang='lat' dir='ltr'>vett.</span> <span class='ocrx_word' id='word_1_446' title='bbox 1363 2837 1442 2869; x_wconf 87' lang='lat' dir='ltr'>ven.</span> <span class='ocrx_word' id='word_1_447' title='bbox 1468 2843 1559 2871; x_wconf 72' lang='lat'>1471.</span> <span class='ocrx_word' id='word_1_448' title='bbox 1587 2842 1680 2870; x_wconf 76' lang='lat'>1494.</span> 
     </span>
    </p>
   </div>
   <div class='ocr_carea' id='block_1_5' title="bbox 298 2876 1424 2922">
    <p class='ocr_par' dir='ltr' id='par_1_11' title="bbox 298 2876 1424 2922">
     <span class='ocr_line' id='line_1_49' title="bbox 298 2876 1424 2922; baseline -0.002 -9"><span class='ocrx_word' id='word_1_449' title='bbox 298 2887 338 2914; x_wconf 83' lang='lat'>46</span> <span class='ocrx_word' id='word_1_450' title='bbox 361 2889 434 2922; x_wconf 62' lang='grc' dir='ltr'>περ(</span> <span class='ocrx_word' id='word_1_451' title='bbox 458 2880 621 2920; x_wconf 80' lang='lat' dir='ltr'>deducitur]</span> <span class='ocrx_word' id='word_1_452' title='bbox 649 2880 764 2912; x_wconf 79' lang='lat' dir='ltr'>Malim</span> <span class='ocrx_word' id='word_1_453' title='bbox 787 2876 946 2920; x_wconf 74' lang='lat' dir='ltr'>diducitur,</span> <span class='ocrx_word' id='word_1_454' title='bbox 989 2880 1078 2912; x_wconf 81' lang='lat' dir='ltr'>Med.</span> <span class='ocrx_word' id='word_1_455' title='bbox 1092 2880 1165 2912; x_wconf 83' lang='lat' dir='ltr'>Asc.</span> <span class='ocrx_word' id='word_1_456' title='bbox 1182 2880 1253 2913; x_wconf 83' lang='lat' dir='ltr'>Ald.</span> <span class='ocrx_word' id='word_1_457' title='bbox 1268 2881 1349 2912; x_wconf 84' lang='lat' dir='ltr'>Vict.</span> <span class='ocrx_word' id='word_1_458' title='bbox 1367 2881 1424 2912; x_wconf 72' lang='grc' dir='ltr'>διο.</span> 
     </span>
    </p>
   </div>
  </div>
 </body>
</html>
