1778 3095
564 54 744 94 LIBER
778 53 1072 92 QUINTUS.
1457 60 1536 102 359

115 160 274 203 malum
294 162 430 220 majus
449 170 526 204 est.
555 162 632 203 etsi
660 161 773 202 enim
803 160 937 202 omnis
967 159 1094 202 animi
1124 158 1382 214 perturbatio
1401 161 1538 215 gravis

111 226 191 269 est,
220 233 297 260 nec
328 219 511 261 multum
543 218 681 259 differt
715 218 768 258 ab
804 217 1014 267 amentia3
1045 225 1086 251 29
1098 224 1240 257 tamen
1267 214 1327 255 ita
1359 225 1537 269 ceteros,

113 288 211 315 cum
233 275 374 316 sintin
393 275 531 330 aliqua
557 274 871 329 perturbatione
902 283 975 315 aut
1003 282 1156 323 metus,
1182 280 1254 313 aut
1273 271 1444 322 laetitiae‚
1464 283 1538 315 aut

112 331 368 386 cupiditatis,
386 340 626 372 commotos
653 330 783 371 modo
813 340 856 372 et
883 330 1147 385 perturbatos
1168 328 1305 370 dicere
1325 328 1510 369 solemus
1525 345 1578 378 tb.

111 396 156 428 at
192 401 279 438 eos,
319 387 390 443 qui
430 401 473 428 se
512 387 749 442 aegritudini
798 386 1060 437 dediderunt,
1106 386 1294 436 miseros,
1344 384 1536 436 afflictos,

114 458 386 494 aerumnOSOS,
408 443 689 485 calamitosos.
721 445 869 499 Itaque
888 457 973 484 non
988 443 1165 484 fortuito
1181 442 1338 482 factum
1359 441 1536 493 videtur,
1547 453 1596 486 83

114 499 188 540 sed
207 514 231 540 a
249 507 291 540 te
312 500 471 541 ratione
489 500 768 555 propositum,
797 509 846 541 ut
875 499 1098 555 separatim
1129 499 1181 539 de
1212 498 1476 553 aegritudine,
1495 508 1539 539 et

112 555 166 596 de
185 554 330 596 ceteris
347 556 733 611 perturbationibus
753 556 1076 612 disputaremus.
1097 556 1139 596 in
1158 569 1206 596 ea
1226 565 1289 596 est
1306 555 1418 595 enim
1442 556 1538 596 fons

113 611 371 652 miseriarum
406 622 448 654 et
488 622 629 669 caput.
687 613 770 655 Sed
807 622 850 654 et
888 612 1161 668 aegritudinis,
1201 622 1244 653 et
1281 611 1539 667 reliquorum

111 667 239 708 animi
261 669 509 710 morborum
537 683 621 710 una
647 670 810 711 sanatio
840 678 931 710 est:
963 684 1108 711 omnes
1134 667 1365 724 opinabiles
1386 682 1476 709 esse
1498 678 1541 709 et

110 723 381 777 voluntarios,
402 741 452 767 ea
469 740 597 781 reque
616 727 784 782 suscipi,
816 725 932 782 quod
959 726 1017 767 ita
1043 735 1206 767 rectum
1231 738 1322 766 esse
1339 724 1540 767 videatur.

111 780 242 821 Hunc
271 796 470 834 errorem,
503 783 621 839 quasi
655 783 837 824 radicem
870 782 1079 823 malorum
1112 782 1318 832 omnium,
1352 781 1538 838 stirpitus

108 835 378 933 philosophia
418 854 462 880 se
505 848 782 881 extracturam
822 838 1060 894 pollicetur.
1117 839 1281 880 Demus
1319 853 1423 894 ergo
1463 853 1539 880 nos
1552 846 1602 880 84

115 891 210 937 fuic
244 895 511 946 excolendos,
547 896 839 951 patiamurque
874 910 950 936 nos
980 895 1130 936 sanari.
1168 895 1232 935 his
1271 895 1384 936 enim
1419 895 1542 937 malis

110 948 402 1002 insidentibus,
423 967 507 993 non
527 952 657 993 modo
677 953 804 1003 beati,
824 951 898 993 sed
913 967 964 994 ne
980 951 1070 994 sani
1090 951 1261 1007 quidem
1282 966 1371 993 esse
1392 966 1544 1007 possu-

110 1020 220 1048 mus.
278 1008 372 1050 Aut
399 1009 531 1064 igitur
560 1023 780 1065 negemus,
811 1008 1043 1065 quidquam
1072 1009 1233 1049 ratione
1260 1008 1423 1058 confici,
1444 1023 1543 1050 cum

111 1073 261 1105 contra
287 1063 389 1106 nihil
418 1066 505 1106 sine
535 1066 696 1107 ratione
725 1077 838 1107 recte
869 1065 956 1106 fieri
985 1065 1142 1121 possit:
1172 1074 1246 1106 aut
1275 1080 1372 1106 cum
1394 1073 1434 1097 30
1448 1065 1543 1120 phi-

111 1118 305 1175 losophia
324 1135 374 1162 ex
394 1122 604 1164 rationum
644 1123 872 1164 collatione
906 1131 1085 1172 constet,
1116 1123 1168 1162 ab
1198 1136 1260 1172 ea,
1292 1121 1325 1161 si
1355 1132 1398 1162 et
1427 1122 1544 1172 boni,

111 1185 156 1217 et
176 1176 288 1217 beati
308 1178 500 1220 volumus
522 1194 626 1230 esse,
654 1179 797 1221 omnia
823 1178 1082 1236 adjumenta,
1108 1189 1151 1220 et
1178 1178 1330 1219 auxilia
1350 1188 1545 1234 petamus

112 1231 219 1274 bene
240 1234 446 1291 beateque
468 1235 641 1277 vivendi.

383 1446 460 1498 M.
500 1448 784 1500 TULLII
824 1447 1269 1499 CICERONIS
1556 1463 1676 1532 ἕως.

127 1565 858 1630 TUSCULANARUM
907 1543 1528 1631 oUAEsTIONUM

614 1797 691 1844 M.
730 1798 1038 1846 BR‘UTUM

506 1906 734 1947 LIBER
782 1877 1152 1951 QUINTUS.

188 2015 502 2058 VIRTUTEM
533 2015 618 2056 AD
649 2015 841 2058 BEATE
868 2018 1207 2062 VIVENDUM
1238 2022 1306 2063 SE
1336 2022 1465 2066 IPSA

549 2084 686 2125 ESSE
717 2084 1115 2129 CONTENTAM.

754 2225 880 2241 ravam-2...
888 2231 921 2235 m*

625 2326 902 2364 ARGUMEN
905 2328 1041 2365 TUM.

118 2412 187 2450 Hic
204 2410 288 2448 liber
306 2411 342 2448 in
359 2409 502 2459 difficili,
530 2412 590 2448 scd
609 2413 721 2461 gravi
746 2420 778 2449 et
804 2413 1003 2463 dignissima
1026 2414 1232 2465 Philosoplm,
1259 2418 1440 2467 quaestione
1465 2432 1545 2456 ver·

167 2473 279 2508 satur,
308 2465 404 2502 sitne
435 2466 551 2502 virtus
581 2467 626 2502 ad
659 2468 762 2502 beate
791 2468 989 2504 vivendum
1022 2482 1059 2505 se
1085 2470 1164 2518 ipsa
1193 2474 1391 2508 contenta?
1423 2472 1486 2508 De·
1508 2485 1548 2510 ea

167 2517 362 2569 disputatur
386 2519 494 2568 primo
525 2518 844 2557 Mathematicorum
873 2534 957 2558 more
984 2521 1143 2567 breviter,
1173 2523 1290 2560 deinde
1310 2525 1432 2573 fusius
1463 2539 1550 2562 more

158 2654 200 2681 29
223 2654 318 2677 tamen
338 2647 381 2677 ita
405 2647 520 2686 ceteros]
540 2648 583 2678 ila
597 2650 650 2680 hie
666 2652 809 2681 offendit.
855 2658 888 2681 at
903 2663 957 2689 eos,
973 2652 1077 2692 legam
1094 2660 1127 2682 ut
1143 2665 1196 2685 eos.

116 2691 222 2730 itaque
251 2690 425 2721 Lambinus
451 2690 544 2721 deleri
572 2693 690 2723 voluit:
716 2694 812 2724 Davi·
899 2701 940 2726 30
957 2695 1138 2735 philosophia
1168 2708 1203 2725 ex
1233 2698 1376 2727 rationum
1403 2698 1551 2728 collatione

116 2733 183 2763 sius
197 2734 308 2772 corrigi
323 2733 426 2764 voluit
440 2739 567 2763 attamen
582 2742 705 2774 ceteros;
727 2739 812 2776 quod
856 2737 976 2777 constet]
1001 2740 1038 2768 In
1062 2749 1098 2768 ea
1121 2740 1255 2770 rationes
1279 2751 1383 2772 rerum
1400 2741 1550 2772 omnium

117 2785 185 2806 non
200 2775 313 2815 placet.
359 2777 425 2816 Ego
444 2786 579 2814 servem,
599 2778 652 2809 sed
673 2786 743 2819 post
758 2789 814 2819 pro
856 2781 1017 2812 tradantur
1034 2788 1065 2812 et
1079 2782 1286 2822 explicentur.

870 2833 991 2874 Aa4
