1778 3095
612 74 794 113 LIBER
832 75 1111 112 TERTIUS.
1491 77 1569 118 327

132 198 230 226 cum
256 185 308 227 ad
338 200 410 228 eos
441 184 645 240 impetum
677 197 799 224 suum
831 183 1002 222 fortuna
1030 180 1310 222 converterit:
1340 189 1567 238 utrumque
1580 195 1610 224 b.

131 240 385 284 dissolvitur.
427 250 524 283 sunt
563 240 673 280 enim
713 239 794 280 ista
830 253 914 278 non
952 246 1113 279 naturae
1152 236 1264 286 vitia,
1305 237 1377 277 sed
1415 239 1566 293 culpae.

130 298 349 340 stultitiam
391 306 531 339 autem
572 310 768 337 accusare
801 295 991 351 quamvis
1027 293 1198 349 copiose
1236 292 1350 333 licet.
1390 308 1487 333 nam
1526 305 1569 335 et

131 355 204 408 qui
240 370 324 396 non
355 354 557 403 levantur,
597 353 677 407 ipsi
715 351 768 392 ad
806 351 1018 392 miseriam
1058 349 1258 391 invitant:
1290 357 1334 390 et
1368 349 1440 404 qui
1469 364 1568 390 suos

130 425 252 452 casus
271 411 391 451 aliter
420 410 574 460 ferunt,
597 418 636 440 24
650 417 777 464 atque
807 417 1000 450 auctores
1035 407 1127 447 aliis
1158 406 1236 461 ipsi
1268 406 1451 455 fuerunt,
1484 420 1568 446 non

131 476 229 508 sunt
248 466 495 516 vitiosiores,
517 480 644 521 quarn
671 465 759 506 fere
787 464 990 520 plerique,
1010 463 1084 519 qui
1111 462 1220 503 avari
1240 477 1398 512 avaros,
1418 461 1567 516 gloriae

128 523 305 578 cupidos
325 522 504 577 gloriosi
523 521 862 578 reprehendunt?
897 529 961 562 est
986 521 1097 561 enim
1120 520 1337 574 proprium
1359 518 1566 569 stultitiae,

129 579 308 619 aliorum
328 579 428 620 vitia
456 594 639 628 cernere,
671 578 859 619 oblivisci
890 592 1080 618 suorum.
1140 576 1224 617 Sed
1255 575 1451 616 nimirum
1483 575 1566 616 hoc
1579 578 1630 618 74

127 631 359 676 maximum
386 644 450 676 est
477 636 823 691 experimentum,
854 649 949 675 cum
983 642 1148 674 constet
1179 632 1473 687 aegritudinem
1495 645 1565 673 ve-

129 700 284 732 tustate
315 691 422 743 tolli,
453 692 561 733 hanc
591 693 674 733 vim
709 707 792 733 non
829 706 918 732 esse
952 691 993 731 in
1029 690 1098 731 die
1135 690 1332 744 positam,
1370 688 1444 728 sed
1475 688 1568 728 2⁵in

126 747 387 802 cogitatione
409 749 619 790 diuturna.
651 763 747 789 nam
779 748 813 788 si
841 758 885 789 et
913 747 1058 788 eadem
1094 760 1158 787 res
1187 756 1265 796 est,
1297 754 1340 786 et
1369 745 1483 785 idem
1505 754 1570 786 est

126 803 284 846 homo:
318 804 390 861 qui
412 814 550 861 potest
577 805 807 861 quidquam
836 803 890 844 de
919 804 1068 857 dolore
1099 803 1266 853 mutari,
1297 803 1331 842 si
1361 816 1496 858 neque
1517 800 1571 842 de

122 874 189 911 e0,
217 871 388 917 propter
413 862 528 917 quod
561 862 692 913 dolet,
726 861 958 917 quidquam
992 855 1060 900 est¹
1085 868 1314 909 mutatum,
1350 873 1486 914 neque
1517 858 1571 899 de

123 931 189 967 eo,
213 918 285 973 qui
305 918 450 959 dolet?
482 919 688 973 cogitatio
708 918 839 973 igitur
858 917 1069 967 diuturna,
1091 916 1195 956 nihil
1216 929 1306 956 esse
1327 915 1365 955 in
1387 930 1430 955 re
1451 914 1567 965 mali,

124 973 261 1015 dolori
296 975 502 1026 medetur,
537 990 620 1015 non
661 975 752 1030 ipsa
789 973 1055 1015 diuturnitas.
1117 972 1202 1013 Hic
1243 971 1349 1012 mihi
1388 969 1647 1017 afferuntssl

123 1030 448 1072 mediocritates.
471 1047 564 1087 quae
595 1031 628 1072 si
657 1030 866 1072 naturales
895 1040 1006 1080 sunt,
1035 1028 1136 1085 quid
1162 1042 1269 1084 opus
1289 1036 1352 1068 est
1373 1028 1568 1069 consola-

124 1086 269 1128 tione?
302 1096 450 1129 natura
470 1088 582 1129 enim
608 1088 698 1143 ipsa
727 1086 970 1128 terminabit
1004 1085 1196 1127 modum.
1228 1084 1291 1125 sin
1322 1084 1570 1139 opinabiles,

124 1143 268 1199 opinio
290 1153 380 1186 tota
401 1145 587 1185 tollatur.
610 1145 709 1185 satis
730 1144 892 1185 dictum
921 1157 1011 1184 esse
1041 1143 1234 1191 arbitror,
1257 1141 1570 1196 aegritudinem,

123 1213 212 1240 esse
233 1201 477 1256 opinionem
511 1202 612 1242 mali
641 1200 874 1257 praesentis,
905 1200 947 1240 in
978 1214 1061 1256 qua
1090 1198 1290 1254 opinione
1321 1197 1426 1238 illud
1456 1198 1570 1248 insit,

126 1267 172 1297 ut
193 1257 489 1312 aegritudinem
511 1258 722 1313 suscipere
743 1265 951 1313 oporteat.

179 1313 366 1355 Additur
401 1314 454 1354 ad
492 1314 599 1355 hanc
645 1314 932 1355 definitionem
973 1327 997 1353 a
1036 1313 1209 1353 Zenone
1247 1321 1376 1362 recte,
1416 1320 1462 1352 ut
1499 1312 1632 1359 illa75

124 1370 267 1425 opinio
286 1370 505 1425 praesentis
535 1370 636 1411 mali
667 1371 721 1411 sit
750 1384 907 1411 recens.
940 1369 1022 1409 hoc
1051 1378 1194 1409 autem
1226 1369 1400 1410 verbum
1427 1369 1485 1410 sic
1508 1369 1572 1409 in-

122 1434 389 1481 terpretatur,
404 1436 451 1467 ut
472 1441 557 1467 non
578 1435 742 1467 tantum
764 1425 869 1467 illud
890 1439 1033 1466 recens
1051 1439 1142 1466 esse
1163 1425 1273 1476 velit,
1291 1425 1409 1481 quod
1427 1425 1571 1480 paullo

121 1492 220 1523 ante
239 1482 454 1532 acciderit,
475 1483 561 1533 sed,
591 1498 719 1538 quam
742 1483 815 1523 diu
846 1482 887 1522 in
918 1482 991 1523 illo
1022 1482 1197 1536 opinato
1229 1482 1343 1522 malo
1373 1481 1432 1522 vis
1453 1497 1572 1538 quae-

123 1538 221 1579 dam
250 1539 362 1589 insit,
394 1545 434 1571 26
449 1548 491 1580 et
521 1539 673 1594 vigeat,
704 1548 747 1580 et
778 1538 932 1579 habeat
953 1537 1166 1593 quandam
1192 1537 1461 1588 viriditatem,
1482 1547 1570 1580 tam

122 1595 196 1636 diu
230 1596 468 1651 appelletur
502 1610 672 1636 recens:
717 1605 767 1637 ut
804 1594 1034 1636 Artemisia
1066 1594 1153 1645 illa,
1193 1594 1398 1645 Mausoli,
1432 1595 1570 1638 Cariae

122 1652 246 1707 regis,
269 1667 404 1703 uxor3
436 1667 530 1708 quae
560 1652 703 1693 nobile
730 1651 836 1693 illud
866 1651 1153 1692 Halicarnassi
1184 1650 1284 1692 fecit
1314 1651 1570 1707 sepulcrum.

122 1708 325 1764 quamdiu
344 1709 457 1759 vixit,
478 1708 579 1749 vixit
599 1709 641 1749 in
660 1709 795 1760 luctu,
824 1708 1061 1763 eodemque
1092 1707 1220 1748 etiarn
1252 1709 1446 1749 confecta
1465 1723 1568 1749 con-

122 1765 273 1806 tabuit.
296 1765 395 1806 huic
416 1774 505 1806 erat
524 1765 596 1806 illa
616 1766 761 1821 opinio
794 1765 986 1821 quotidie
1016 1779 1160 1805 recens
1180 1781 1189 1805 ε
1221 1779 1316 1820 quae
1339 1771 1431 1806 tum
1451 1765 1570 1806 deni-

121 1835 203 1877 que
225 1829 262 1858 27
280 1836 364 1862 non
384 1821 619 1877 appellatur
641 1837 797 1873 recens,
819 1836 917 1863 cum
935 1829 1143 1862 vetustate
1162 1821 1338 1862 exaruit.

178 1879 287 1919 Haec
308 1878 437 1933 igitur
455 1878 593 1919 officia
617 1888 714 1919 sunt
745 1877 1070 1928 consolantium,
1091 1877 1241 1918 tollere
1264 1877 1562 1934 aegritudinem
1575 1894 1608 1924 p.
1623 1890 1696 1920 207.

121 1934 326 1984 funditus,
365 1943 440 1976 aut
473 1934 632 1985 sedare,
669 1944 742 1976 aut
775 1934 999 1975 detrahere
1033 1949 1161 1990 quam
1202 1934 1449 1990 plurimum,
1490 1938 1604 1978 auta·

120 1991 395 2046 supprimere,
426 2005 504 2032 nec
537 1991 623 2047 pati
649 2006 819 2032 manare
850 1991 1035 2046 longius,
1056 2000 1094 2023 28
1107 1999 1179 2031 aut
1200 1990 1254 2031 ad
1274 1991 1355 2032 alia
1376 2001 1563 2033 mentem

119 2048 355 2088 traducere.
417 2048 539 2097 Sunt,
578 2048 650 2103 qui
687 2063 819 2089 unum
867 2047 1052 2088 officium
1100 2047 1357 2089 consolantis
1397 2057 1564 2103 putent,
1576 2055 1630 2101 76

118 2104 278 2146 malum
299 2103 403 2144 illud
425 2104 600 2145 omnino
623 2119 707 2145 non
736 2118 840 2152 esse,
873 2113 922 2145 ut
954 2103 1151 2144 Cleanthi
1182 2105 1334 2159 placet.
1356 2114 1468 2156 sunt,
1491 2107 1565 2161 qui

118 2175 202 2202 non
233 2175 439 2216 magnum
473 2160 649 2212 malum,
680 2170 728 2202 ut
757 2160 1036 2216 Peripatetici.
1060 2169 1100 2194 29
1114 2170 1227 2211 sunt,
1255 2161 1328 2218 qui
1349 2161 1566 2204 abducant

161 2259 201 2283 24
224 2258 313 2293 atque
334 2258 367 2280 ut
389 2249 531 2291 auctores]
559 2253 644 2282 Bene
667 2252 818 2282 Davisius

119 2295 235 2325 delevit
249 2302 292 2324 ut.
310 2304 386 2324 nam
404 2304 468 2324 non
492 2295 572 2326 solet
588 2297 621 2325 in
638 2296 699 2325 hac
715 2295 819 2325 forma

120 2338 204 2368 addi.

162 2387 201 2412 25
225 2380 255 2409 in
287 2379 458 2420 cogitatIone
494 2379 647 2418 diuturna]
682 2380 772 2410 Male
801 2390 820 2410 a

120 2423 257 2453 Grutero
271 2424 393 2454 editum
405 2430 452 2454 est
460 2423 577 2459 diurna,
595 2425 671 2461 quia
688 2424 720 2453 in
737 2424 818 2454 Mss.

119 2472 284 2505 repererat,
311 2473 347 2496 ut
376 2473 423 2497 est
448 2473 479 2496 et
507 2467 539 2496 in
567 2466 631 2496 Gu.
659 2474 774 2497 natum
802 2476 820 2496 e

119 2510 322 2549 compendio.
346 2510 427 2540 bene
457 2509 537 2539 illud
564 2510 696 2539 reddidit
722 2510 819 2540 Davi-

120 2552 197 2582 sius.
222 2552 267 2582 sic
293 2558 324 2581 et
350 2552 458 2591 paullo
484 2558 554 2592 post
579 2559 638 2590 est,
668 2559 699 2583 et
728 2563 819 2584 com-

121 2601 317 2625 memoratur
332 2594 521 2625 diuturnitas.

164 2642 203 2668 26
226 2644 254 2666 et
269 2636 384 2676 vigeat]
404 2638 552 2668 Davisius
567 2644 600 2667 ut
615 2649 648 2667 v.

164 2685 201 2714 27
225 2690 278 2708 non
293 2679 498 2720 appellabatur
520 2680 626 2720 recens]
653 2681 728 2710 Non
752 2680 818 2720 pla-

121 2729 182 2752 cet.
211 2723 336 2753 deberet
364 2723 453 2762 sequi
484 2722 651 2753 exaruisset.
699 2724 819 2762 Legen-

121 2765 201 2795 dum
229 2765 438 2804 appellabitur,
468 2765 531 2801 vel,
563 2772 598 2796 ut
623 2773 670 2797 est
694 2767 726 2797 in
754 2767 819 2797 Ms.

124 2806 199 2838 Bak.
215 2816 265 2847 ap.
281 2808 389 2839 Davis.
405 2815 437 2839 et
459 2809 544 2839 Leid.
567 2818 618 2849 ap.
641 2809 819 2840 Ruherium

862 2250 1030 2291 appellatur
1044 2263 1054 2281 :
1078 2262 1124 2282 res
1147 2253 1236 2283 enim
1259 2255 1393 2292 pertinet
1409 2255 1447 2285 ad
1463 2265 1564 2294 genus

862 2296 1061 2325 universum.
1108 2295 1264 2326 Buherius
1289 2298 1412 2335 praefert
1428 2298 1501 2328 hoc.
1518 2299 1562 2329 nil

865 2338 1004 2373 interest,
1038 2338 1097 2368 nisi
1128 2339 1214 2377 quod
1241 2340 1273 2369 in
1305 2339 1359 2369 illo
1389 2340 1563 2379 legendum

862 2381 960 2410 etiam
974 2381 1097 2411 videtur
1114 2381 1273 2411 exaruerit.
1299 2382 1405 2422 itaque
1421 2384 1484 2422 ipse
1502 2385 1564 2415 hoe

862 2423 998 2462 praetuli.
1046 2424 1175 2454 Librarii
1216 2431 1377 2464 putavere,
1417 2437 1484 2458 rem
1524 2429 1561 2458 ad

863 2466 951 2497 illam
983 2467 1196 2497 narrationem
1228 2468 1266 2497 de
1296 2469 1466 2499 Artemisia
1495 2481 1564 2510 per-

863 2511 973 2540 tinere.
989 2511 1095 2549 itaque
1111 2520 1149 2539 ex
1167 2520 1204 2540 eo
1221 2511 1322 2541 fecere-
1332 2512 1549 2551 appellabatur.

908 2559 946 2582 28
971 2560 1022 2582 aut
1060 2553 1100 2581 ad
1134 2553 1226 2583 aliam
1266 2554 1429 2595 traducere]
1470 2556 1563 2586 aliam

862 2605 975 2626 verum
991 2606 1134 2626 essenon
1147 2604 1258 2636 potest.
1282 2597 1430 2629 Davisius
1447 2609 1464 2628 e
1481 2600 1562 2631 Mss-

862 2639 948 2668 dedit
968 2638 1054 2668 alia:
1089 2641 1143 2669 sed
1173 2647 1204 2669 et
1232 2641 1279 2670 sic
1309 2640 1427 2680 aliquid
1457 2643 1564 2672 deesse

862 2681 1009 2712 videtur:
1034 2691 1074 2712 an
1098 2682 1248 2712 mentem?
1270 2685 1355 2723 quod
1386 2691 1416 2714 et
1440 2686 1472 2714 in
1498 2686 1564 2723 Gu-

863 2730 909 2754 est
923 2725 977 2755 sed
993 2735 1070 2755 cum
1087 2725 1134 2755 ab.

906 2775 948 2800 29
970 2775 1035 2797 sunt
1065 2768 1116 2810 qui
1150 2767 1309 2808 abducant]
1343 2769 1448 2808 Vulgo
1479 2770 1563 2801 male

863 2809 1022 2850 abducunt,
1047 2811 1123 2842 item
1146 2811 1256 2852 paullo
1278 2819 1348 2852 post
1364 2818 1469 2851 putent
1491 2813 1561 2844 dedi

859 2863 945 2904 14
