1778 3095
224 155 305 194 516
677 152 755 191 DE
795 151 1222 191 DIVINATIONE

279 270 311 302 et
325 277 347 302 a
365 272 502 301 natura.
558 264 683 301 Fatum
702 275 769 300 esse
787 276 850 300 non
868 261 916 306 id,
935 261 1022 314 quod
1037 261 1267 313 superstitiose,
1285 259 1345 298 scd
1354 259 1488 311 physice
1504 258 1652 306 dicatur,

281 317 519 367 colligationem
538 316 708 367 quandam
729 329 909 353 causarum
925 332 935 361 3
964 329 1065 366 quam
1092 316 1150 366 qui
1171 316 1348 364 perspiciat
1373 315 1494 358 animo,
1512 314 1540 350 is
1552 314 1658 365 possit

269 372 401 421 futura
420 372 528 408 omnia
547 380 676 407 tenere:
702 369 793 421 quod
815 383 889 406 cum
916 382 1004 406 nemo
1026 378 1151 419 praeter
1173 369 1281 405 Deum
1288 368 1408 416 facere
1421 367 1538 418 possit,
1558 367 1659 403 relin-

283 424 447 476 quendum
474 436 539 461 esse
568 423 702 467 homini,
733 432 771 459 ut
799 422 903 472 signis
930 422 1145 472 quibusdam,
1173 421 1395 472 consequentia
1414 431 1446 457 et
1457 421 1604 469 futura,
1623 419 1658 455 in

283 479 394 515 causis
413 487 583 528 tamquam
602 477 636 513 in
654 475 824 514 seminibus
850 475 995 517 condita,
1022 474 1271 511 declarantibus
1294 475 1501 525 praesentiat.
1557 471 1664 520 Qud

284 530 334 568 ad
351 540 509 568 naturam
528 531 686 574 attineat,
703 537 866 572 constare,
883 537 1014 578 quanta
1033 528 1077 564 sit
1105 528 1207 565 animi
1232 528 1287 566 vis
1313 528 1461 575 sejuncta
1481 539 1503 563 a
1521 526 1662 576 corporis

285 584 449 629 sensibus,
478 597 547 635 qua
562 583 650 629 fiat,
680 591 718 619 ut
749 582 853 619 animi
882 581 1045 617 hominum
1076 594 1149 617 cum
1179 591 1241 618 aut
1273 595 1381 618 somno
1409 580 1507 617 soluti
1540 587 1663 616 vacent

287 648 426 688 corpore,
445 647 507 674 aut
533 650 594 674 sua
621 645 731 686 sponte
745 635 869 682 furore
895 633 1039 683 quodam
1066 634 1202 684 correpti
1228 644 1438 679 moveantur,
1457 640 1593 670 cernant
1610 644 1663 673 ea,

289 704 366 741 quae
383 689 567 741 corporibus
579 688 739 739 permixti
757 686 873 724 ‘videre
891 700 953 722 non
967 686 1105 737 possint.
1124 700 1153 724 c.
1174 693 1237 724 55.
1256 701 1285 725 s.

195 782 222 829 1
238 769 457 839 VETUS
489 795 632 852 opinio
659 803 737 844 est,
756 794 848 850 jam
875 808 1011 849 usque
1038 793 1091 834 ab
1116 792 1296 834 heroicis
1317 794 1444 836 ducta
1465 792 1668 849 tempori·

204 855 331 907 1bus,
362 868 495 909 eaque
524 862 568 893 et
595 850 742 907 populi
773 851 952 901 Romani
981 859 1023 891 et
1061 850 1251 890 omnium
1281 851 1472 905 gentium
1504 851 1666 891 firmata

236 925 460 960 consensu,
479 908 630 950 versari
645 907 854 963 quandam
877 907 985 948 inter
1002 906 1194 947 homines
1213 906 1523 956 divinationem,
1539 920 1666 954 quam

238 967 380 1009 Graeci
404 967 578 1018 μαντικὴν
603 964 830 1020 appellant,
850 963 894 1004 id
921 971 997 1014 est,
1017 963 1357 1018 praesensionem,
1379 971 1422 1003 et
1448 962 1666 1003 scientiam

235 1038 378 1065 rerum
409 1022 660 1063 futurarum.
732 1029 745 1052 1
765 1020 997 1076 Magnifica
1026 1019 1195 1075 quidem
1226 1034 1305 1070 res,
1325 1028 1368 1060 et
1397 1018 1604 1067 salutaris,
1633 1017 1668 1058 si

237 1078 369 1121 modo
400 1087 464 1120 est
497 1078 613 1120 ulla:
658 1086 675 1109 2
693 1091 858 1134 quaque
893 1076 1083 1132 proxime
1116 1076 1168 1117 ad
1199 1075 1374 1117 deorum
1405 1075 1488 1116 vim
1521 1083 1670 1116 natura

238 1135 428 1178 mortalis
449 1135 583 1190 possit
602 1135 815 1176 accedere.
876 1134 1026 1188 Itaque
1056 1140 1104 1173 ut
1131 1132 1213 1173 alia
1238 1147 1314 1174 nos
1342 1132 1492 1173 melius
1518 1129 1667 1181 multa,

238 1207 368 1249 quam
406 1192 560 1243 Graeci,
595 1192 654 1233 sic
688 1191 786 1232 huic
822 1189 1164 1245 praestantissime
1200 1189 1258 1230 rei
1294 1202 1447 1229 nomen
1478 1186 1611 1229 nostri
1645 1200 1671 1227 a

238 1250 358 1300 divis,
389 1256 406 1280 3
428 1248 583 1298 Graeci,
621 1256 669 1289 ut
707 1247 825 1289 Plato
865 1246 1175 1301 interpretatur,
1213 1260 1239 1286 a
1270 1246 1410 1286 furore
1447 1244 1668 1285 duxerunt.

201 1307 420 1347 2Gente1n
453 1304 625 1360 quidem
655 1303 815 1345 nullam
843 1302 965 1344 video
995 1316 1130 1358 neque
1161 1311 1247 1343 tam
1278 1302 1503 1343 humanam
1544 1309 1670 1355 atque

237 1362 424 1412 doctam,
454 1375 590 1417 neque
619 1370 706 1401 tam
735 1361 964 1401 immanem
994 1368 1166 1414 tamque
1196 1358 1431 1409 barbaram,
1461 1372 1556 1413 quae
1585 1370 1670 1397 non

238 1418 464 1474 significari
491 1418 651 1467 futura,
672 1426 715 1458 et
735 1432 760 1458 a
781 1415 1032 1473 quibusdam
1055 1415 1250 1471 intelligi,
1272 1414 1527 1470 praedicique
1546 1426 1670 1469 posse

237 1484 422 1517 censeat.
481 1474 691 1530 Principio
710 1473 889 1530 Assyrii,
910 1481 958 1514 ut
983 1472 1035 1513 ab
1057 1472 1216 1514 ultimis
1236 1471 1529 1513 auctoritatem
1548 1483 1670 1525 repe-

239 1541 342 1582 tam,
371 1541 544 1587 propter
582 1531 814 1586 planitiem,
845 1528 1265 1585 magnitudinemque
1300 1528 1537 1583 regionum,
1567 1540 1671 1582 quas

237 1588 494 1639 incolebant,
514 1603 613 1629 cum
635 1587 786 1628 caelum
807 1601 857 1627 ex
877 1585 994 1627 omni
1013 1595 1131 1641 parte
1152 1595 1314 1641 patens,
1335 1593 1459 1640 atque
1480 1592 1671 1639 apertum

236 1645 513 1695 intuerentur,
551 1644 819 1700 trajectiones
865 1651 1092 1697 motusque
1131 1641 1346 1682 stellarum
1388 1649 1406 1672 4
1428 1641 1672 1681 observave-

236 1711 363 1743 runt:
393 1700 546 1757 quibus
577 1701 748 1751 notatis,
783 1698 885 1755 quid
920 1698 1072 1753 cuique
1104 1698 1422 1753 significaretur,
1455 1695 1672 1737 memoriae

235 1757 526 1813 prodiderunt.
584 1758 683 1813 Qua
710 1756 751 1797 in
787 1755 956 1796 natione
988 1753 1196 1804 Chaldaei,
1218 1769 1304 1794 non
1322 1768 1371 1794 ex
1392 1753 1507 1802 artis,
1528 1751 1600 1793 sed
1620 1765 1671 1792 ex

235 1815 376 1869 gentis
412 1813 618 1855 vocabulo
648 1811 867 1863 nominati,
903 1811 1100 1852 diuturna
1140 1810 1431 1851 observatione
1470 1807 1671 1858 siderum,

238 1871 456 1912 scientiam
481 1878 681 1925 putantur
711 1868 912 1917 effecisse,
934 1874 980 1908 ut
1006 1866 1178 1922 praedici
1210 1876 1368 1922 posset,
1399 1864 1501 1921 quid
1520 1865 1672 1920 cuique

194 1936 227 1967 b.
239 1936 500 1976 eventurum,
517 1937 560 1968 et
580 1941 665 1982 quo
688 1925 866 1981 quisque
885 1924 973 1964 fato
992 1932 1115 1964 natus
1136 1932 1258 1964 esset.
1316 1922 1507 1963 Eandem
1536 1930 1671 1962 artem

239 1984 365 2025 etiam
415 1983 615 2040 AEgyptii
661 1981 970 2037 longinquitate
1017 1988 1260 2034 temporum
1297 1977 1674 2020 innumerabilibus

236 2054 358 2097 paene
381 2040 544 2081 saeculis
574 2038 790 2081 consecuti
819 2045 1033 2093 putantur.
1094 2035 1276 2078 Cilicum
1308 2044 1466 2086 autem,
1496 2043 1538 2075 et
1569 2033 1673 2074 Pisi-

238 2096 387 2138 darum
418 2111 538 2152 genS,
573 2105 616 2137 et
645 2095 710 2137 his
743 2094 919 2136 finitima
951 2092 1212 2149 Pamphylia,
1246 2092 1398 2149 quibus
1434 2090 1674 2132 nationibus

238 2153 485 2209 praefuimus
515 2153 609 2208 ipsi,
628 2152 838 2193 volatibus
868 2150 1022 2201 avium,
1053 2149 1344 2205 cantibusque,
1383 2157 1463 2190 sut
1491 2146 1673 2189 certissi-

202 2209 225 2242 3
240 2210 319 2251 mis
341 2210 486 2265 signis,
507 2209 709 2250 declarari
730 2222 793 2249 res
814 2207 975 2248 futuras
1004 2214 1168 2261 putant.
1227 2207 1367 2262 Quam
1387 2219 1486 2246 vero
1508 2202 1675 2245 Graecia

237 2266 448 2308 coloniam
484 2266 600 2307 misit
630 2266 672 2306 in
704 2264 907 2314 AEoliam,
939 2263 1123 2313 Joniam,
1154 2262 1317 2313 Asiam,
1351 2261 1551 2310 Siciliam,
1586 2260 1673 2299 Ita-

236 2322 338 2366 liam
371 2323 458 2364 sine
492 2323 657 2379 Pythio,
692 2330 767 2364 aut
798 2320 1038 2372 Dodonaeo,
1069 2327 1142 2360 aut
1176 2319 1433 2360 Hammonis
1467 2315 1670 2358 oraculo?

284 2454 300 2478 1
326 2446 494 2486 Magnfflca
531 2446 646 2487 quidem
683 2443 743 2486 res]
774 2444 826 2474 Sic
857 2443 937 2474 MSS.
1023 2449 1041 2473 3
1061 2439 1348 2482 Graeci—asaron]
1362 2441 1489 2472 Dicitur
1503 2441 1673 2477 enimam-

238 2490 357 2530 plures,
375 2490 490 2519 melius
507 2498 606 2527 quarn
622 2489 716 2519 ceteri
732 2494 763 2517 et
778 2488 848 2517 edd.
864 2496 936 2525 quae
980 2485 1045 2516 τικὴ
1062 2495 1080 2515 a
1093 2484 1259 2522 μαίνεσθαι.

238 2531 358 2562 habent
382 2532 527 2573 quaedam.
550 2532 624 2562 alibi
652 2532 760 2561 Cicero
782 2529 936 2568 simplici·
1023 2536 1042 2558 4
1065 2524 1308 2566 observaverunt]
1327 2526 1504 2556 Davisiuse
1518 2525 1674 2556 Mss.edi-

238 2582 285 2604 ter
301 2575 376 2604 dicit
399 2585 504 2612 magna
527 2585 568 2602 res
586 2575 645 2604 ἃς.
669 2581 704 2603 ut
720 2575 752 2604 in
771 2573 804 2602 L.
821 2572 880 2602 111.
896 2573 934 2601 de
978 2571 1022 2600 dit
1045 2570 1321 2599 observitaverunt:
1345 2570 1389 2598 sic
1413 2576 1443 2598 et
1470 2568 1533 2599 Ms.
1564 2568 1672 2607 Guelf-

238 2617 314 2649 Nat.
331 2618 371 2647 D.
390 2623 420 2646 et
435 2616 520 2646 alibi.
979 2622 1044 2642 non
1060 2622 1156 2642 ausus
1171 2622 1244 2642 sum
1262 2612 1291 2640 id
1309 2613 1454 2650 recipere,
1472 2612 1548 2650 quia
1563 2612 1593 2642 id
1605 2621 1674 2641 ver·-

282 2668 300 2690 2
325 2670 439 2700 quaque
450 2657 711 2697 proxime—possit
725 2653 871 2695 accedere]
884 2655 936 2685 Sic
979 2655 1058 2685 bum
1082 2655 1230 2693 nuspiam
1254 2662 1443 2693 usurpatum
1468 2655 1575 2693 reperi.
1592 2654 1672 2687 infra

238 2712 401 2733 correxere
416 2701 494 2731 olim
510 2702 566 2730 viri
583 2700 664 2730 docti
680 2711 689 2730 ;
706 2701 751 2729 sic
767 2706 797 2728 et
813 2699 845 2728 in
862 2708 935 2728 meo
979 2707 1006 2729 c.
1024 2704 1074 2728 45.
1091 2698 1204 2737 pariter
1218 2707 1235 2726 e
1251 2697 1329 2727 Mss.
1346 2697 1537 2738 quibusdam
1549 2696 1672 2730 editum

238 2745 388 2784 exemplo
403 2745 451 2774 ed.
468 2745 546 2773 Ven.
566 2750 656 2776 1494.
673 2743 807 2772 correxit
820 2750 935 2771 manus
979 2747 1036 2772 est.

238 2789 341 2818 docta.
366 2788 496 2817 totidem
518 2786 613 2817 literis
633 2786 677 2815 sic
699 2786 792 2815 estin
810 2785 858 2814 ed.
875 2785 933 2814 As—
1021 2790 1036 2813 5
1061 2788 1093 2811 ut
1109 2781 1273 2812 certissimis
1291 2780 1392 2822 signis]
1420 2781 1578 2811 auaedam
1601 2781 1671 2812 edd.

238 2831 337 2861 censii
353 2840 398 2870 pr.
415 2829 520 2868 Vulgo
533 2837 590 2867 est,
607 2827 870 2871 quaequeproxima
882 2838 934 2857 na-
976 2826 1110 2856 omisere
1126 2831 1170 2861 ut,
1186 2826 1271 2863 quod
1287 2826 1357 2857 edd.
1374 2834 1420 2864 pr.
1436 2824 1565 2856 habent.
1584 2824 1672 2855 teeti-

239 2881 306 2904 tura
320 2872 438 2903 mortali
453 2874 514 2903 &c-
669 2884 672 2885 ’
977 2870 1038 2908 tuit
1053 2868 1210 2899 Davisius.
1625 2867 1630 2871 '
