1768 3095
183 118 256 156 136
485 121 557 158 DE
585 121 743 158 FINIB.
763 120 961 159 BONOR.
982 122 1050 159 ET
1079 119 1285 158 MALOR.

132 229 165 261 b·
178 224 236 266 dii
257 226 514 269 immortales
535 228 543 269 !
577 243 676 270 cum
709 243 855 270 omnes
876 237 990 271 artus
1010 228 1154 270 ardere
1175 228 1424 277 viderentur,
1444 224 1605 267 crucia-

179 290 244 323 tus
276 284 510 339 perferebat
528 287 541 326 ?
575 301 652 327 nec
673 295 813 327 tamen
833 287 957 327 miser
975 300 1077 336 esse,
1099 285 1195 341 quia
1215 298 1427 327 summum
1448 282 1489 323 id
1510 297 1600 323 ma-

177 338 266 380 lum
288 355 370 381 non
399 350 516 383 erat:
546 343 843 384 tantummodo
871 342 1106 383 laboriosus
1132 342 1365 383 videbatur.
1390 349 1433 380 at
1461 339 1600 388 miser,

94 389 166 444 29
178 395 210 435 si
237 395 278 436 in
307 398 466 449 vitiosa,
495 407 538 439 et
557 399 767 454 flagitiosa
793 400 875 440 vita
900 398 1086 440 afflueret
1114 399 1413 454 voluptatibus.
1471 394 1601 438 Quod

111 462 318 505 94autem
353 469 554 511 magnum
587 455 777 496 dolorem
809 456 993 504 brevem,
1026 455 1307 510 longinquum
1340 455 1473 495 levem
1509 465 1600 493 esse

173 508 336 551 dicitis:
368 511 409 551 id
441 527 525 553 non
556 511 763 566 intelligo,
794 512 916 567 quale
947 513 1014 553 sit.
1048 511 1165 551 video
1196 512 1307 552 enim
1339 519 1381 551 et
1405 523 1600 564 magnos,

171 575 215 606 et
245 566 414 608 eosdem
446 569 552 609 bene
582 568 835 623 longinquos
866 568 1057 608 dolores:
1090 582 1269 623 quorum
1301 567 1382 608 alia
1405 564 1601 607 toleratio

171 631 235 662 est
262 623 395 664 verior
411 640 423 674 3
454 640 538 680 qua
565 625 628 665 uti
658 638 728 664 vos
757 639 838 664 non
869 624 1060 679 potestis,
1080 625 1153 679 qui
1182 623 1443 664 honestatem
1464 623 1598 678 ipsam

170 691 246 734 per
273 694 315 721 se
337 695 421 721 non
443 681 605 722 amatis.
667 680 938 721 Fortitudinis
966 680 1160 737 quaedam
1186 688 1394 735 praecepta
1420 688 1532 729 sunt,
1552 692 1601 719 ac

170 748 289 791 paene
319 736 449 792 leges,
471 752 564 793 quae
600 736 843 778 effaeminari
874 737 1007 778 virum
1033 746 1172 778 vetant
1200 736 1240 777 in
1266 735 1425 777 dolore.
1448 749 1599 791 quam-

168 791 316 833 obrem
340 802 459 850 turpe
489 793 723 848 putandum
744 802 823 845 est,
844 809 928 835 non
948 793 1044 835 dico
1066 793 1209 835 dolere
1233 795 1347 847 (nam
1368 791 1409 832 id
1429 790 1599 847 quidem

167 856 231 888 est
267 849 477 890 interdum
513 852 696 899 necesse)
736 849 808 890 sed
844 865 989 892 saxum
1021 850 1125 892 illud
1161 849 1386 891 Lemnium
1415 849 1599 889 clamore

170 903 443 947 Philoctetaeo
465 906 697 948 funestare:

278 985 378 1036 Quod
392 986 535 1034 ejulatu,
556 996 685 1037 questu,
698 986 840 1036 gemitu,
846 986 1045 1035 fremitibus

273 1039 468 1077 Resonando
490 1045 528 1070 68
543 1049 683 1083 mutum,
691 1039 825 1088 flebiles
843 1054 939 1077 voces
958 1041 1070 1088 refert.

166 1111 281 1153 Huic
303 1112 510 1168 Epicurus
532 1121 750 1168 comparet
771 1127 831 1163 se,
853 1112 887 1153 si
908 1122 1072 1169 potest:

275 1193 339 1231 Cui
357 1194 505 1244 viperino
525 1208 632 1230 morsu
650 1208 750 1230 venae
768 1194 934 1230 viscerum

274 1248 396 1284 VEneno
414 1247 555 1283 imbutae
574 1257 687 1284 taetros
707 1247 876 1283 cruciatus
895 1247 991 1283 cient.

163 1320 229 1361 Sit
264 1321 470 1376 Epicurus
507 1321 766 1363 Philocteta:
799 1322 833 1363 si
863 1322 999 1378 gravis
1037 1321 1173 1372 dolor,
1208 1321 1359 1363 brevis.
1416 1321 1478 1362 At
1505 1319 1597 1377 jam

99 1379 148 1422 95
163 1376 377 1418 decimum
413 1392 571 1419 annum
602 1379 644 1419 in
679 1379 879 1434 spelunca
905 1378 1034 1435 jacet.
1094 1379 1138 1420 Si
1174 1379 1344 1434 longus,
1379 1378 1493 1419 levis.
1526 1378 1599 1419 dat

161 1433 273 1475 enim
295 1434 526 1486 intervalla,
546 1443 589 1476 et
608 1435 780 1477 relaxat.
840 1436 1026 1476 Primum
1050 1450 1133 1476 non
1162 1448 1297 1491 saepe:
1330 1435 1479 1476 deinde
1501 1450 1595 1491 quae

160 1499 225 1531 est
254 1491 335 1532 ista
365 1491 580 1543 relaxatio,
612 1507 709 1533 cum
739 1500 781 1533 et
811 1492 1011 1547 praeteriti
1037 1491 1194 1533 doloris
1216 1492 1432 1542 memoria,
1453 1505 1596 1532 recens

160 1556 251 1598 est3
282 1556 326 1588 et
352 1548 497 1599 futuri,
528 1558 657 1603 atque
687 1548 965 1604 impendentis
987 1556 1156 1603 torquet
1174 1548 1333 1589 timor?
1368 1547 1595 1599 Moriatur,

160 1604 310 1660 inquit.
371 1606 565 1645 Fortasse
585 1605 627 1645 id
648 1605 871 1660 optimum,
895 1604 968 1645 sed
989 1605 1059 1645 ubi
1079 1604 1196 1655 illud,
1220 1603 1316 1645 Plus
1337 1618 1502 1659 semper
1521 1619 1595 1645 vo-

160 1660 365 1716 luptatis?
398 1661 431 1702 si
464 1661 576 1702 enim
605 1662 662 1702 ita
693 1671 779 1703 est:
812 1661 903 1702 vide
932 1676 982 1701 ne
1012 1662 1173 1702 facinus
1201 1661 1344 1711 facias,
1365 1676 1463 1702 cum
1486 1661 1595 1702 mori

160 1717 352 1758 suadeas.
408 1719 550 1759 Potius
570 1732 673 1773 ergo
695 1717 763 1758 illa
785 1717 992 1767 dicantur,
1015 1726 1135 1772 turpe
1155 1732 1244 1758 esse
1264 1718 1350 1758 viro
1371 1717 1595 1769 debilitari,

161 1773 311 1815 dolore
331 1774 482 1829 frangi,
503 1775 791 1815 succumbere.
812 1789 908 1814 nam
932 1775 1009 1814 ista
1029 1784 1178 1824 vestra,
1200 1774 1243 1814 Si
1263 1775 1414 1829 gravis,
1436 1775 1593 1815 brevis:

162 1830 197 1871 si
228 1831 397 1885 longus,
427 1831 540 1881 levis,
574 1831 732 1872 dictata
765 1839 875 1872 sunt.
905 1831 1084 1880 virtutis,
1118 1830 1421 1885 magnitudinis
1451 1830 1595 1882 animi,

79 1877 151 1925 30
162 1888 390 1942 patientiae,
412 1887 669 1928 fortitudinis
696 1887 894 1929 fomentis
930 1886 1053 1927 dolor
1074 1887 1260 1942 mitigari
1280 1887 1401 1928 solet.
1461 1887 1594 1938 Audi,

97 1947 150 1992 96
163 1958 214 1984 ne
233 1943 361 1999 longe
379 1944 542 1995 abeam,
563 1944 745 1985 moriens
766 1943 866 1999 quid
888 1943 1000 1985 dicat
1019 1943 1248 1998 Epicurus:
1280 1950 1318 1977 69
1329 1952 1371 1984 et
1389 1943 1592 1999 intellige,

160 2000 272 2042 facta
306 2001 396 2056 ejus
429 2015 527 2041 cum
566 2000 688 2042 dictis
721 2000 971 2056 discrepare.
1030 2000 1236 2055 Epicurus
1272 1999 1515 2041 Hermacho
1549 2001 1592 2041 S.

54 2057 267 2099 p-ss-Cum
304 2072 527 2113 ageremus,
559 2057 710 2112 inquit,
744 2056 843 2098 vitae
878 2057 1052 2107 beatam,
1087 2063 1125 2096 et
1161 2057 1328 2097 eundem
1360 2066 1592 2111 supremam

121 2112 151 2134 ὃ·
161 2114 283 2165 diem,
312 2113 579 2155 scribebamus
612 2113 711 2154 lzoec.
742 2114 850 2154 tanti
880 2120 1012 2155 autem
1035 2112 1164 2154 morbi
1185 2113 1357 2154 aderant
1376 2112 1532 2163 vesicoe,
1554 2120 1593 2154 et

161 2169 372 2222 viscerum,
403 2178 443 2207 70
457 2177 503 2211 ut
533 2169 639 2211 nilzzl
666 2170 721 2211 ad
740 2185 874 2211 eorum
893 2169 1219 2227 magnitudinem
1236 2177 1370 2224 posset
1391 2169 1592 2211 accedere.

158 2229 269 2268 Ecce
299 2227 500 2268 miserum
528 2227 759 2277 hominem,
783 2227 815 2268 si
836 2227 973 2277 dolor,
996 2241 1208 2267 summum
1230 2227 1390 2269 malum
1411 2237 1489 2268 est.
1510 2226 1593 2267 dici

159 2284 279 2325 aliter
307 2299 391 2325 non
420 2293 574 2340 potest.
603 2283 675 2324 sed
703 2284 921 2325 audiamus
951 2284 1087 2339 ipsum
1110 2299 1119 2323 t
1154 2283 1499 2337 Compensahatur
1527 2290 1593 2323 ta-

160 2356 266 2390 men,
294 2341 445 2397 inquit,
475 2355 564 2381 cum
595 2339 656 2381 his
687 2340 866 2381 omnibus
895 2339 1024 2381 animi
1049 2339 1218 2390 lcetitia,
1239 2355 1362 2396 quam
1385 2339 1592 2395 capiebam

160 2397 352 2438 memoria
380 2397 598 2448 rationum,
628 2396 961 2453 inventorumque
984 2403 1226 2437 nostrorum.
1254 2397 1324 2437 sed
1343 2405 1401 2448 tu,
1422 2404 1467 2437 ut
1497 2397 1592 2453 dig-

161 2468 259 2495 num
290 2460 349 2495 est
379 2461 450 2495 tua
480 2468 577 2510 erga
602 2468 678 2503 me,
700 2460 739 2494 et
760 2468 857 2509 erga
875 2451 1176 2508 philosophiam
1194 2452 1404 2494 voluntate
1423 2453 1471 2494 ab
1492 2454 1589 2496 ado-

96 2506 148 2552 97
162 2509 375 2552 lescentulo
397 2517 596 2565 suscepta,
603 2509 686 2565 fac
705 2517 751 2550 ut
773 2509 1001 2552 Metrodori
1023 2517 1160 2550 tueare
1181 2508 1336 2551 liberos.
1383 2511 1486 2551 Non
1507 2525 1590 2567 ego

205 2630 243 2655 68
268 2624 390 2663 mutum]
415 2625 465 2655 Sic
488 2624 568 2653 bene
596 2624 675 2654 Mss.
702 2624 799 2655 palat.
825 2631 855 2654 et
941 2629 981 2657 69
1005 2631 1032 2652 et
1052 2622 1197 2663 intellige]
1215 2624 1273 2654 Pro
1289 2631 1319 2654 et
1342 2623 1508 2663 intelliges,
1525 2627 1589 2663 vel,

160 2667 223 2698 alii.
248 2668 297 2698 ed.
320 2677 366 2707 pr.
390 2668 470 2697 Ven.
492 2673 584 2698 1494,
599 2666 671 2696 Ald.
687 2667 769 2696 Vict.
786 2674 855 2707 post
897 2673 929 2695 ut
945 2666 1105 2706 intelligas,
1123 2674 1158 2696 ut
1173 2674 1203 2696 et
1218 2667 1313 2697 edidit
1329 2668 1487 2698 Davisius.

161 2711 284 2741 editum
315 2710 450 2746 multum,
474 2709 565 2739 nullo
587 2719 694 2740 sensu.
739 2710 853 2739 Saxum
941 2715 980 2744 70
1003 2716 1036 2739 ut
1058 2710 1135 2739 nihil
1150 2716 1244 2748 posset
1263 2709 1409 2749 accedere]
1427 2711 1523 2740 Posset
1537 2721 1590 2741 ve-

160 2762 271 2783 mutum
295 2754 385 2783 refert
407 2762 499 2783 voces
517 2751 638 2782 flebiles
653 2752 773 2789 ejulatu
791 2754 850 2783 &a
894 2762 966 2782 rum
983 2759 1040 2790 est,
1058 2763 1122 2784 non
1138 2753 1306 2793 vulgatum
1316 2754 1428 2793 possit:
1452 2763 1528 2785 nam
1544 2764 1590 2785 re·

158 2798 200 2828 cf.
223 2797 319 2827 Tusc.
342 2797 386 2833 11,
405 2802 453 2827 13.
470 2794 583 2835 Scalig.
600 2795 638 2825 ad
658 2795 744 2826 Varr.
761 2796 798 2826 de
815 2796 850 2826 L.
894 2796 990 2826 fertur
1004 2797 1042 2827 ad
1058 2803 1151 2826 erant.

159 2841 193 2872 L.
210 2850 240 2880 p.
257 2847 326 2871 10-2.
