1778 3095
172 140 250 182 472
558 137 633 175 DE
662 136 922 176 NATURA
951 137 1216 176 DEORUM

171 249 260 282 tem
296 240 510 297 trianguli,
543 257 668 298 quam
701 258 827 299 grues
857 244 1055 294 efficiunt,
1078 258 1127 284 ea
1158 251 1376 298 tamquam
1403 256 1433 283 a.
1456 244 1609 300 puppi,⁴

170 295 303 338 ventis
324 297 569 354 adjuvatur:
602 299 751 356 haeque
783 301 824 341 in
854 309 975 356 tergo
1006 300 1322 355 praevolantium
1343 299 1453 340 colla
1471 309 1514 341 et
1533 315 1603 342 ca·-

171 353 262 409 pita
293 364 515 410 reponunt.
547 356 663 412 quod
694 356 909 412 quiaipse
939 357 1023 398 dux
1053 357 1189 397 facere
1218 372 1301 397 non
1331 364 1484 410 potest,
1506 356 1606 412 quia

173 425 257 451 non
280 410 408 452 habet
437 412 511 453 ubi
542 414 712 464 nitatur,
732 414 902 464 revolat,
925 424 971 454 ut
993 415 1080 469 ipse
1103 428 1271 469 quoque
1293 413 1493 468 quiescat.
1554 413 1605 454 In

172 466 263 523 ejus
295 467 438 509 locum
477 469 665 511 succedit
695 485 744 511 ex
776 471 838 520 iis,
866 486 959 525 quae
986 471 1257 525 acquierunt:
1288 484 1418 525 caque
1449 469 1605 510 vicissi-

90 520 163 558 126
175 523 278 565 tudo
308 523 350 564 in
381 526 495 566 omni
525 541 650 567 cursu
680 537 957 567 conservatur.
1019 527 1160 567 Multa
1190 526 1401 583 ejusmodi
1422 525 1610 581 proferre

172 595 345 636 possum
366 598 375 622 ι
408 583 482 623 sed
510 597 644 638 genus
675 583 813 638 ipsum
839 583 1000 623 videtis.
1058 584 1153 623 Jam
1175 599 1270 624 vero
1290 583 1362 623 illa
1380 584 1507 623 etiam
1527 597 1605 637 noe

173 637 295 688 tiora,
319 649 477 694 quanto
499 654 541 679 se
562 653 686 694 opere
711 639 951 679 custodiant
971 639 1132 688 bestiae,
1152 649 1199 680 ut
1218 641 1259 681 in
1280 649 1402 694 pastu
1423 639 1603 680 circum-

175 703 380 748 spectent,
401 703 448 736 ut
478 695 518 735 in
551 695 762 735 cubilibus
794 695 1051 735 delitescant.
1110 696 1255 751 Atque
1285 696 1356 737 illa
1384 695 1606 736 mirabilia.

94 740 164 791 50
176 750 290 806 Quid
309 765 372 801 ea,
393 767 487 807 quae
509 765 656 806 nuper,
676 751 720 791 id
750 759 813 791 est
845 751 988 806 paucis
1019 760 1115 792 ante
1145 753 1323 802 saeculis,
1342 753 1612 793 medicorum

175 807 354 862 ingeniis
395 816 557 862 reperta
595 809 719 848 sunt?
772 807 1001 848 vomitione
1041 823 1163 848 canes
1183 824 1193 858 3
1243 818 1427 864 purgatu
1464 818 1606 850 autem

131 868 215 899 b-88
229 863 343 903 alvos
383 864 471 904 ibes
511 864 731 920 JEgyptiae
775 874 936 905 curant.
997 865 1204 905 Auditum
1255 874 1332 916 est,
1370 865 1610 920 pantheras,

205 935 269 960 uae
290 920 332 960 in
354 919 546 960 barbaria
568 929 767 962 venenata
785 936 909 962 carne
931 930 1190 976 caperentur,
1215 921 1446 964 remedium
1475 921 1611 977 quod-

174 934 271 1017 dam
294 976 476 1027 habere3
510 992 595 1033 quo
625 992 722 1018 cum
753 988 892 1018 essent
914 993 1014 1029 usae,
1038 993 1122 1019 non
1143 988 1434 1019 morerentur:
1463 992 1609 1034 capras

174 1041 316 1073 autem
336 1032 379 1073 in
401 1033 531 1075 Creta
548 1033 671 1085 feras,
693 1050 790 1076 cum
813 1044 950 1076 essent
980 1035 1154 1076 confixae
1186 1035 1396 1076 venenatis
1428 1034 1610 1090 sagittiS‚

173 1088 349 1130 herbam
372 1105 573 1146 quaerere,
594 1107 688 1147 quae
710 1091 947 1132 dictamnus
979 1101 1196 1133 vocaretur
1214 1107 1225 1142 3
1258 1106 1384 1147 quam
1410 1106 1508 1132 cum
1528 1105 1613 1146 gu-

90 1160 162 1200 127
175 1146 409 1197 stavissent,
441 1148 617 1203 sagittas
658 1148 849 1189 excidere
886 1148 1034 1189 dicunt
1070 1164 1091 1189 e
1132 1163 1321 1203 corpore.
1381 1147 1612 1203 Cervaeque

173 1202 302 1258 paulo
323 1211 420 1244 ante
451 1212 619 1260 partum
647 1213 906 1260 perpurgant
928 1220 970 1245 se
990 1205 1171 1260 quadam
1206 1204 1392 1254 herbula,
1415 1220 1508 1260 quae
1535 1205 1611 1245 Se-

175 1259 271 1300 selis
305 1259 473 1301 dicitur.
532 1262 629 1302 Jam
663 1261 733 1301 illa
764 1261 988 1311 cernimus,
1010 1270 1059 1301 ut
1089 1270 1236 1302 contra
1267 1269 1426 1301 metum
1455 1270 1498 1301 et
1529 1261 1611 1301 vim

175 1316 259 1356 suis
282 1323 322 1349 39
336 1331 380 1357 se
402 1317 528 1357 armis
551 1332 730 1372 quaeque
752 1317 963 1359 defendat.
1026 1317 1238 1358 Cornibus
1259 1317 1381 1368 tauri,
1404 1317 1492 1372 apri
1511 1317 1614 1358 den-

174 1373 304 1422 tibus,
324 1388 470 1414 morsu
500 1374 671 1423 leones3
703 1374 795 1415 aliae
825 1374 928 1429 fuga
957 1390 1015 1426 se,
1036 1375 1128 1415 aliae
1158 1374 1441 1415 occultatione
1472 1382 1614 1415 tutan-

175 1437 245 1469 tur
264 1445 273 1469 :
303 1430 526 1471 atramenti
561 1431 763 1472 effusione
798 1432 938 1485 sepite,
976 1441 1144 1486 torpore
1179 1430 1432 1486 torpedines.
1466 1431 1613 1472 multae

94 1485 304 1538 51etiam
323 1486 580 1528 insectantes
602 1487 742 1528 odoris
773 1487 1027 1529 intolerabili
1049 1488 1238 1529 foeditate
1259 1488 1489 1542 depellunt.
1550 1488 1614 1528 Ut

175 1556 273 1584 vero
295 1552 524 1599 perpetuus
545 1544 694 1584 mundi
714 1553 821 1585 esset
840 1554 1025 1594 ornatus,
1048 1559 1203 1600 magna
1223 1544 1410 1585 adhibita
1429 1558 1529 1585 cura
1549 1552 1614 1585 est

174 1614 200 1640 a
220 1599 481 1655 providentia
506 1601 697 1652 deorum,
721 1611 766 1642 ut
788 1616 952 1656 semper
973 1610 1111 1641 essent
1130 1612 1173 1642 et
1193 1601 1421 1642 bestiarum
1442 1614 1614 1656 genera,

174 1664 218 1696 et
238 1655 453 1705 arborum,
475 1658 751 1713 omniumque
778 1673 930 1708 rerum,
954 1666 1101 1712 wquae
1132 1658 1227 1698 altae
1258 1666 1330 1697 aut
1360 1656 1570 1698 radicibus
1590 1672 1616 1698 a

172 1720 298 1763 terra,
316 1723 390 1754 aut
407 1713 604 1768 stirpibus
619 1715 946 1755 continerentur.
964 1730 1058 1769 quae
1075 1714 1242 1769 quidem
1262 1713 1404 1754 omnia
1419 1728 1511 1753 eam
1532 1714 1614 1755 vim

173 1769 343 1810 seminis
362 1767 519 1810 habent
533 1769 574 1810 in
592 1786 648 1820 se,
663 1780 711 1811 ut.
728 1786 777 1811 ex
795 1786 879 1811 uno
895 1771 1015 1825 plura
1030 1780 1305 1826 generentur:
1327 1770 1454 1825 idque.
1469 1785 1614 1811 semen

175 1825 384 1866 inclusum
415 1837 479 1867 est
498 1827 539 1866 in
559 1827 708 1867 intima
738 1837 854 1881 parte
886 1842 1027 1868 earum
1063 1827 1303 1877 baccarum,
1325 1841 1420 1881 quae
1440 1842 1490 1867 ex
1509 1842 1616 1883 qua-

176 1897 259 1937 que
280 1882 407 1938 stirpe
429 1883 663 1924 funduntur
683 1901 691 1924 :
724 1883 957 1938 iisdemque
984 1884 1214 1924 seminibus
1236 1893 1278 1924 et
1299 1883 1493 1924 homines
1512 1884 1614 1924 affa-

175 1939 255 1979 tim
274 1950 512 1990 vescuntur,
533 1948 575 1980 et
595 1948 714 1981 terrae
737 1940 926 1996 ejusdem
946 1941 1113 1995 generis
1135 1940 1327 1995 stirpium
1350 1940 1618 1981 renovatione

92 2010 164 2042 128
177 1996 459 2051 complentur.
528 1996 642 2052 Quid
674 1997 837 2051 loquar,
858 2008 1015 2052 quanta
1036 1997 1142 2037 ratio
1164 1997 1206 2037 in
1228 1996 1370 2037 bestiis
1391 1996 1443 2037 ad
1463 2011 1618 2053 perpe-

177 2059 294 2092 tuam
317 2054 676 2093 conservationem
699 2068 841 2093 earum
863 2053 1029 2108 generis
1051 2062 1248 2108 appareat
1267 2054 1280 2093 ?
1313 2068 1410 2093 nam
1431 2054 1616 2108 primum

175 2109 268 2150 aliae
291 2124 441 2159 mares,
460 2109 553 2150 aliae
575 2110 741 2150 feminae
764 2121 860 2150 sunt
881 2127 889 2150 :
922 2110 1037 2165 quod
1068 2109 1359 2165 perpetuitatis
1382 2124 1508 2150 causa
1526 2125 1616 2151 ma-

175 2164 344 2206 chinata
373 2175 522 2206 natura
542 2175 618 2206 est.
679 2166 845 2207 Deinde
876 2177 1013 2221 partes
1045 2166 1231 2221 corporis
1251 2176 1294 2207 et
1315 2166 1368 2207 ad
1388 2181 1615 2222 procrean-

175 2221 295 2273 dum,
317 2233 359 2263 et
381 2222 434 2263 ad
460 2222 783 2277 concipiendum
816 2223 1043 2278 aptissimae
1065 2240 1074 2264 :
1106 2231 1149 2263 et
1177 2223 1219 2263 in
1249 2237 1377 2274 mare,
1398 2231 1440 2263 et
1467 2223 1509 2263 in
1538 2223 1613 2263 fae-

175 2278 290 2319 mina
309 2279 718 2320 commiscendorum
743 2294 970 2335 corporum
992 2279 1109 2320 mirae
1134 2279 1340 2321 libidines.
1403 2280 1513 2319 Cum
1536 2293 1612 2319 au-

176 2344 264 2376 tem
286 2336 327 2376 in
350 2336 454 2377 locis
475 2350 617 2376 semen
637 2336 805 2387 insedit,
826 2336 934 2392 rapit
956 2351 1127 2377 omnem
1157 2336 1244 2377 fere
1273 2336 1416 2376 cibum
1436 2335 1490 2376 ad
1508 2350 1613 2388 sese,

220 2487 260 2510 38
288 2480 370 2510 alvos
397 2481 452 2510 ibes
476 2481 625 2523 AEgyptz'ae
649 2481 764 2521 curant]
792 2482 875 2511 alvos
963 2490 1003 2513 40
1020 2494 1084 2524 quae
1100 2482 1170 2511 alla·
1187 2489 1238 2512 aut
1254 2482 1397 2511 radicibus
1412 2494 1430 2510 α
1448 2489 1525 2511 terra
1539 2481 1612 2522 δῖα]

177 2533 354 2553 commune
379 2531 425 2553 est
449 2525 612 2554 vomitioni
637 2532 667 2554 et
685 2526 873 2564 purgationi.
918 2525 1017 2555 Valde
1046 2527 1167 2555 variant
1196 2525 1276 2555 libri.
1322 2525 1537 2555 Leuissimum
1570 2536 1618 2556 re-

178 2567 255 2596 forte
271 2573 301 2595 et
316 2568 588 2605 transponendum
612 2574 657 2597 est
680 2574 749 2606 post
763 2569 874 2609 AEgyp-

180 2609 243 2639 tiae.
270 2616 325 2638 aut
348 2609 519 2648 legendum
545 2609 611 2638 alvi
632 2617 668 2639 ut
691 2610 822 2639 vomitio
845 2617 875 2639 et

179 2653 322 2691 purgatio
342 2651 402 2681 alvi
426 2652 489 2681 sint
512 2652 576 2682 duo
598 2652 717 2682 diversa
738 2653 876 2683 remedia

179 2696 360 2725 curationis.
376 2695 455 2724 mire
471 2696 503 2725 in
520 2696 552 2724 h.
566 2695 586 2724 l.
603 2696 723 2725 variant
739 2695 819 2725 libri.

223 2744 263 2770 239
279 2749 306 2767 se
321 2736 409 2767 armis
423 2748 543 2778 quaeque
559 2737 709 2777 dffendat}
728 2738 874 2768 Davisius

179 2781 270 2811 malit
299 2780 454 2821 defendant
480 2781 564 2820 quod
591 2780 704 2819 placet.
735 2782 792 2811 int.
822 2782 876 2811 be-

178 2827 266 2855 stiae:
299 2831 329 2855 et
354 2825 497 2865 sequitur
518 2823 659 2863 pluralis,
692 2824 784 2861 tauri,
811 2826 874 2865 apri

180 2868 239 2898 ὅτε.

920 2569 1062 2599 inedium
1085 2575 1195 2607 putem
1218 2580 1235 2597 a
1260 2576 1338 2597 terra
1364 2568 1493 2607 adiungi
1521 2569 1616 2599 verbo

918 2610 1009 2639 altae:
1032 2621 1106 2649 quae
1128 2610 1200 2639 altae
1214 2623 1232 2640 a
1247 2619 1337 2648 terra,
1355 2620 1431 2640 cum
1455 2611 1617 2642 adolevere

920 2660 1007 2683 terrae
1032 2654 1198 2684 nutrientis
1223 2664 1332 2690 succo,
1358 2661 1409 2682 aut
1433 2665 1456 2683 r.
1481 2666 1509 2683 α.
1534 2660 1569 2684 st.
1589 2666 1613 2685 c.

920 2695 1063 2726 radicibus
1089 2698 1292 2726 continentur
1322 2697 1450 2737 plantae,
1475 2696 1559 2727 olera
1586 2704 1618 2728 et

919 2739 1048 2775 similia,
1077 2740 1212 2779 stirpibus
1237 2741 1372 2777 arbores,
1397 2741 1456 2775 nisi
1483 2750 1539 2779 pro
1562 2747 1615 2769 aut

920 2781 1074 2819 malis‘ac,
1091 2783 1176 2822 quod
1199 2785 1362 2822 sequentia
1382 2783 1528 2813 videntur
1543 2793 1616 2813 sua-

918 2825 1002 2863 dere,
1019 2826 1050 2856 in
1065 2826 1180 2866 quibus
1206 2833 1332 2857 tantum
1353 2826 1497 2866 stirpium
1523 2836 1615 2857 men-

920 2874 974 2898 tio.
