1778 3095
251 159 329 191 580
696 157 773 194 DE
814 156 1238 195 DIVINATIONE

250 261 458 304 acciderat
496 278 609 314 casu,
646 263 727 304 vim
769 263 915 307 habuit
949 267 1115 307 ostenti.
1175 266 1237 308 At
1271 264 1603 306 Lacedaemoniis
1638 264 1678 306 in

252 319 448 359 Herculis
470 320 566 361 fano
587 335 703 361 arma
732 332 974 374 sonuerunt,
996 323 1270 379 ejusdemque
1292 322 1358 362 dei
1378 321 1535 362 Thebis
1554 321 1678 362 valvae

250 374 418 426 clausae,
441 377 581 417 subito
603 392 646 417 se
668 389 943 433 aperuerunt:
973 394 1106 435 eaque
1128 389 1259 429 scuta,
1280 393 1373 434 quae
1395 379 1559 419 fuerant
1579 378 1680 419 sub-

249 431 349 472 lime
390 432 480 482 fixa,
513 443 610 474 sunt
639 432 755 475 humi
784 436 962 477 inventa.
1021 437 1191 477 Horum
1221 450 1319 476 cum
1351 434 1437 475 fieri
1468 434 1572 475 nihil
1601 448 1680 489 po-

250 489 377 528 tuerit
411 489 500 529 sine
535 490 676 545 aliquo
709 501 844 541 motu,
881 491 983 547 quid
1011 501 1075 533 est
1108 507 1183 533 cur
1214 492 1408 532 divinitus
1444 505 1493 531 ea
1523 491 1680 547 potius,

166 541 234 588 32
251 560 375 600 quam
408 560 507 586 casu
537 546 647 587 facta
676 562 767 588 esse
796 547 1015 588 dicamus?
1048 548 1109 588 At
1138 548 1180 589 in
1210 547 1417 604 Lysandri
1437 555 1586 588 statuae
1608 561 1678 588 ca-

185 611 235 647 65
249 601 333 654 pite
353 601 532 657 Delphis
553 603 712 644 exstitit
732 619 890 644 corona
918 618 969 644 ex
997 604 1153 659 asperis
1181 604 1334 655 herbis,
1357 614 1399 645 et
1419 603 1588 660 quidem
1611 618 1682 644 su-

250 657 349 697 bita.
410 659 528 700 Itane
561 674 721 710 censes,
757 669 852 700 ante
884 675 1086 701 coronam
1120 659 1261 701 herbae
1296 661 1515 711 exstitisse,
1552 674 1678 716 quam

247 724 499 769 conceptum
540 731 630 756 esse
669 717 845 756 semen?
897 716 1071 757 herbam
1112 725 1252 758 autem
1291 732 1495 772 asperam,
1537 716 1680 767 credo,

244 770 382 811 avium
405 782 627 827 congestu,
648 787 732 812 non
757 772 944 814 humano
963 782 1069 814 satu.
1129 774 1224 814 Jam
1247 773 1446 828 quicquid
1472 774 1514 814 in
1542 773 1680 828 capite

244 837 322 876 est,
345 827 385 867 id
408 842 574 868 coronae
606 829 740 869 simile
767 828 896 870 videri
917 837 1070 885 potest.
1130 830 1245 870 Nam
1266 829 1380 884 quod
1400 829 1548 870 eodem
1568 839 1676 871 tem-

243 897 346 937 pore
368 884 507 924 stellas
529 899 673 925 aureas
696 885 884 927 Castoris
915 894 957 927 et
991 886 1187 937 Pollucis,
1207 885 1388 941 Delphis
1410 886 1582 941 positas,
1604 886 1677 927 de-

244 939 408 990 cidisse,
440 955 574 997 neque
604 956 674 982 eas
705 957 883 998 usquam
914 950 1099 999 repertas
1128 957 1218 984 esse
1248 942 1418 984 dixisti:
1455 942 1597 983 furum
1633 942 1680 984 id

180 1001 231 1048 69
244 997 379 1051 magis
410 997 584 1049 factum,
618 1013 744 1054 quam
776 999 954 1040 deorum
985 999 1161 1041 videtur.
1221 998 1363 1040 Simiae
1395 1012 1492 1040 vero
1524 998 1677 1040 Dodo-

244 1067 332 1093 neae
361 1054 676 1109 improbitatem
706 1055 890 1097 historiis
923 1056 1083 1097 Graecis
1105 1055 1346 1097 mandatam
1369 1069 1459 1096 esse
1479 1054 1678 1097 demiror.

242 1109 359 1166 Quid
389 1111 527 1153 minus
558 1112 727 1163 mirum,
748 1128 875 1168 quam
905 1112 1020 1153 illam
1047 1112 1478 1155 monstruosissimam
1498 1112 1675 1153 bestiam

240 1181 389 1208 urnam
410 1168 620 1220 evertisse,
642 1178 774 1210 sortes
795 1169 1081 1225 dissipavisse?
1115 1171 1170 1210 Et
1190 1178 1348 1225 negant
1367 1167 1570 1219 hiStorici‚
1591 1169 1675 1209 La-

240 1223 511 1265 cedaemoniis
530 1225 665 1266 ullum
686 1234 897 1267 ostentum
923 1227 1004 1267 hoc
1026 1226 1186 1267 tristius
1207 1225 1423 1267 accidisse.
1471 1226 1586 1266 Nam
1604 1225 1679 1266 illa

240 1280 442 1335 praedicta
472 1281 730 1333 Veientium,
752 1282 787 1323 si
817 1282 931 1324 lacus
962 1283 1155 1324 Albanus
1188 1282 1476 1332 redundasset,
1496 1281 1614 1337 isque
1634 1283 1676 1323 in

241 1351 354 1377 mare
377 1338 574 1389 fluxisset,
597 1339 777 1380 Romam
797 1339 1024 1394 perituram
1042 1355 1054 1389 3
1086 1339 1121 1380 si
1145 1353 1356 1395 repressus
1376 1347 1500 1389 esset,
1519 1338 1676 1380 Veios:

113 1411 138 1441 p,
157 1393 298 1434 imita
327 1409 435 1450 aqua
464 1395 633 1436 Albana
662 1395 847 1436 deducta
875 1395 929 1437 ad
959 1395 1184 1437 utilitatem
1214 1397 1305 1451 agri
1326 1395 1568 1446 suburbani,
1591 1410 1677 1436 non

201 1449 291 1490 ³·ad
312 1465 452 1492 arcem
472 1451 705 1508 urbemque
725 1452 1002 1494 retinendam.
1061 1453 1122 1494 At
1153 1453 1297 1508 paullo
1320 1460 1416 1507 post
1435 1452 1578 1493 audita
1598 1466 1676 1493 vox

239 1516 302 1548 est
332 1508 556 1559 monentis,
586 1519 634 1550 ut
663 1509 940 1564 providerent,
972 1524 1023 1551 ne
1052 1525 1075 1550 a
1098 1509 1233 1550 Gallis
1264 1510 1400 1562 Roma
1428 1518 1676 1565 caperetur:

237 1578 288 1604 cx
320 1579 372 1605 eo
404 1565 489 1606 Aio
520 1566 732 1621 Loquenti
763 1581 876 1607 aram
907 1567 949 1607 in
980 1581 1085 1607 nova
1108 1567 1171 1607 via
1197 1575 1500 1607 consecratam.
1558 1564 1675 1621 Quid

236 1623 368 1676 ergo?
400 1622 508 1663 Aius
535 1623 614 1663 iste
644 1623 856 1679 Loquens,
878 1623 1047 1679 quando
1076 1638 1175 1664 eum
1207 1638 1333 1663 nemo
1361 1630 1495 1672 norat,
1521 1621 1672 1673 aiebat,

237 1687 280 1717 et
308 1678 576 1733 loquebatur,
605 1688 648 1720 et
678 1693 728 1720 ex
755 1694 807 1721 eo
840 1694 994 1720 nomen
1025 1679 1202 1720 invenit:
1238 1688 1515 1734 posteaquam
1544 1686 1587 1719 et
1608 1692 1670 1719 se-

237 1733 350 1784 dem,
370 1743 412 1775 et
430 1749 559 1786 aram,
580 1745 621 1776 et
642 1750 798 1777 nomen
826 1736 996 1786 invenit,
1018 1735 1264 1778 obmutuit?
1297 1735 1428 1791 Quod
1456 1734 1570 1775 idem
1589 1734 1675 1775 dici

236 1789 289 1831 de
320 1792 501 1832 Moneta
530 1801 697 1847 potest:
727 1807 752 1833 a
781 1807 876 1848 qua,
907 1802 1186 1848 praeterquam
1218 1791 1270 1832 de
1300 1806 1374 1832 sue
1402 1790 1542 1847 plena,
1571 1789 1675 1847 quid

152 1841 222 1888 33
237 1862 436 1903 umquam
460 1849 609 1889 moniti
630 1864 774 1890 sumus
795 1851 808 1889 ἓ
842 1849 950 1890 Satis
972 1849 1106 1889 multa
1127 1849 1179 1889 de
1198 1848 1387 1889 ostentis.

172 1914 225 1954 70
292 1905 496 1959 Auspicia
526 1915 700 1956 restant,
731 1915 774 1946 et
805 1915 937 1946 sortes
970 1920 1045 1956 eae,
1079 1920 1173 1960 quae
1202 1904 1432 1953 ducuntur,
1465 1918 1550 1945 non
1574 1903 1672 1955 illae,

236 1975 331 2015 quae
361 1961 655 2003 vaticinatione
686 1962 933 2011 funduntur,
965 1977 1059 2018 quae
1090 1961 1261 2002 oracula
1290 1962 1424 2002 verius
1463 1960 1673 2003 dicimus:

234 2017 286 2057 de
309 2017 461 2073 quibus
492 2027 582 2059 tum
612 2019 815 2069 dicemus,
837 2033 932 2059 cum
956 2019 1008 2059 ad
1031 2018 1263 2059 naturalem
1284 2017 1584 2059 divinationem
1604 2032 1676 2070 ve-

233 2074 431 2115 nerimus.
493 2076 639 2116 Restat
668 2076 794 2116 etiam
825 2075 877 2116 de
910 2075 1138 2116 Chaldaeis.
1170 2074 1243 2115 sed
1272 2074 1456 2130 primum
1487 2074 1674 2129 auspicia

233 2130 461 2172 videamus.
510 2131 704 2172 Difficilis
723 2132 872 2188 auguri
892 2133 1011 2173 locus
1031 2131 1084 2173 ad
1104 2140 1251 2173 contra
1270 2131 1496 2173 dicendum
1513 2148 1523 2173 ι
1550 2131 1672 2172 Mar-

234 2201 282 2227 so
314 2187 504 2239 fortasse,
537 2188 608 2230 sed
640 2189 832 2230 Romano
863 2188 1102 2230 facillimus.
1125 2203 1209 2229 non
1239 2188 1351 2229 enim
1380 2202 1527 2229 sumus
1546 2187 1575 2229 ii
1595 2202 1674 2229 nos

233 2258 432 2299 augureS,
455 2245 527 2301 qui
547 2245 700 2296 arium,
723 2245 1032 2301 reliquorumve
1053 2246 1273 2301 signorum
1295 2244 1582 2286 observatione
1601 2245 1669 2285 fu-

232 2310 328 2341 tura
348 2301 562 2343 dicamus:
594 2311 638 2344 et
665 2311 807 2343 tamen
837 2302 980 2352 credo,
1002 2301 1247 2353 Romulum,
1268 2301 1341 2358 qui
1360 2302 1507 2343 urbem
1528 2299 1670 2355 auspi-

232 2368 328 2399 cato
362 2358 566 2410 condidit,
588 2358 785 2401 habuisse
807 2359 1064 2415 opinionem,
1085 2373 1176 2400 esse
1195 2359 1238 2400 in
1258 2357 1523 2414 providendis
1544 2357 1670 2398 rebus

232 2415 468 2469 augurandi
498 2416 730 2457 scientiam.
791 2417 969 2458 Errabat
996 2415 1109 2457 enim
1140 2416 1284 2457 multis
1314 2415 1357 2455 in
1394 2414 1518 2455 rebus
1559 2412 1668 2454 anti-

232 2472 370 2525 quitas
387 2488 396 2512 e
428 2487 555 2527 quam
577 2472 641 2513 vel
669 2487 747 2514 usu
766 2473 873 2529 jam,
895 2473 958 2514 vel
978 2472 1182 2523 doctrina,
1201 2472 1265 2513 vel
1286 2478 1490 2511 vetustate
1510 2469 1667 2510 immu-

232 2535 363 2567 tatam
382 2528 585 2569 videmus.
608 2529 809 2570 retinetur
829 2539 984 2579 autem,
1005 2538 1048 2569 et
1067 2528 1121 2568 ad
1139 2527 1378 2582 opinionem
1402 2526 1531 2582 vulgi,
1553 2534 1596 2568 et
1615 2527 1668 2567 ad

233 2597 407 2638 magnas
429 2584 646 2636 utilitates,
668 2586 909 2641 reipublicae
938 2599 1044 2634 mos,
1065 2583 1230 2639 religio,
1250 2582 1483 2638 disciplina,
1498 2583 1571 2639 jus
1591 2598 1667 2624 au-

170 2643 216 2683 71
233 2654 403 2695 gurum‚
434 2640 602 2695 collegii
631 2642 874 2682 auctoritas.
932 2642 1026 2681 Nec
1056 2654 1153 2681 vero
1184 2655 1269 2681 non
1300 2639 1417 2680 omni
1456 2639 1665 2695 supplicio

232 2696 350 2751 digni
383 2697 425 2736 P.
449 2696 668 2747 Claudius,
700 2699 749 2737 L.
768 2697 935 2748 Junius,
965 2696 1171 2746 consules,
1203 2697 1275 2752 qui
1305 2704 1452 2737 contra
1480 2695 1666 2751 auspicia

232 2753 493 2808 navigarunt.
521 2753 751 2809 parendum
783 2753 895 2794 enim
931 2753 1011 2794 fuit
1040 2752 1247 2808 religioni,
1278 2766 1354 2794 nec
1380 2752 1538 2808 patrius
1569 2766 1665 2793 mos

231 2818 319 2849 tam
342 2810 645 2851 contumaciter
664 2809 961 2866 repudiandus.
1019 2811 1121 2851 Jure
1150 2810 1278 2865 igitur
1306 2808 1411 2850 alter
1430 2808 1576 2864 populi
1592 2809 1664 2864 ju—

233 2865 343 2907 dicio
376 2866 597 2908 damnatus
624 2876 716 2908 est:
746 2867 848 2908 alter
872 2875 1052 2909 mortem
1081 2866 1160 2908 sibi
1189 2867 1280 2923 ipse
1298 2865 1517 2910 conscivit,
1570 2865 1664 2908 Fla-
