<?xml version="1.0" encoding="UTF-8"?>
<!DOCTYPE html PUBLIC "-//W3C//DTD XHTML 1.0 Transitional//EN"
    "http://www.w3.org/TR/xhtml1/DTD/xhtml1-transitional.dtd">
<html xmlns="http://www.w3.org/1999/xhtml" xml:lang="en" lang="en">
 <head>
  <title>
</title>
<meta http-equiv="Content-Type" content="text/html;charset=utf-8" />
  <meta name='ocr-system' content='tesseract 3.04.00' />
  <meta name='ocr-capabilities' content='ocr_page ocr_carea ocr_par ocr_line ocrx_word'/>
</head>
<body>
  <div class='ocr_page' id='page_1' title='image "./p1operaomnia04ciceuoft_0373.png"; bbox 0 0 1778 3095; ppageno 0'>
   <div class='ocr_carea' id='block_1_1' title="bbox 557 53 1538 96">
    <p class='ocr_par' dir='ltr' id='par_1_1' title="bbox 557 53 1538 96">
     <span class='ocr_line' id='line_1_1' title="bbox 557 53 1538 96; baseline -0.005 0"><span class='ocrx_word' id='word_1_1' title='bbox 557 55 738 96; x_wconf 87' lang='lat' dir='ltr'>LIBER</span> <span class='ocrx_word' id='word_1_2' title='bbox 766 54 1063 93; x_wconf 76' lang='lat' dir='ltr'><strong>QUINTUS.</strong></span> <span class='ocrx_word' id='word_1_3' title='bbox 1460 53 1538 92; x_wconf 81' lang='lat'><strong>365</strong></span> 
     </span>
    </p>
   </div>
   <div class='ocr_carea' id='block_1_2' title="bbox 109 158 1685 2482">
    <p class='ocr_par' dir='ltr' id='par_1_2' title="bbox 109 158 1685 2482">
     <span class='ocr_line' id='line_1_2' title="bbox 109 158 1539 220; baseline -0.006 -9"><span class='ocrx_word' id='word_1_4' title='bbox 109 166 384 220; x_wconf 84' lang='lat' dir='ltr'>debilitatem,</span> <span class='ocrx_word' id='word_1_5' title='bbox 403 164 652 214; x_wconf 85' lang='lat' dir='ltr'><strong>caecitatem,</strong></span> <span class='ocrx_word' id='word_1_6' title='bbox 671 163 707 205; x_wconf 89' lang='lat' dir='ltr'><strong>si</strong></span> <span class='ocrx_word' id='word_1_7' title='bbox 725 162 920 219; x_wconf 87' lang='lat' dir='ltr'><strong>denique,</strong></span> <span class='ocrx_word' id='word_1_8' title='bbox 941 160 1056 217; x_wconf 90' lang='lat' dir='ltr'><strong>quod</strong></span> <span class='ocrx_word' id='word_1_9' title='bbox 1081 173 1166 200; x_wconf 92' lang='lat' dir='ltr'><strong>non</strong></span> <span class='ocrx_word' id='word_1_10' title='bbox 1195 158 1370 213; x_wconf 84' lang='lat' dir='ltr'><strong>singulis</strong></span> <span class='ocrx_word' id='word_1_11' title='bbox 1399 159 1539 202; x_wconf 86' lang='lat' dir='ltr'><strong>homi·-</strong></span> 
     </span>
     <span class='ocr_line' id='line_1_3' title="bbox 109 214 1539 280; baseline -0.006 -12"><span class='ocrx_word' id='word_1_12' title='bbox 109 226 248 276; x_wconf 88' lang='lat' dir='ltr'><strong>nibus,</strong></span> <span class='ocrx_word' id='word_1_13' title='bbox 279 223 353 267; x_wconf 89' lang='lat' dir='ltr'><strong>sed</strong></span> <span class='ocrx_word' id='word_1_14' title='bbox 388 221 630 280; x_wconf 89' lang='lat' dir='ltr'><strong>potentibus</strong></span> <span class='ocrx_word' id='word_1_15' title='bbox 658 219 826 275; x_wconf 87' lang='lat' dir='ltr'><strong>populis</strong></span> <span class='ocrx_word' id='word_1_16' title='bbox 850 228 887 254; x_wconf 88' lang='lat'><strong>19</strong></span> <span class='ocrx_word' id='word_1_17' title='bbox 903 232 1013 273; x_wconf 81' lang='lat' dir='ltr'><strong>saepe</strong></span> <span class='ocrx_word' id='word_1_18' title='bbox 1043 214 1239 271; x_wconf 81' lang='lat' dir='ltr'><strong>contigit,</strong></span> <span class='ocrx_word' id='word_1_19' title='bbox 1269 215 1539 259; x_wconf 86' lang='lat' dir='ltr'><strong>servitutem:</strong></span> 
     </span>
     <span class='ocr_line' id='line_1_4' title="bbox 109 271 1606 338; baseline -0.005 -14"><span class='ocrx_word' id='word_1_20' title='bbox 109 291 252 338; x_wconf 88' lang='lat' dir='ltr'><strong>potest</strong></span> <span class='ocrx_word' id='word_1_21' title='bbox 271 295 321 322; x_wconf 89' lang='lat' dir='ltr'><strong>ea</strong></span> <span class='ocrx_word' id='word_1_22' title='bbox 339 280 489 321; x_wconf 91' lang='lat' dir='ltr'><strong>timens</strong></span> <span class='ocrx_word' id='word_1_23' title='bbox 510 291 601 318; x_wconf 88' lang='lat' dir='ltr'><strong>esse</strong></span> <span class='ocrx_word' id='word_1_24' title='bbox 620 276 843 332; x_wconf 88' lang='lat' dir='ltr'><strong>quisquam</strong></span> <span class='ocrx_word' id='word_1_25' title='bbox 864 275 1038 317; x_wconf 84' lang='lat' dir='ltr'><strong>beatus?</strong></span> <span class='ocrx_word' id='word_1_26' title='bbox 1070 272 1201 330; x_wconf 69' lang='lat' dir='ltr'><strong>Quid,</strong></span> <span class='ocrx_word' id='word_1_27' title='bbox 1219 271 1291 327; x_wconf 87' lang='lat' dir='ltr'><strong>qui</strong></span> <span class='ocrx_word' id='word_1_28' title='bbox 1309 286 1391 312; x_wconf 91' lang='lat' dir='ltr'><strong>non</strong></span> <span class='ocrx_word' id='word_1_29' title='bbox 1413 273 1542 315; x_wconf 91' lang='lat' dir='ltr'><strong>modo</strong></span> <span class='ocrx_word' id='word_1_30' title='bbox 1559 278 1606 316; x_wconf 88' lang='lat'><strong>16</strong></span> 
     </span>
     <span class='ocr_line' id='line_1_5' title="bbox 111 329 1540 385; baseline -0.006 -5"><span class='ocrx_word' id='word_1_31' title='bbox 111 352 162 379; x_wconf 87' lang='lat' dir='ltr'><strong>ea</strong></span> <span class='ocrx_word' id='word_1_32' title='bbox 194 338 336 379; x_wconf 80' lang='lat' dir='ltr'><strong>futura</strong></span> <span class='ocrx_word' id='word_1_33' title='bbox 367 336 504 385; x_wconf 86' lang='lat' dir='ltr'><strong>timet,</strong></span> <span class='ocrx_word' id='word_1_34' title='bbox 538 347 679 374; x_wconf 85' lang='lat' dir='ltr'><strong>verum</strong></span> <span class='ocrx_word' id='word_1_35' title='bbox 718 332 843 373; x_wconf 87' lang='lat' dir='ltr'><strong>etiam</strong></span> <span class='ocrx_word' id='word_1_36' title='bbox 877 332 959 372; x_wconf 85' lang='lat' dir='ltr'><strong>fert</strong></span> <span class='ocrx_word' id='word_1_37' title='bbox 994 331 1255 385; x_wconf 82' lang='lat' dir='ltr'><strong>sustinetque</strong></span> <span class='ocrx_word' id='word_1_38' title='bbox 1289 329 1540 382; x_wconf 87' lang='lat' dir='ltr'><strong>praesentia?</strong></span> 
     </span>
     <span class='ocr_line' id='line_1_6' title="bbox 111 383 1542 443; baseline -0.007 -7"><span class='ocrx_word' id='word_1_39' title='bbox 111 394 220 436; x_wconf 88' lang='lat' dir='ltr'><strong>adde</strong></span> <span class='ocrx_word' id='word_1_40' title='bbox 235 393 387 435; x_wconf 84' lang='lat' dir='ltr'><strong>eodem</strong></span> <span class='ocrx_word' id='word_1_41' title='bbox 406 390 562 439; x_wconf 82' lang='lat' dir='ltr'><strong>exsilia,</strong></span> <span class='ocrx_word' id='word_1_42' title='bbox 582 389 735 440; x_wconf 88' lang='lat' dir='ltr'><strong>luctus,</strong></span> <span class='ocrx_word' id='word_1_43' title='bbox 755 389 971 430; x_wconf 79' lang='lat' dir='ltr'>orbitates.</span> <span class='ocrx_word' id='word_1_44' title='bbox 1031 386 1118 443; x_wconf 68' lang='lat' dir='ltr'><strong>Qui</strong></span> <span class='ocrx_word' id='word_1_45' title='bbox 1146 387 1269 426; x_wconf 80' lang='lat' dir='ltr'><strong>rebus</strong></span> <span class='ocrx_word' id='word_1_46' title='bbox 1299 383 1363 425; x_wconf 90' lang='lat' dir='ltr'><strong>his</strong></span> <span class='ocrx_word' id='word_1_47' title='bbox 1384 385 1542 426; x_wconf 87' lang='lat' dir='ltr'><strong>fractus</strong></span> 
     </span>
     <span class='ocr_line' id='line_1_7' title="bbox 113 441 1588 506; baseline -0.005 -14"><span class='ocrx_word' id='word_1_48' title='bbox 113 450 363 506; x_wconf 81' lang='lat' dir='ltr'><strong>aegritudine</strong></span> <span class='ocrx_word' id='word_1_49' title='bbox 400 447 584 497; x_wconf 83' lang='lat' dir='ltr'>eliditur,</span> <span class='ocrx_word' id='word_1_50' title='bbox 619 454 761 502; x_wconf 90' lang='lat' dir='ltr'><strong>potest</strong></span> <span class='ocrx_word' id='word_1_51' title='bbox 799 445 969 486; x_wconf 89' lang='lat' dir='ltr'><strong>tandem</strong></span> <span class='ocrx_word' id='word_1_52' title='bbox 1005 457 1095 484; x_wconf 90' lang='lat' dir='ltr'><strong>esse</strong></span> <span class='ocrx_word' id='word_1_53' title='bbox 1132 457 1217 483; x_wconf 89' lang='lat' dir='ltr'><strong>non</strong></span> <span class='ocrx_word' id='word_1_54' title='bbox 1251 441 1588 487; x_wconf 77' lang='lat' dir='ltr'><strong>miserrimus?b.</strong></span> 
     </span>
     <span class='ocr_line' id='line_1_8' title="bbox 112 498 1547 563; baseline -0.007 -16"><span class='ocrx_word' id='word_1_55' title='bbox 112 506 215 563; x_wconf 90' lang='lat' dir='ltr'><strong>quid</strong></span> <span class='ocrx_word' id='word_1_56' title='bbox 233 519 329 547; x_wconf 88' lang='lat' dir='ltr'><strong>vero</strong></span> <span class='ocrx_word' id='word_1_57' title='bbox 355 503 490 553; x_wconf 83' lang='lat' dir='ltr'><strong>illum,</strong></span> <span class='ocrx_word' id='word_1_58' title='bbox 510 518 636 559; x_wconf 90' lang='lat' dir='ltr'><strong>quem</strong></span> <span class='ocrx_word' id='word_1_59' title='bbox 668 501 911 543; x_wconf 81' lang='lat' dir='ltr'>libidinibus</span> <span class='ocrx_word' id='word_1_60' title='bbox 945 500 1251 541; x_wconf 82' lang='lat' dir='ltr'><strong>inflammatum</strong></span> <span class='ocrx_word' id='word_1_61' title='bbox 1273 507 1316 539; x_wconf 90' lang='lat' dir='ltr'><strong>et</strong></span> <span class='ocrx_word' id='word_1_62' title='bbox 1337 498 1547 539; x_wconf 85' lang='lat' dir='ltr'><strong>furentem</strong></span> 
     </span>
     <span class='ocr_line' id='line_1_9' title="bbox 111 553 1548 614; baseline -0.005 -11"><span class='ocrx_word' id='word_1_63' title='bbox 111 562 315 612; x_wconf 84' lang='lat' dir='ltr'><strong>videmus,</strong></span> <span class='ocrx_word' id='word_1_64' title='bbox 346 560 488 601; x_wconf 82' lang='lat' dir='ltr'><strong>omnia</strong></span> <span class='ocrx_word' id='word_1_65' title='bbox 518 559 663 600; x_wconf 79' lang='lat' dir='ltr'>rabide</span> <span class='ocrx_word' id='word_1_66' title='bbox 695 568 964 614; x_wconf 82' lang='lat' dir='ltr'>appetentem</span> <span class='ocrx_word' id='word_1_67' title='bbox 995 571 1092 597; x_wconf 90' lang='lat' dir='ltr'><strong>cum</strong></span> <span class='ocrx_word' id='word_1_68' title='bbox 1121 554 1361 611; x_wconf 82' lang='lat' dir='ltr'><strong>inexplebili</strong></span> <span class='ocrx_word' id='word_1_69' title='bbox 1384 553 1548 610; x_wconf 87' lang='lat' dir='ltr'><strong>cupidi·</strong></span> 
     </span>
     <span class='ocr_line' id='line_1_10' title="bbox 110 611 1546 674; baseline -0.006 -14"><span class='ocrx_word' id='word_1_70' title='bbox 110 628 214 669; x_wconf 87' lang='lat' dir='ltr'><strong>tate,</strong></span> <span class='ocrx_word' id='word_1_71' title='bbox 236 631 406 674; x_wconf 89' lang='lat' dir='ltr'><strong>quoque</strong></span> <span class='ocrx_word' id='word_1_72' title='bbox 426 615 666 657; x_wconf 85' lang='lat' dir='ltr'><strong>affluentius</strong></span> <span class='ocrx_word' id='word_1_73' title='bbox 686 616 922 670; x_wconf 87' lang='lat' dir='ltr'><strong>voluptates</strong></span> <span class='ocrx_word' id='word_1_74' title='bbox 951 614 1135 670; x_wconf 89' lang='lat' dir='ltr'><strong>undique</strong></span> <span class='ocrx_word' id='word_1_75' title='bbox 1166 611 1346 662; x_wconf 81' lang='lat' dir='ltr'><strong>hauriat,</strong></span> <span class='ocrx_word' id='word_1_76' title='bbox 1364 625 1416 652; x_wconf 92' lang='lat' dir='ltr'><strong>eo</strong></span> <span class='ocrx_word' id='word_1_77' title='bbox 1446 626 1546 666; x_wconf 88' lang='lat' dir='ltr'><strong>gra-</strong></span> 
     </span>
     <span class='ocr_line' id='line_1_11' title="bbox 113 667 1546 729; baseline -0.006 -13"><span class='ocrx_word' id='word_1_78' title='bbox 113 675 201 716; x_wconf 88' lang='lat' dir='ltr'><strong>vius</strong></span> <span class='ocrx_word' id='word_1_79' title='bbox 229 673 526 729; x_wconf 87' lang='lat' dir='ltr'><strong>ardentiusque</strong></span> <span class='ocrx_word' id='word_1_80' title='bbox 546 673 771 721; x_wconf 86' lang='lat' dir='ltr'><strong>sitientem,</strong></span> <span class='ocrx_word' id='word_1_81' title='bbox 805 686 943 713; x_wconf 86' lang='lat' dir='ltr'><strong>nonne</strong></span> <span class='ocrx_word' id='word_1_82' title='bbox 971 679 1082 712; x_wconf 88' lang='lat' dir='ltr'><strong>recte</strong></span> <span class='ocrx_word' id='word_1_83' title='bbox 1115 669 1395 710; x_wconf 83' lang='lat' dir='ltr'><strong>miserrimum</strong></span> <span class='ocrx_word' id='word_1_84' title='bbox 1430 667 1546 709; x_wconf 86' lang='lat' dir='ltr'><strong>dixe-</strong></span> 
     </span>
     <span class='ocr_line' id='line_1_12' title="bbox 112 724 1548 786; baseline -0.005 -14"><span class='ocrx_word' id='word_1_85' title='bbox 112 731 200 773; x_wconf 89' lang='lat' dir='ltr'><strong>ris?</strong></span> <span class='ocrx_word' id='word_1_86' title='bbox 234 730 336 786; x_wconf 89' lang='lat' dir='ltr'><strong>quid</strong></span> <span class='ocrx_word' id='word_1_87' title='bbox 366 731 501 771; x_wconf 87' lang='lat' dir='ltr'><strong>elatus</strong></span> <span class='ocrx_word' id='word_1_88' title='bbox 533 729 603 770; x_wconf 89' lang='lat' dir='ltr'><strong>ille</strong></span> <span class='ocrx_word' id='word_1_89' title='bbox 630 729 812 779; x_wconf 82' lang='lat' dir='ltr'><strong>levitate,</strong></span> <span class='ocrx_word' id='word_1_90' title='bbox 842 728 1039 783; x_wconf 85' lang='lat' dir='ltr'><strong>inanique</strong></span> <span class='ocrx_word' id='word_1_91' title='bbox 1071 726 1219 768; x_wconf 90' lang='lat' dir='ltr'><strong>laetitia</strong></span> <span class='ocrx_word' id='word_1_92' title='bbox 1247 724 1474 773; x_wconf 83' lang='lat' dir='ltr'><strong>exsultans,</strong></span> <span class='ocrx_word' id='word_1_93' title='bbox 1504 732 1548 766; x_wconf 91' lang='lat' dir='ltr'><strong>et</strong></span> 
     </span>
     <span class='ocr_line' id='line_1_13' title="bbox 111 781 1549 843; baseline -0.005 -14"><span class='ocrx_word' id='word_1_94' title='bbox 111 796 271 829; x_wconf 88' lang='lat' dir='ltr'><strong>temere</strong></span> <span class='ocrx_word' id='word_1_95' title='bbox 300 787 500 843; x_wconf 84' lang='lat' dir='ltr'><strong>gestiens,</strong></span> <span class='ocrx_word' id='word_1_96' title='bbox 532 800 669 826; x_wconf 89' lang='lat' dir='ltr'><strong>nonne</strong></span> <span class='ocrx_word' id='word_1_97' title='bbox 701 794 820 826; x_wconf 87' lang='lat' dir='ltr'><strong>tanto</strong></span> <span class='ocrx_word' id='word_1_98' title='bbox 853 785 1057 834; x_wconf 85' lang='lat' dir='ltr'><strong>miserior,</strong></span> <span class='ocrx_word' id='word_1_99' title='bbox 1090 792 1247 839; x_wconf 82' lang='lat' dir='ltr'><strong>quanto</strong></span> <span class='ocrx_word' id='word_1_100' title='bbox 1277 782 1356 823; x_wconf 90' lang='lat' dir='ltr'><strong>sibi</strong></span> <span class='ocrx_word' id='word_1_101' title='bbox 1384 781 1549 823; x_wconf 90' lang='lat' dir='ltr'><strong>videtur</strong></span> 
     </span>
     <span class='ocr_line' id='line_1_14' title="bbox 114 837 1549 898; baseline -0.004 -13"><span class='ocrx_word' id='word_1_102' title='bbox 114 843 309 886; x_wconf 86' lang='lat' dir='ltr'><strong>beatior?</strong></span> <span class='ocrx_word' id='word_1_103' title='bbox 343 857 462 898; x_wconf 84' lang='lat' dir='ltr'><strong>ergo,</strong></span> <span class='ocrx_word' id='word_1_104' title='bbox 482 851 531 884; x_wconf 90' lang='lat' dir='ltr'><strong>ut</strong></span> <span class='ocrx_word' id='word_1_105' title='bbox 549 842 593 883; x_wconf 89' lang='lat' dir='ltr'><strong>hi</strong></span> <span class='ocrx_word' id='word_1_106' title='bbox 615 842 770 891; x_wconf 88' lang='lat' dir='ltr'><strong>miseri,</strong></span> <span class='ocrx_word' id='word_1_107' title='bbox 804 840 863 882; x_wconf 87' lang='lat' dir='ltr'><strong>sic</strong></span> <span class='ocrx_word' id='word_1_108' title='bbox 894 851 1041 883; x_wconf 86' lang='lat' dir='ltr'><strong>contra</strong></span> <span class='ocrx_word' id='word_1_109' title='bbox 1070 840 1131 881; x_wconf 92' lang='lat' dir='ltr'><strong>illi</strong></span> <span class='ocrx_word' id='word_1_110' title='bbox 1159 839 1286 889; x_wconf 86' lang='lat' dir='ltr'><strong>beati,</strong></span> <span class='ocrx_word' id='word_1_111' title='bbox 1306 853 1414 895; x_wconf 86' lang='lat' dir='ltr'><strong>quos</strong></span> <span class='ocrx_word' id='word_1_112' title='bbox 1444 837 1549 879; x_wconf 88' lang='lat' dir='ltr'><strong>nulli</strong></span> 
     </span>
     <span class='ocr_line' id='line_1_15' title="bbox 114 894 1550 954; baseline -0.004 -12"><span class='ocrx_word' id='word_1_113' title='bbox 114 911 255 943; x_wconf 87' lang='lat' dir='ltr'><strong>metus</strong></span> <span class='ocrx_word' id='word_1_114' title='bbox 290 908 461 950; x_wconf 84' lang='lat' dir='ltr'><strong>terrent,</strong></span> <span class='ocrx_word' id='word_1_115' title='bbox 498 899 625 940; x_wconf 86' lang='lat' dir='ltr'><strong>nullae</strong></span> <span class='ocrx_word' id='word_1_116' title='bbox 662 898 934 954; x_wconf 77' lang='lat' dir='ltr'><strong>aegritudines</strong></span> <span class='ocrx_word' id='word_1_117' title='bbox 967 896 1165 947; x_wconf 85' lang='lat' dir='ltr'><strong>exedunt,</strong></span> <span class='ocrx_word' id='word_1_118' title='bbox 1193 895 1319 937; x_wconf 84' lang='lat' dir='ltr'><strong>nullae</strong></span> <span class='ocrx_word' id='word_1_119' title='bbox 1354 894 1550 937; x_wconf 87' lang='lat' dir='ltr'><strong>libidines</strong></span> 
     </span>
     <span class='ocr_line' id='line_1_16' title="bbox 115 951 1551 1009; baseline -0.004 -11"><span class='ocrx_word' id='word_1_120' title='bbox 115 956 305 1009; x_wconf 89' lang='lat' dir='ltr'><strong>incitant,</strong></span> <span class='ocrx_word' id='word_1_121' title='bbox 326 956 451 997; x_wconf 88' lang='lat' dir='ltr'><strong>nullae</strong></span> <span class='ocrx_word' id='word_1_122' title='bbox 473 955 615 997; x_wconf 86' lang='lat' dir='ltr'><strong>futiles</strong></span> <span class='ocrx_word' id='word_1_123' title='bbox 646 955 820 1006; x_wconf 87' lang='lat' dir='ltr'><strong>laetitiae,</strong></span> <span class='ocrx_word' id='word_1_124' title='bbox 841 964 881 987; x_wconf 78' lang='lat'><strong>20</strong></span> <span class='ocrx_word' id='word_1_125' title='bbox 895 953 1151 995; x_wconf 80' lang='lat' dir='ltr'><strong>exsultantes</strong></span> <span class='ocrx_word' id='word_1_126' title='bbox 1182 951 1392 1007; x_wconf 83' lang='lat' dir='ltr'><strong>languidis</strong></span> <span class='ocrx_word' id='word_1_127' title='bbox 1411 952 1551 1008; x_wconf 90' lang='lat' dir='ltr'><strong>lique-</strong></span> 
     </span>
     <span class='ocr_line' id='line_1_17' title="bbox 109 1008 1551 1068; baseline -0.005 -13"><span class='ocrx_word' id='word_1_128' title='bbox 109 1013 275 1056; x_wconf 81' lang='lat' dir='ltr'><strong>faciunt</strong></span> <span class='ocrx_word' id='word_1_129' title='bbox 293 1013 595 1068; x_wconf 87' lang='lat' dir='ltr'><strong>voluptatibus.</strong></span> <span class='ocrx_word' id='word_1_130' title='bbox 656 1013 719 1053; x_wconf 91' lang='lat' dir='ltr'><strong>Ut</strong></span> <span class='ocrx_word' id='word_1_131' title='bbox 747 1011 873 1052; x_wconf 89' lang='lat' dir='ltr'><strong>maris</strong></span> <span class='ocrx_word' id='word_1_132' title='bbox 901 1011 1031 1066; x_wconf 86' lang='lat' dir='ltr'><strong>igitur</strong></span> <span class='ocrx_word' id='word_1_133' title='bbox 1050 1009 1330 1065; x_wconf 87' lang='lat' dir='ltr'><strong>tranquillitas</strong></span> <span class='ocrx_word' id='word_1_134' title='bbox 1349 1008 1551 1064; x_wconf 87' lang='lat' dir='ltr'><strong>intelligi-</strong></span> 
     </span>
     <span class='ocr_line' id='line_1_18' title="bbox 112 1066 1551 1124; baseline -0.003 -13"><span class='ocrx_word' id='word_1_135' title='bbox 112 1078 196 1120; x_wconf 89' lang='lat' dir='ltr'><strong>tur,</strong></span> <span class='ocrx_word' id='word_1_136' title='bbox 218 1070 334 1111; x_wconf 91' lang='lat' dir='ltr'><strong>nulla</strong></span> <span class='ocrx_word' id='word_1_137' title='bbox 354 1084 406 1110; x_wconf 91' lang='lat' dir='ltr'><strong>ne</strong></span> <span class='ocrx_word' id='word_1_138' title='bbox 426 1069 602 1110; x_wconf 88' lang='lat' dir='ltr'><strong>minima</strong></span> <span class='ocrx_word' id='word_1_139' title='bbox 621 1068 791 1124; x_wconf 78' lang='lat' dir='ltr'><strong>quidem</strong></span> <span class='ocrx_word' id='word_1_140' title='bbox 824 1083 924 1110; x_wconf 84' lang='lat' dir='ltr'><strong>aura</strong></span> <span class='ocrx_word' id='word_1_141' title='bbox 950 1068 1103 1108; x_wconf 88' lang='lat' dir='ltr'><strong>fluctus</strong></span> <span class='ocrx_word' id='word_1_142' title='bbox 1136 1074 1429 1108; x_wconf 87' lang='lat' dir='ltr'><strong>commovente</strong></span> <span class='ocrx_word' id='word_1_143' title='bbox 1449 1082 1459 1107; x_wconf 70' lang='grc' dir='ltr'>ε</span> <span class='ocrx_word' id='word_1_144' title='bbox 1491 1066 1551 1106; x_wconf 90' lang='lat' dir='ltr'><strong>sic</strong></span> 
     </span>
     <span class='ocr_line' id='line_1_19' title="bbox 114 1122 1551 1182; baseline -0.003 -14"><span class='ocrx_word' id='word_1_145' title='bbox 114 1127 244 1168; x_wconf 89' lang='lat' dir='ltr'><strong>animi</strong></span> <span class='ocrx_word' id='word_1_146' title='bbox 274 1127 441 1182; x_wconf 89' lang='lat' dir='ltr'><strong>quietus</strong></span> <span class='ocrx_word' id='word_1_147' title='bbox 471 1137 514 1167; x_wconf 90' lang='lat' dir='ltr'><strong>et</strong></span> <span class='ocrx_word' id='word_1_148' title='bbox 547 1126 736 1182; x_wconf 84' lang='lat' dir='ltr'><strong>placatus</strong></span> <span class='ocrx_word' id='word_1_149' title='bbox 770 1134 902 1166; x_wconf 86' lang='lat' dir='ltr'><strong>status</strong></span> <span class='ocrx_word' id='word_1_150' title='bbox 931 1124 1131 1175; x_wconf 86' lang='lat' dir='ltr'><strong>cernitur,</strong></span> <span class='ocrx_word' id='word_1_151' title='bbox 1159 1137 1258 1164; x_wconf 91' lang='lat' dir='ltr'><strong>cum</strong></span> <span class='ocrx_word' id='word_1_152' title='bbox 1289 1122 1551 1178; x_wconf 88' lang='lat' dir='ltr'><strong>perturbatio</strong></span> 
     </span>
     <span class='ocr_line' id='line_1_20' title="bbox 116 1179 1613 1239; baseline -0.003 -15"><span class='ocrx_word' id='word_1_153' title='bbox 116 1183 233 1224; x_wconf 88' lang='lat' dir='ltr'><strong>nulla</strong></span> <span class='ocrx_word' id='word_1_154' title='bbox 251 1192 330 1234; x_wconf 87' lang='lat' dir='ltr'><strong>est,</strong></span> <span class='ocrx_word' id='word_1_155' title='bbox 351 1198 434 1239; x_wconf 89' lang='lat' dir='ltr'><strong>qua</strong></span> <span class='ocrx_word' id='word_1_156' title='bbox 452 1182 611 1224; x_wconf 88' lang='lat' dir='ltr'><strong>moveri</strong></span> <span class='ocrx_word' id='word_1_157' title='bbox 631 1191 772 1237; x_wconf 89' lang='lat' dir='ltr'><strong>queat.</strong></span> <span class='ocrx_word' id='word_1_158' title='bbox 833 1180 963 1224; x_wconf 77' lang='lat' dir='ltr'><strong>Quod</strong></span> <span class='ocrx_word' id='word_1_159' title='bbox 994 1181 1028 1221; x_wconf 91' lang='lat' dir='ltr'><strong>si</strong></span> <span class='ocrx_word' id='word_1_160' title='bbox 1057 1189 1135 1231; x_wconf 90' lang='lat' dir='ltr'><strong>est,</strong></span> <span class='ocrx_word' id='word_1_161' title='bbox 1157 1180 1230 1237; x_wconf 89' lang='lat' dir='ltr'><strong>qui</strong></span> <span class='ocrx_word' id='word_1_162' title='bbox 1249 1179 1331 1220; x_wconf 86' lang='lat' dir='ltr'><strong>vim</strong></span> <span class='ocrx_word' id='word_1_163' title='bbox 1352 1179 1550 1230; x_wconf 85' lang='lat' dir='ltr'><strong>fortunae,</strong></span> <span class='ocrx_word' id='word_1_164' title='bbox 1566 1193 1613 1236; x_wconf 88' lang='lat'><strong>17</strong></span> 
     </span>
     <span class='ocr_line' id='line_1_21' title="bbox 115 1235 1552 1295; baseline -0.003 -14"><span class='ocrx_word' id='word_1_165' title='bbox 115 1240 190 1295; x_wconf 90' lang='lat' dir='ltr'><strong>qui</strong></span> <span class='ocrx_word' id='word_1_166' title='bbox 210 1240 353 1281; x_wconf 88' lang='lat' dir='ltr'><strong>omnia</strong></span> <span class='ocrx_word' id='word_1_167' title='bbox 382 1240 580 1290; x_wconf 90' lang='lat' dir='ltr'><strong>humana,</strong></span> <span class='ocrx_word' id='word_1_168' title='bbox 600 1247 636 1270; x_wconf 76' lang='lat'><strong>21</strong></span> <span class='ocrx_word' id='word_1_169' title='bbox 657 1253 750 1294; x_wconf 83' lang='lat' dir='ltr'><strong>quae</strong></span> <span class='ocrx_word' id='word_1_170' title='bbox 781 1238 934 1293; x_wconf 86' lang='lat' dir='ltr'><strong>cuique</strong></span> <span class='ocrx_word' id='word_1_171' title='bbox 965 1236 1154 1279; x_wconf 89' lang='lat' dir='ltr'><strong>accidere</strong></span> <span class='ocrx_word' id='word_1_172' title='bbox 1184 1245 1375 1291; x_wconf 85' lang='lat' dir='ltr'><strong>possunt,</strong></span> <span class='ocrx_word' id='word_1_173' title='bbox 1395 1235 1552 1277; x_wconf 89' lang='lat' dir='ltr'><strong>tolera-</strong></span> 
     </span>
     <span class='ocr_line' id='line_1_22' title="bbox 116 1293 1553 1352; baseline -0.003 -14"><span class='ocrx_word' id='word_1_174' title='bbox 116 1296 219 1338; x_wconf 88' lang='lat' dir='ltr'><strong>bilia</strong></span> <span class='ocrx_word' id='word_1_175' title='bbox 250 1296 392 1346; x_wconf 87' lang='lat' dir='ltr'><strong>ducat,</strong></span> <span class='ocrx_word' id='word_1_176' title='bbox 427 1311 477 1337; x_wconf 84' lang='lat' dir='ltr'><strong>ex</strong></span> <span class='ocrx_word' id='word_1_177' title='bbox 517 1310 602 1352; x_wconf 89' lang='lat' dir='ltr'><strong>quo</strong></span> <span class='ocrx_word' id='word_1_178' title='bbox 639 1309 713 1336; x_wconf 92' lang='lat' dir='ltr'><strong>nec</strong></span> <span class='ocrx_word' id='word_1_179' title='bbox 747 1295 876 1335; x_wconf 89' lang='lat' dir='ltr'><strong>timor</strong></span> <span class='ocrx_word' id='word_1_180' title='bbox 910 1309 1024 1345; x_wconf 90' lang='lat' dir='ltr'><strong>eum,</strong></span> <span class='ocrx_word' id='word_1_181' title='bbox 1062 1308 1138 1334; x_wconf 89' lang='lat' dir='ltr'><strong>nec</strong></span> <span class='ocrx_word' id='word_1_182' title='bbox 1175 1307 1310 1348; x_wconf 83' lang='lat' dir='ltr'><strong>angor</strong></span> <span class='ocrx_word' id='word_1_183' title='bbox 1342 1293 1553 1348; x_wconf 77' lang='lat' dir='ltr'><strong>attingat:</strong></span> 
     </span>
     <span class='ocr_line' id='line_1_23' title="bbox 117 1349 1556 1409; baseline -0.001 -16"><span class='ocrx_word' id='word_1_184' title='bbox 117 1351 330 1409; x_wconf 86' lang='lat' dir='ltr'><strong>idemque,</strong></span> <span class='ocrx_word' id='word_1_185' title='bbox 353 1353 388 1393; x_wconf 90' lang='lat' dir='ltr'><strong>si</strong></span> <span class='ocrx_word' id='word_1_186' title='bbox 407 1352 511 1393; x_wconf 91' lang='lat' dir='ltr'><strong>nihil</strong></span> <span class='ocrx_word' id='word_1_187' title='bbox 532 1351 816 1408; x_wconf 81' lang='lat' dir='ltr'><strong>concupiscat,</strong></span> <span class='ocrx_word' id='word_1_188' title='bbox 839 1351 954 1392; x_wconf 88' lang='lat' dir='ltr'><strong>nulla</strong></span> <span class='ocrx_word' id='word_1_189' title='bbox 975 1351 1170 1392; x_wconf 82' lang='lat' dir='ltr'><strong>efferatur</strong></span> <span class='ocrx_word' id='word_1_190' title='bbox 1198 1349 1328 1391; x_wconf 89' lang='lat' dir='ltr'><strong>animi</strong></span> <span class='ocrx_word' id='word_1_191' title='bbox 1348 1349 1461 1390; x_wconf 90' lang='lat' dir='ltr'><strong>inani</strong></span> <span class='ocrx_word' id='word_1_192' title='bbox 1481 1364 1556 1391; x_wconf 86' lang='lat' dir='ltr'><strong>vo-</strong></span> 
     </span>
     <span class='ocr_line' id='line_1_24' title="bbox 118 1405 1557 1465; baseline -0.001 -15"><span class='ocrx_word' id='word_1_193' title='bbox 118 1408 308 1464; x_wconf 85' lang='lat' dir='ltr'><strong>luptate:</strong></span> <span class='ocrx_word' id='word_1_194' title='bbox 339 1408 441 1465; x_wconf 90' lang='lat' dir='ltr'><strong>quid</strong></span> <span class='ocrx_word' id='word_1_195' title='bbox 471 1419 551 1460; x_wconf 87' lang='lat' dir='ltr'><strong>est,</strong></span> <span class='ocrx_word' id='word_1_196' title='bbox 581 1423 656 1450; x_wconf 87' lang='lat' dir='ltr'><strong>cur</strong></span> <span class='ocrx_word' id='word_1_197' title='bbox 685 1408 719 1449; x_wconf 90' lang='lat' dir='ltr'><strong>is</strong></span> <span class='ocrx_word' id='word_1_198' title='bbox 751 1423 834 1448; x_wconf 87' lang='lat' dir='ltr'><strong>non</strong></span> <span class='ocrx_word' id='word_1_199' title='bbox 866 1408 1013 1449; x_wconf 85' lang='lat' dir='ltr'><strong>beatus</strong></span> <span class='ocrx_word' id='word_1_200' title='bbox 1047 1407 1129 1448; x_wconf 82' lang='lat' dir='ltr'><strong>sit:</strong></span> <span class='ocrx_word' id='word_1_201' title='bbox 1160 1415 1203 1447; x_wconf 92' lang='lat' dir='ltr'><strong>et</strong></span> <span class='ocrx_word' id='word_1_202' title='bbox 1231 1407 1265 1447; x_wconf 89' lang='lat' dir='ltr'><strong>si</strong></span> <span class='ocrx_word' id='word_1_203' title='bbox 1293 1405 1385 1447; x_wconf 86' lang='lat' dir='ltr'><strong>haec</strong></span> <span class='ocrx_word' id='word_1_204' title='bbox 1404 1406 1557 1448; x_wconf 86' lang='lat' dir='ltr'><strong>virtute</strong></span> 
     </span>
     <span class='ocr_line' id='line_1_25' title="bbox 118 1462 1554 1521; baseline -0.001 -17"><span class='ocrx_word' id='word_1_205' title='bbox 118 1464 371 1516; x_wconf 86' lang='lat' dir='ltr'><strong>efficiuntur,</strong></span> <span class='ocrx_word' id='word_1_206' title='bbox 403 1464 506 1521; x_wconf 87' lang='lat' dir='ltr'><strong>quid</strong></span> <span class='ocrx_word' id='word_1_207' title='bbox 536 1474 614 1515; x_wconf 88' lang='lat' dir='ltr'><strong>est,</strong></span> <span class='ocrx_word' id='word_1_208' title='bbox 635 1479 710 1505; x_wconf 89' lang='lat' dir='ltr'><strong>cur</strong></span> <span class='ocrx_word' id='word_1_209' title='bbox 741 1464 869 1505; x_wconf 83' lang='lat' dir='ltr'><strong>virtus</strong></span> <span class='ocrx_word' id='word_1_210' title='bbox 898 1464 988 1519; x_wconf 90' lang='lat' dir='ltr'><strong>ipsa</strong></span> <span class='ocrx_word' id='word_1_211' title='bbox 1016 1477 1092 1519; x_wconf 90' lang='lat' dir='ltr'><strong>per</strong></span> <span class='ocrx_word' id='word_1_212' title='bbox 1112 1477 1156 1503; x_wconf 85' lang='lat' dir='ltr'><strong>se</strong></span> <span class='ocrx_word' id='word_1_213' title='bbox 1177 1478 1262 1504; x_wconf 91' lang='lat' dir='ltr'><strong>non</strong></span> <span class='ocrx_word' id='word_1_214' title='bbox 1280 1463 1432 1504; x_wconf 86' lang='lat' dir='ltr'><strong>efficiat</strong></span> <span class='ocrx_word' id='word_1_215' title='bbox 1451 1462 1554 1504; x_wconf 86' lang='lat' dir='ltr'><strong>bea·</strong></span> 
     </span>
     <span class='ocr_line' id='line_1_26' title="bbox 116 1519 1602 1578; baseline -0.001 -16"><span class='ocrx_word' id='word_1_216' title='bbox 116 1528 183 1562; x_wconf 85' lang='lat' dir='ltr'><strong>tos</strong></span> <span class='ocrx_word' id='word_1_217' title='bbox 204 1522 218 1561; x_wconf 89' lang='lat'>?</span> <span class='ocrx_word' id='word_1_218' title='bbox 249 1522 306 1563; x_wconf 91' lang='lat' dir='ltr'><strong>A.</strong></span> <span class='ocrx_word' id='word_1_219' title='bbox 329 1521 465 1577; x_wconf 88' lang='lat' dir='ltr'><strong>Atqui</strong></span> <span class='ocrx_word' id='word_1_220' title='bbox 494 1522 672 1562; x_wconf 84' lang='lat' dir='ltr'><strong>alterurn</strong></span> <span class='ocrx_word' id='word_1_221' title='bbox 702 1519 786 1561; x_wconf 90' lang='lat' dir='ltr'><strong>dici</strong></span> <span class='ocrx_word' id='word_1_222' title='bbox 815 1535 900 1561; x_wconf 89' lang='lat' dir='ltr'><strong>non</strong></span> <span class='ocrx_word' id='word_1_223' title='bbox 931 1529 1087 1576; x_wconf 89' lang='lat' dir='ltr'><strong>potest,</strong></span> <span class='ocrx_word' id='word_1_224' title='bbox 1108 1528 1147 1551; x_wconf 73' lang='lat'><strong>22</strong></span> <span class='ocrx_word' id='word_1_225' title='bbox 1163 1520 1263 1575; x_wconf 90' lang='lat' dir='ltr'><strong>quin</strong></span> <span class='ocrx_word' id='word_1_226' title='bbox 1285 1519 1328 1571; x_wconf 92' lang='lat' dir='ltr'><strong>ii,</strong></span> <span class='ocrx_word' id='word_1_227' title='bbox 1348 1519 1421 1575; x_wconf 92' lang='lat' dir='ltr'><strong>qui</strong></span> <span class='ocrx_word' id='word_1_228' title='bbox 1448 1519 1602 1578; x_wconf 80' lang='lat' dir='ltr'><strong>nihil7</strong></span> 
     </span>
     <span class='ocr_line' id='line_1_27' title="bbox 117 1575 1555 1634; baseline -0.001 -15"><span class='ocrx_word' id='word_1_229' title='bbox 117 1585 325 1629; x_wconf 87' lang='lat' dir='ltr'><strong>metuant,</strong></span> <span class='ocrx_word' id='word_1_230' title='bbox 346 1577 451 1619; x_wconf 88' lang='lat' dir='ltr'><strong>nihil</strong></span> <span class='ocrx_word' id='word_1_231' title='bbox 473 1586 694 1634; x_wconf 82' lang='lat' dir='ltr'><strong>angantur,</strong></span> <span class='ocrx_word' id='word_1_232' title='bbox 717 1576 821 1618; x_wconf 89' lang='lat' dir='ltr'><strong>nihil</strong></span> <span class='ocrx_word' id='word_1_233' title='bbox 849 1577 1166 1632; x_wconf 89' lang='lat' dir='ltr'><strong>concupiscant,</strong></span> <span class='ocrx_word' id='word_1_234' title='bbox 1187 1576 1303 1617; x_wconf 87' lang='lat' dir='ltr'><strong>nulla</strong></span> <span class='ocrx_word' id='word_1_235' title='bbox 1329 1575 1555 1631; x_wconf 88' lang='lat' dir='ltr'><strong>impotenti</strong></span> 
     </span>
     <span class='ocr_line' id='line_1_28' title="bbox 115 1632 1556 1690; baseline 0.001 -16"><span class='ocrx_word' id='word_1_236' title='bbox 115 1633 263 1677; x_wconf 89' lang='lat' dir='ltr'><strong>laetitia</strong></span> <span class='ocrx_word' id='word_1_237' title='bbox 281 1635 521 1686; x_wconf 85' lang='lat' dir='ltr'><strong>efferantur,</strong></span> <span class='ocrx_word' id='word_1_238' title='bbox 542 1634 652 1676; x_wconf 86' lang='lat' dir='ltr'><strong>beati</strong></span> <span class='ocrx_word' id='word_1_239' title='bbox 671 1634 778 1675; x_wconf 86' lang='lat' dir='ltr'><strong>sint:</strong></span> <span class='ocrx_word' id='word_1_240' title='bbox 811 1634 951 1690; x_wconf 88' lang='lat' dir='ltr'><strong>itaque</strong></span> <span class='ocrx_word' id='word_1_241' title='bbox 969 1633 1012 1674; x_wconf 89' lang='lat' dir='ltr'><strong>id</strong></span> <span class='ocrx_word' id='word_1_242' title='bbox 1032 1633 1110 1674; x_wconf 92' lang='lat' dir='ltr'><strong>tibi</strong></span> <span class='ocrx_word' id='word_1_243' title='bbox 1129 1632 1344 1674; x_wconf 86' lang='lat' dir='ltr'><strong>concedo:</strong></span> <span class='ocrx_word' id='word_1_244' title='bbox 1374 1632 1556 1676; x_wconf 87' lang='lat' dir='ltr'><strong>alterum</strong></span> 
     </span>
     <span class='ocr_line' id='line_1_29' title="bbox 121 1689 1555 1748; baseline -0.002 -15"><span class='ocrx_word' id='word_1_245' title='bbox 121 1700 265 1732; x_wconf 86' lang='lat' dir='ltr'><strong>autem</strong></span> <span class='ocrx_word' id='word_1_246' title='bbox 295 1690 387 1748; x_wconf 89' lang='lat' dir='ltr'><strong>jam</strong></span> <span class='ocrx_word' id='word_1_247' title='bbox 420 1691 632 1747; x_wconf 84' lang='lat' dir='ltr'><strong>integrum</strong></span> <span class='ocrx_word' id='word_1_248' title='bbox 664 1705 750 1731; x_wconf 85' lang='lat' dir='ltr'><strong>non</strong></span> <span class='ocrx_word' id='word_1_249' title='bbox 783 1700 859 1732; x_wconf 87' lang='lat' dir='ltr'><strong>est.</strong></span> <span class='ocrx_word' id='word_1_250' title='bbox 899 1689 1185 1745; x_wconf 84' lang='lat' dir='ltr'><strong>superioribus</strong></span> <span class='ocrx_word' id='word_1_251' title='bbox 1219 1689 1332 1730; x_wconf 89' lang='lat' dir='ltr'><strong>enim</strong></span> <span class='ocrx_word' id='word_1_252' title='bbox 1364 1689 1555 1744; x_wconf 89' lang='lat' dir='ltr'><strong>disputa-</strong></span> 
     </span>
     <span class='ocr_line' id='line_1_30' title="bbox 115 1746 1556 1801; baseline 0 -13"><span class='ocrx_word' id='word_1_253' title='bbox 115 1747 304 1789; x_wconf 83' lang='lat' dir='ltr'><strong>tionibus</strong></span> <span class='ocrx_word' id='word_1_254' title='bbox 333 1748 532 1789; x_wconf 88' lang='lat' dir='ltr'><strong>effectum</strong></span> <span class='ocrx_word' id='word_1_255' title='bbox 565 1756 642 1798; x_wconf 85' lang='lat' dir='ltr'><strong>est,</strong></span> <span class='ocrx_word' id='word_1_256' title='bbox 673 1761 816 1789; x_wconf 89' lang='lat' dir='ltr'><strong>vacare</strong></span> <span class='ocrx_word' id='word_1_257' title='bbox 849 1748 965 1788; x_wconf 90' lang='lat' dir='ltr'><strong>omni</strong></span> <span class='ocrx_word' id='word_1_258' title='bbox 995 1746 1123 1788; x_wconf 90' lang='lat' dir='ltr'><strong>animi</strong></span> <span class='ocrx_word' id='word_1_259' title='bbox 1147 1746 1463 1801; x_wconf 86' lang='lat' dir='ltr'><strong>perturbatione</strong></span> <span class='ocrx_word' id='word_1_260' title='bbox 1489 1760 1556 1788; x_wconf 88' lang='lat' dir='ltr'><strong>sa·</strong></span> 
     </span>
     <span class='ocr_line' id='line_1_31' title="bbox 114 1803 1554 1860; baseline 0 -16"><span class='ocrx_word' id='word_1_261' title='bbox 114 1803 321 1860; x_wconf 85' lang='lat' dir='ltr'><strong>pientem.</strong></span> <span class='ocrx_word' id='word_1_262' title='bbox 380 1805 446 1845; x_wconf 89' lang='lat' dir='ltr'><strong>M.</strong></span> <span class='ocrx_word' id='word_1_263' title='bbox 468 1804 685 1846; x_wconf 89' lang='lat' dir='ltr'><strong>Nimirum</strong></span> <span class='ocrx_word' id='word_1_264' title='bbox 706 1804 836 1859; x_wconf 81' lang='lat' dir='ltr'><strong>igitur</strong></span> <span class='ocrx_word' id='word_1_265' title='bbox 855 1805 1048 1845; x_wconf 87' lang='lat' dir='ltr'><strong>confecta</strong></span> <span class='ocrx_word' id='word_1_266' title='bbox 1067 1818 1132 1844; x_wconf 90' lang='lat' dir='ltr'><strong>res</strong></span> <span class='ocrx_word' id='word_1_267' title='bbox 1152 1812 1230 1844; x_wconf 89' lang='lat' dir='ltr'><strong>est.</strong></span> <span class='ocrx_word' id='word_1_268' title='bbox 1260 1803 1423 1844; x_wconf 86' lang='lat' dir='ltr'><strong>videtur</strong></span> <span class='ocrx_word' id='word_1_269' title='bbox 1440 1803 1554 1845; x_wconf 89' lang='lat' dir='ltr'><strong>enim</strong></span> 
     </span>
     <span class='ocr_line' id='line_1_32' title="bbox 117 1859 1617 1916; baseline -0.001 -15"><span class='ocrx_word' id='word_1_270' title='bbox 117 1860 172 1901; x_wconf 89' lang='lat' dir='ltr'><strong>ad</strong></span> <span class='ocrx_word' id='word_1_271' title='bbox 211 1860 372 1902; x_wconf 87' lang='lat' dir='ltr'><strong>exitum</strong></span> <span class='ocrx_word' id='word_1_272' title='bbox 407 1861 565 1902; x_wconf 86' lang='lat' dir='ltr'><strong>venisse</strong></span> <span class='ocrx_word' id='word_1_273' title='bbox 603 1861 796 1916; x_wconf 86' lang='lat' dir='ltr'><strong>quaestio.</strong></span> <span class='ocrx_word' id='word_1_274' title='bbox 855 1862 911 1901; x_wconf 85' lang='lat' dir='ltr'><strong>A.</strong></span> <span class='ocrx_word' id='word_1_275' title='bbox 944 1859 1254 1916; x_wconf 89' lang='lat' dir='ltr'><strong>Propemodum</strong></span> <span class='ocrx_word' id='word_1_276' title='bbox 1291 1860 1335 1901; x_wconf 91' lang='lat' dir='ltr'><strong>id</strong></span> <span class='ocrx_word' id='word_1_277' title='bbox 1365 1860 1552 1916; x_wconf 89' lang='lat' dir='ltr'><strong>quidem.</strong></span> <span class='ocrx_word' id='word_1_278' title='bbox 1570 1871 1617 1905; x_wconf 74' lang='lat' dir='ltr'>u</span> 
     </span>
     <span class='ocr_line' id='line_1_33' title="bbox 120 1916 1555 1972; baseline 0.002 -16"><span class='ocrx_word' id='word_1_279' title='bbox 120 1916 186 1957; x_wconf 89' lang='lat' dir='ltr'><strong>M.</strong></span> <span class='ocrx_word' id='word_1_280' title='bbox 211 1918 511 1959; x_wconf 90' lang='lat' dir='ltr'><strong>Verumtamen</strong></span> <span class='ocrx_word' id='word_1_281' title='bbox 542 1917 938 1958; x_wconf 89' lang='lat' dir='ltr'><strong>mathematicorum</strong></span> <span class='ocrx_word' id='word_1_282' title='bbox 957 1918 1034 1958; x_wconf 89' lang='lat' dir='ltr'><strong>iste</strong></span> <span class='ocrx_word' id='word_1_283' title='bbox 1054 1931 1148 1957; x_wconf 88' lang='lat' dir='ltr'><strong>mos</strong></span> <span class='ocrx_word' id='word_1_284' title='bbox 1169 1925 1248 1969; x_wconf 88' lang='lat' dir='ltr'><strong>est,</strong></span> <span class='ocrx_word' id='word_1_285' title='bbox 1269 1932 1355 1959; x_wconf 90' lang='lat' dir='ltr'><strong>non</strong></span> <span class='ocrx_word' id='word_1_286' title='bbox 1372 1926 1438 1959; x_wconf 87' lang='lat' dir='ltr'><strong>est</strong></span> <span class='ocrx_word' id='word_1_287' title='bbox 1457 1916 1555 1972; x_wconf 88' lang='lat' dir='ltr'><strong>phi-</strong></span> 
     </span>
     <span class='ocr_line' id='line_1_34' title="bbox 117 1971 1556 2029; baseline 0.001 -16"><span class='ocrx_word' id='word_1_288' title='bbox 117 1971 412 2029; x_wconf 84' lang='lat' dir='ltr'><strong>losophorum.</strong></span> <span class='ocrx_word' id='word_1_289' title='bbox 470 1975 584 2015; x_wconf 90' lang='lat' dir='ltr'><strong>Nam</strong></span> <span class='ocrx_word' id='word_1_290' title='bbox 607 1982 838 2029; x_wconf 81' lang='lat' dir='ltr'><strong>geometrae</strong></span> <span class='ocrx_word' id='word_1_291' title='bbox 858 1989 956 2015; x_wconf 88' lang='lat' dir='ltr'><strong>cum</strong></span> <span class='ocrx_word' id='word_1_292' title='bbox 977 1973 1136 2029; x_wconf 89' lang='lat' dir='ltr'><strong>aliquid</strong></span> <span class='ocrx_word' id='word_1_293' title='bbox 1166 1973 1319 2015; x_wconf 88' lang='lat' dir='ltr'><strong>docere</strong></span> <span class='ocrx_word' id='word_1_294' title='bbox 1339 1974 1498 2025; x_wconf 86' lang='lat' dir='ltr'><strong>volunt,</strong></span> <span class='ocrx_word' id='word_1_295' title='bbox 1519 1973 1556 2016; x_wconf 92' lang='lat' dir='ltr'><strong>si</strong></span> 
     </span>
     <span class='ocr_line' id='line_1_35' title="bbox 117 2029 1553 2086; baseline 0.001 -15"><span class='ocrx_word' id='word_1_296' title='bbox 117 2029 223 2085; x_wconf 87' lang='lat' dir='ltr'><strong>quid</strong></span> <span class='ocrx_word' id='word_1_297' title='bbox 240 2029 294 2071; x_wconf 86' lang='lat' dir='ltr'><strong>ad</strong></span> <span class='ocrx_word' id='word_1_298' title='bbox 313 2045 404 2071; x_wconf 87' lang='lat' dir='ltr'><strong>eam</strong></span> <span class='ocrx_word' id='word_1_299' title='bbox 427 2045 515 2071; x_wconf 90' lang='lat' dir='ltr'><strong>rem</strong></span> <span class='ocrx_word' id='word_1_300' title='bbox 536 2031 718 2086; x_wconf 89' lang='lat' dir='ltr'><strong>pertinet</strong></span> <span class='ocrx_word' id='word_1_301' title='bbox 735 2045 898 2079; x_wconf 79' lang='lat' dir='ltr'><strong>eorum,</strong></span> <span class='ocrx_word' id='word_1_302' title='bbox 920 2045 1014 2086; x_wconf 86' lang='lat' dir='ltr'><strong>quae</strong></span> <span class='ocrx_word' id='word_1_303' title='bbox 1034 2039 1131 2071; x_wconf 86' lang='lat' dir='ltr'><strong>ante</strong></span> <span class='ocrx_word' id='word_1_304' title='bbox 1152 2030 1401 2082; x_wconf 88' lang='lat' dir='ltr'><strong>docuerunt,</strong></span> <span class='ocrx_word' id='word_1_305' title='bbox 1419 2030 1460 2072; x_wconf 94' lang='lat' dir='ltr'><strong>id</strong></span> <span class='ocrx_word' id='word_1_306' title='bbox 1481 2046 1553 2073; x_wconf 87' lang='lat' dir='ltr'><strong>su-</strong></span> 
     </span>
     <span class='ocr_line' id='line_1_36' title="bbox 118 2087 1685 2143; baseline 0 -16"><span class='ocrx_word' id='word_1_307' title='bbox 118 2095 242 2128; x_wconf 88' lang='lat' dir='ltr'><strong>munt</strong></span> <span class='ocrx_word' id='word_1_308' title='bbox 258 2100 336 2142; x_wconf 90' lang='lat' dir='ltr'><strong>pro</strong></span> <span class='ocrx_word' id='word_1_309' title='bbox 357 2101 558 2128; x_wconf 88' lang='lat' dir='ltr'><strong>concesso</strong></span> <span class='ocrx_word' id='word_1_310' title='bbox 578 2097 621 2129; x_wconf 94' lang='lat' dir='ltr'><strong>et</strong></span> <span class='ocrx_word' id='word_1_311' title='bbox 640 2087 819 2143; x_wconf 88' lang='lat' dir='ltr'><strong>probato</strong></span> <span class='ocrx_word' id='word_1_312' title='bbox 836 2104 846 2128; x_wconf 89' lang='lat'>:</span> <span class='ocrx_word' id='word_1_313' title='bbox 877 2087 981 2128; x_wconf 89' lang='lat' dir='ltr'><strong>illud</strong></span> <span class='ocrx_word' id='word_1_314' title='bbox 1002 2087 1133 2128; x_wconf 88' lang='lat' dir='ltr'><strong>modo</strong></span> <span class='ocrx_word' id='word_1_315' title='bbox 1152 2087 1378 2143; x_wconf 79' lang='lat' dir='ltr'><strong>explicant,</strong></span> <span class='ocrx_word' id='word_1_316' title='bbox 1396 2087 1447 2129; x_wconf 90' lang='lat' dir='ltr'><strong>de</strong></span> <span class='ocrx_word' id='word_1_317' title='bbox 1466 2102 1552 2143; x_wconf 89' lang='lat' dir='ltr'><strong>quo</strong></span> <span class='ocrx_word' id='word_1_318' title='bbox 1565 2105 1598 2136; x_wconf 86' lang='lat' dir='ltr'><strong>p.</strong></span> <span class='ocrx_word' id='word_1_319' title='bbox 1611 2101 1685 2128; x_wconf 72' lang='lat'><strong>202.</strong></span> 
     </span>
     <span class='ocr_line' id='line_1_37' title="bbox 119 2143 1597 2199; baseline 0.001 -16"><span class='ocrx_word' id='word_1_320' title='bbox 119 2151 217 2184; x_wconf 83' lang='lat' dir='ltr'><strong>ante</strong></span> <span class='ocrx_word' id='word_1_321' title='bbox 247 2143 351 2184; x_wconf 89' lang='lat' dir='ltr'><strong>nihil</strong></span> <span class='ocrx_word' id='word_1_322' title='bbox 380 2143 584 2199; x_wconf 90' lang='lat' dir='ltr'><strong>scriptum</strong></span> <span class='ocrx_word' id='word_1_323' title='bbox 616 2154 693 2185; x_wconf 84' lang='lat' dir='ltr'><strong>est.</strong></span> <span class='ocrx_word' id='word_1_324' title='bbox 754 2143 1014 2199; x_wconf 88' lang='lat' dir='ltr'><strong>Philosophi,</strong></span> <span class='ocrx_word' id='word_1_325' title='bbox 1035 2157 1348 2199; x_wconf 86' lang='lat' dir='ltr'><strong>quamcumque</strong></span> <span class='ocrx_word' id='word_1_326' title='bbox 1366 2158 1454 2185; x_wconf 90' lang='lat' dir='ltr'><strong>rem</strong></span> <span class='ocrx_word' id='word_1_327' title='bbox 1477 2145 1552 2184; x_wconf 87' lang='lat' dir='ltr'><strong>ha-</strong></span> <span class='ocrx_word' id='word_1_328' title='bbox 1565 2149 1597 2172; x_wconf 74' lang='lat'><strong>⁸·</strong></span> 
     </span>
     <span class='ocr_line' id='line_1_38' title="bbox 119 2198 1557 2257; baseline 0.001 -17"><span class='ocrx_word' id='word_1_329' title='bbox 119 2198 223 2241; x_wconf 87' lang='lat' dir='ltr'><strong>bent</strong></span> <span class='ocrx_word' id='word_1_330' title='bbox 242 2199 284 2241; x_wconf 91' lang='lat' dir='ltr'><strong>in</strong></span> <span class='ocrx_word' id='word_1_331' title='bbox 305 2201 513 2250; x_wconf 83' lang='lat' dir='ltr'><strong>manibus,</strong></span> <span class='ocrx_word' id='word_1_332' title='bbox 533 2200 576 2240; x_wconf 92' lang='lat' dir='ltr'><strong>in</strong></span> <span class='ocrx_word' id='word_1_333' title='bbox 597 2214 708 2251; x_wconf 90' lang='lat' dir='ltr'><strong>eam,</strong></span> <span class='ocrx_word' id='word_1_334' title='bbox 729 2216 823 2257; x_wconf 83' lang='lat' dir='ltr'><strong>quae</strong></span> <span class='ocrx_word' id='word_1_335' title='bbox 845 2200 1113 2250; x_wconf 82' lang='lat' dir='ltr'><strong>conveniunt,</strong></span> <span class='ocrx_word' id='word_1_336' title='bbox 1134 2209 1371 2255; x_wconf 83' lang='lat' dir='ltr'><strong>congerunt</strong></span> <span class='ocrx_word' id='word_1_337' title='bbox 1397 2201 1557 2251; x_wconf 89' lang='lat' dir='ltr'><strong>omnia,</strong></span> 
     </span>
     <span class='ocr_line' id='line_1_39' title="bbox 120 2255 1555 2313; baseline 0 -15"><span class='ocrx_word' id='word_1_338' title='bbox 120 2256 199 2298; x_wconf 88' lang='lat' dir='ltr'><strong>etsi</strong></span> <span class='ocrx_word' id='word_1_339' title='bbox 231 2256 315 2298; x_wconf 92' lang='lat' dir='ltr'><strong>alio</strong></span> <span class='ocrx_word' id='word_1_340' title='bbox 344 2257 441 2298; x_wconf 92' lang='lat' dir='ltr'><strong>loco</strong></span> <span class='ocrx_word' id='word_1_341' title='bbox 470 2255 684 2312; x_wconf 89' lang='lat' dir='ltr'><strong>disputata</strong></span> <span class='ocrx_word' id='word_1_342' title='bbox 712 2266 825 2299; x_wconf 87' lang='lat' dir='ltr'><strong>sunt.</strong></span> <span class='ocrx_word' id='word_1_343' title='bbox 883 2255 1013 2313; x_wconf 68' lang='lat' dir='ltr'><strong>Quod</strong></span> <span class='ocrx_word' id='word_1_344' title='bbox 1040 2256 1080 2296; x_wconf 89' lang='lat' dir='ltr'><strong>ni</strong></span> <span class='ocrx_word' id='word_1_345' title='bbox 1111 2256 1170 2297; x_wconf 86' lang='lat' dir='ltr'><strong>ita</strong></span> <span class='ocrx_word' id='word_1_346' title='bbox 1198 2265 1323 2307; x_wconf 90' lang='lat' dir='ltr'><strong>esset,</strong></span> <span class='ocrx_word' id='word_1_347' title='bbox 1344 2271 1420 2298; x_wconf 84' lang='lat' dir='ltr'><strong>cur</strong></span> <span class='ocrx_word' id='word_1_348' title='bbox 1441 2257 1555 2298; x_wconf 86' lang='lat' dir='ltr'><strong>Stoi-</strong></span> 
     </span>
     <span class='ocr_line' id='line_1_40' title="bbox 121 2312 1556 2369; baseline -0.002 -12"><span class='ocrx_word' id='word_1_349' title='bbox 121 2325 212 2364; x_wconf 79' lang='lat' dir='ltr'><strong>CUS,</strong></span> <span class='ocrx_word' id='word_1_350' title='bbox 246 2313 282 2354; x_wconf 92' lang='lat' dir='ltr'><strong>si</strong></span> <span class='ocrx_word' id='word_1_351' title='bbox 315 2321 426 2355; x_wconf 90' lang='lat' dir='ltr'><strong>esset</strong></span> <span class='ocrx_word' id='word_1_352' title='bbox 461 2312 702 2369; x_wconf 73' lang='lat' dir='ltr'><strong>quaesitum,</strong></span> <span class='ocrx_word' id='word_1_353' title='bbox 737 2313 891 2355; x_wconf 83' lang='lat' dir='ltr'><strong>satisne</strong></span> <span class='ocrx_word' id='word_1_354' title='bbox 929 2312 982 2353; x_wconf 89' lang='lat' dir='ltr'><strong>ad</strong></span> <span class='ocrx_word' id='word_1_355' title='bbox 1016 2313 1139 2353; x_wconf 84' lang='lat' dir='ltr'><strong>beate</strong></span> <span class='ocrx_word' id='word_1_356' title='bbox 1171 2312 1392 2354; x_wconf 87' lang='lat' dir='ltr'><strong>vivendum</strong></span> <span class='ocrx_word' id='word_1_357' title='bbox 1428 2314 1556 2354; x_wconf 89' lang='lat' dir='ltr'><strong>virtus</strong></span> 
     </span>
     <span class='ocr_line' id='line_1_41' title="bbox 121 2369 1556 2425; baseline 0.001 -16"><span class='ocrx_word' id='word_1_358' title='bbox 121 2378 278 2422; x_wconf 88' lang='lat' dir='ltr'><strong>posset,</strong></span> <span class='ocrx_word' id='word_1_359' title='bbox 310 2369 447 2411; x_wconf 89' lang='lat' dir='ltr'><strong>multa</strong></span> <span class='ocrx_word' id='word_1_360' title='bbox 472 2370 662 2412; x_wconf 87' lang='lat' dir='ltr'><strong>diceret?</strong></span> <span class='ocrx_word' id='word_1_361' title='bbox 694 2371 763 2412; x_wconf 88' lang='lat' dir='ltr'><strong>cui</strong></span> <span class='ocrx_word' id='word_1_362' title='bbox 793 2370 892 2411; x_wconf 84' lang='lat' dir='ltr'><strong>satis</strong></span> <span class='ocrx_word' id='word_1_363' title='bbox 925 2378 1049 2420; x_wconf 85' lang='lat' dir='ltr'><strong>esset,</strong></span> <span class='ocrx_word' id='word_1_364' title='bbox 1079 2370 1348 2425; x_wconf 87' lang='lat' dir='ltr'><strong>respondere,</strong></span> <span class='ocrx_word' id='word_1_365' title='bbox 1383 2384 1427 2411; x_wconf 91' lang='lat' dir='ltr'><strong>se</strong></span> <span class='ocrx_word' id='word_1_366' title='bbox 1459 2379 1556 2411; x_wconf 77' lang='lat' dir='ltr'><strong>ante</strong></span> 
     </span>
     <span class='ocr_line' id='line_1_42' title="bbox 121 2423 1556 2482; baseline 0.003 -17"><span class='ocrx_word' id='word_1_367' title='bbox 121 2423 329 2476; x_wconf 88' lang='lat' dir='ltr'><strong>docuisse,</strong></span> <span class='ocrx_word' id='word_1_368' title='bbox 353 2426 456 2468; x_wconf 89' lang='lat' dir='ltr'><strong>nihil</strong></span> <span class='ocrx_word' id='word_1_369' title='bbox 485 2427 644 2468; x_wconf 90' lang='lat' dir='ltr'><strong>bonum</strong></span> <span class='ocrx_word' id='word_1_370' title='bbox 671 2441 777 2478; x_wconf 89' lang='lat' dir='ltr'><strong>esse,</strong></span> <span class='ocrx_word' id='word_1_371' title='bbox 810 2426 889 2468; x_wconf 89' lang='lat' dir='ltr'><strong>nisi</strong></span> <span class='ocrx_word' id='word_1_372' title='bbox 914 2426 1031 2482; x_wconf 90' lang='lat' dir='ltr'><strong>quod</strong></span> <span class='ocrx_word' id='word_1_373' title='bbox 1059 2426 1285 2468; x_wconf 90' lang='lat' dir='ltr'><strong>honestum</strong></span> <span class='ocrx_word' id='word_1_374' title='bbox 1306 2436 1441 2468; x_wconf 87' lang='lat' dir='ltr'><strong>esset:</strong></span> <span class='ocrx_word' id='word_1_375' title='bbox 1473 2426 1556 2470; x_wconf 78' lang='lat' dir='ltr'><strong>hoc</strong></span> 
     </span>
    </p>
   </div>
   <div class='ocr_carea' id='block_1_3' title="bbox 169 2569 1556 2611">
    <p class='ocr_par' dir='ltr' id='par_1_3' title="bbox 169 2569 1556 2611">
     <span class='ocr_line' id='line_1_43' title="bbox 169 2569 1556 2611; baseline 0.002 -13"><span class='ocrx_word' id='word_1_376' title='bbox 169 2576 207 2602; x_wconf 88' lang='lat'><strong>19</strong></span> <span class='ocrx_word' id='word_1_377' title='bbox 222 2576 297 2610; x_wconf 72' lang='lat' dir='ltr'><strong>saepe</strong></span> <span class='ocrx_word' id='word_1_378' title='bbox 319 2569 454 2610; x_wconf 79' lang='lat' dir='ltr'><strong>contigit]</strong></span> <span class='ocrx_word' id='word_1_379' title='bbox 474 2570 545 2600; x_wconf 83' lang='lat' dir='ltr'><strong>Hoc</strong></span> <span class='ocrx_word' id='word_1_380' title='bbox 561 2570 675 2601; x_wconf 84' lang='lat' dir='ltr'><strong>melius</strong></span> <span class='ocrx_word' id='word_1_381' title='bbox 691 2570 821 2610; x_wconf 85' lang='lat' dir='ltr'><strong>vulgato</strong></span> <span class='ocrx_word' id='word_1_382' title='bbox 864 2580 961 2599; x_wconf 78' lang='lat' dir='ltr'><strong>mana,</strong></span> <span class='ocrx_word' id='word_1_383' title='bbox 985 2569 1095 2600; x_wconf 89' lang='lat' dir='ltr'><strong>Cicero</strong></span> <span class='ocrx_word' id='word_1_384' title='bbox 1105 2579 1231 2610; x_wconf 82' lang='lat' dir='ltr'><strong>semper</strong></span> <span class='ocrx_word' id='word_1_385' title='bbox 1241 2570 1367 2600; x_wconf 78' lang='lat' dir='ltr'><strong>humana</strong></span> <span class='ocrx_word' id='word_1_386' title='bbox 1379 2570 1446 2601; x_wconf 84' lang='lat' dir='ltr'><strong>sola</strong></span> <span class='ocrx_word' id='word_1_387' title='bbox 1458 2572 1556 2611; x_wconf 88' lang='lat' dir='ltr'><strong>ponit.</strong></span> 
     </span>
    </p>
   </div>
   <div class='ocr_carea' id='block_1_4' title="bbox 122 2611 1560 2741">
    <p class='ocr_par' dir='ltr' id='par_1_4' title="bbox 122 2611 1560 2741">
     <span class='ocr_line' id='line_1_44' title="bbox 123 2611 1557 2655; baseline 0.003 -15"><span class='ocrx_word' id='word_1_388' title='bbox 123 2611 275 2651; x_wconf 64' lang='lat' dir='ltr'><strong>contingit.</strong></span> <span class='ocrx_word' id='word_1_389' title='bbox 298 2619 330 2642; x_wconf 88' lang='lat' dir='ltr'><strong>et</strong></span> <span class='ocrx_word' id='word_1_390' title='bbox 345 2613 374 2642; x_wconf 89' lang='lat' dir='ltr'><strong>id</strong></span> <span class='ocrx_word' id='word_1_391' title='bbox 390 2614 422 2642; x_wconf 88' lang='lat' dir='ltr'><strong>in</strong></span> <span class='ocrx_word' id='word_1_392' title='bbox 440 2612 517 2643; x_wconf 86' lang='lat' dir='ltr'><strong>Mss.</strong></span> <span class='ocrx_word' id='word_1_393' title='bbox 534 2620 692 2653; x_wconf 86' lang='lat' dir='ltr'><strong>repertum</strong></span> <span class='ocrx_word' id='word_1_394' title='bbox 709 2621 766 2643; x_wconf 88' lang='lat' dir='ltr'><strong>est.</strong></span> <span class='ocrx_word' id='word_1_395' title='bbox 864 2613 935 2643; x_wconf 88' lang='lat' dir='ltr'><strong>libri</strong></span> <span class='ocrx_word' id='word_1_396' title='bbox 951 2613 1004 2643; x_wconf 84' lang='lat' dir='ltr'><strong>alii</strong></span> <span class='ocrx_word' id='word_1_397' title='bbox 1024 2624 1223 2655; x_wconf 79' lang='lat' dir='ltr'><strong>quaecumque,</strong></span> <span class='ocrx_word' id='word_1_398' title='bbox 1247 2613 1299 2644; x_wconf 87' lang='lat' dir='ltr'><strong>alii</strong></span> <span class='ocrx_word' id='word_1_399' title='bbox 1322 2624 1388 2655; x_wconf 84' lang='lat' dir='ltr'><strong>quae</strong></span> <span class='ocrx_word' id='word_1_400' title='bbox 1411 2614 1557 2655; x_wconf 81' lang='lat' dir='ltr'><strong>cuiquam.</strong></span> 
     </span>
     <span class='ocr_line' id='line_1_45' title="bbox 168 2653 1312 2698; baseline 0.001 -13"><span class='ocrx_word' id='word_1_401' title='bbox 168 2661 209 2685; x_wconf 76' lang='lat'><strong>20</strong></span> <span class='ocrx_word' id='word_1_402' title='bbox 232 2653 423 2696; x_wconf 78' lang='lat' dir='ltr'><strong>exsultantes]</strong></span> <span class='ocrx_word' id='word_1_403' title='bbox 441 2655 558 2687; x_wconf 89' lang='lat' dir='ltr'><strong>Pendet</strong></span> <span class='ocrx_word' id='word_1_404' title='bbox 579 2666 598 2687; x_wconf 88' lang='lat' dir='ltr'><strong>a</strong></span> <span class='ocrx_word' id='word_1_405' title='bbox 620 2667 698 2698; x_wconf 78' lang='lat' dir='ltr'><strong>quos.</strong></span> <span class='ocrx_word' id='word_1_406' title='bbox 725 2657 822 2687; x_wconf 79' lang='lat' dir='ltr'><strong>Davi·</strong></span> <span class='ocrx_word' id='word_1_407' title='bbox 866 2655 998 2686; x_wconf 89' lang='lat' dir='ltr'><strong>nullum</strong></span> <span class='ocrx_word' id='word_1_408' title='bbox 1013 2657 1095 2686; x_wconf 87' lang='lat' dir='ltr'><strong>mihi</strong></span> <span class='ocrx_word' id='word_1_409' title='bbox 1111 2657 1184 2686; x_wconf 85' lang='lat' dir='ltr'><strong>satis</strong></span> <span class='ocrx_word' id='word_1_410' title='bbox 1200 2656 1312 2695; x_wconf 85' lang='lat' dir='ltr'><strong>placet.</strong></span> 
     </span>
     <span class='ocr_line' id='line_1_46' title="bbox 122 2696 1560 2741; baseline 0.001 -13"><span class='ocrx_word' id='word_1_411' title='bbox 122 2696 189 2728; x_wconf 69' lang='lat' dir='ltr'><strong>flius</strong></span> <span class='ocrx_word' id='word_1_412' title='bbox 204 2698 289 2728; x_wconf 84' lang='lat' dir='ltr'><strong>addit</strong></span> <span class='ocrx_word' id='word_1_413' title='bbox 304 2704 342 2728; x_wconf 79' lang='lat' dir='ltr'><strong>et.</strong></span> <span class='ocrx_word' id='word_1_414' title='bbox 906 2706 945 2730; x_wconf 73' lang='lat'><strong>22</strong></span> <span class='ocrx_word' id='word_1_415' title='bbox 962 2698 1034 2741; x_wconf 85' lang='lat' dir='ltr'><strong>quin</strong></span> <span class='ocrx_word' id='word_1_416' title='bbox 1056 2698 1094 2739; x_wconf 81' lang='lat' dir='ltr'><strong>ii]</strong></span> <span class='ocrx_word' id='word_1_417' title='bbox 1120 2699 1264 2730; x_wconf 84' lang='lat' dir='ltr'><strong>Pearcius</strong></span> <span class='ocrx_word' id='word_1_418' title='bbox 1281 2699 1407 2739; x_wconf 84' lang='lat' dir='ltr'><strong>corrigit</strong></span> <span class='ocrx_word' id='word_1_419' title='bbox 1428 2699 1503 2740; x_wconf 80' lang='lat' dir='ltr'><strong>quod</strong></span> <span class='ocrx_word' id='word_1_420' title='bbox 1523 2698 1560 2729; x_wconf 81' lang='lat' dir='ltr'><strong>ii.</strong></span> 
     </span>
    </p>
   </div>
   <div class='ocr_carea' id='block_1_5' title="bbox 125 2738 1561 2824">
    <p class='ocr_par' dir='ltr' id='par_1_5' title="bbox 125 2738 1561 2824">
     <span class='ocr_line' id='line_1_47' title="bbox 168 2738 1561 2784; baseline -0.001 -14"><span class='ocrx_word' id='word_1_421' title='bbox 168 2746 205 2770; x_wconf 79' lang='lat'><strong>21</strong></span> <span class='ocrx_word' id='word_1_422' title='bbox 225 2750 290 2781; x_wconf 82' lang='lat' dir='ltr'><strong>quae</strong></span> <span class='ocrx_word' id='word_1_423' title='bbox 304 2741 407 2783; x_wconf 84' lang='lat' dir='ltr'><strong>cuique</strong></span> <span class='ocrx_word' id='word_1_424' title='bbox 421 2751 482 2770; x_wconf 84' lang='lat' dir='ltr'><strong>acc.</strong></span> <span class='ocrx_word' id='word_1_425' title='bbox 491 2739 622 2780; x_wconf 78' lang='lat' dir='ltr'><strong>possunt]</strong></span> <span class='ocrx_word' id='word_1_426' title='bbox 640 2742 721 2772; x_wconf 79' lang='lat' dir='ltr'><strong>Haec</strong></span> <span class='ocrx_word' id='word_1_427' title='bbox 737 2742 819 2772; x_wconf 86' lang='lat' dir='ltr'><strong>mihi</strong></span> <span class='ocrx_word' id='word_1_428' title='bbox 862 2741 942 2773; x_wconf 85' lang='lat' dir='ltr'><strong>illud</strong></span> <span class='ocrx_word' id='word_1_429' title='bbox 964 2752 1029 2772; x_wconf 79' lang='lat' dir='ltr'><strong>non</strong></span> <span class='ocrx_word' id='word_1_430' title='bbox 1053 2751 1120 2773; x_wconf 84' lang='lat' dir='ltr'><strong>esse</strong></span> <span class='ocrx_word' id='word_1_431' title='bbox 1146 2742 1294 2773; x_wconf 85' lang='lat' dir='ltr'><strong>latinum.</strong></span> <span class='ocrx_word' id='word_1_432' title='bbox 1318 2745 1421 2774; x_wconf 82' lang='lat' dir='ltr'><strong>immo</strong></span> <span class='ocrx_word' id='word_1_433' title='bbox 1443 2741 1519 2784; x_wconf 68' lang='lat' dir='ltr'><strong>quod</strong></span> <span class='ocrx_word' id='word_1_434' title='bbox 1536 2738 1561 2770; x_wconf 69' lang='grc' dir='ltr'><strong><em>ἦ</em></strong></span> 
     </span>
     <span class='ocr_line' id='line_1_48' title="bbox 125 2779 1251 2824; baseline 0.003 -11"><span class='ocrx_word' id='word_1_435' title='bbox 125 2779 329 2820; x_wconf 71' lang='lat' dir='ltr'><strong>glossatorem</strong></span> <span class='ocrx_word' id='word_1_436' title='bbox 344 2784 484 2824; x_wconf 74' lang='lat' dir='ltr'><strong>sapiunt,</strong></span> <span class='ocrx_word' id='word_1_437' title='bbox 497 2784 752 2824; x_wconf 78' lang='lat' dir='ltr'><strong>interpretantem</strong></span> <span class='ocrx_word' id='word_1_438' title='bbox 768 2784 821 2813; x_wconf 75' lang='lat' dir='ltr'><strong>hu.</strong></span> <span class='ocrx_word' id='word_1_439' title='bbox 863 2795 927 2815; x_wconf 84' lang='lat' dir='ltr'><strong>non</strong></span> <span class='ocrx_word' id='word_1_440' title='bbox 944 2792 990 2816; x_wconf 77' lang='lat' dir='ltr'><strong>est</strong></span> <span class='ocrx_word' id='word_1_441' title='bbox 1005 2785 1086 2817; x_wconf 74' lang='lat' dir='ltr'><strong>bene</strong></span> <span class='ocrx_word' id='word_1_442' title='bbox 1101 2785 1251 2816; x_wconf 83' lang='lat' dir='ltr'><strong>latinum.</strong></span> 
     </span>
    </p>
   </div>
  </div>
 </body>
</html>
