1778 3095
252 124 329 161 606
816 120 897 158 DE
941 120 1111 158 FATO

260 240 277 262 ·2
296 238 468 286 totaque
489 237 552 271 est
570 227 722 284 logicae
738 244 749 279 3
773 243 898 284 quam
919 230 1123 270 rationem
1145 226 1373 270 disserendi
1394 242 1509 269 voco.
1547 223 1674 283 Quod

254 296 396 328 autem
420 295 436 318 3
454 287 496 327 in
517 286 606 326 aliis
626 284 742 325 libris
762 286 855 336 feci,
878 286 950 341 qui
973 295 1070 326 sunt
1089 286 1140 327 de
1161 294 1307 326 natura
1326 284 1501 325 deorum
1520 300 1529 323 z
1551 284 1675 324 item-

255 357 336 398 que
363 344 406 385 in
432 343 495 393 iis,
517 356 622 397 quos
644 341 694 382 de
715 341 965 382 divinatione
995 342 1120 393 edidi,
1140 352 1188 383 ut
1208 342 1250 382 in
1271 350 1494 395 utramque
1514 348 1676 394 partem

253 409 454 455 perpetua
471 398 746 453 explicaretur
767 398 916 449 oratio,
937 414 1020 453 quo
1042 398 1203 439 facilius
1229 407 1245 429 4
1265 397 1306 437 id
1337 411 1361 437 a
1388 410 1557 452 quoque
1577 409 1676 450 pro-

252 456 437 505 baretur,
460 455 575 511 quod
601 454 753 510 cuique
779 455 959 494 maxime
990 455 1207 509 probabile
1234 453 1455 502 videretur,
1476 451 1518 492 id
1537 452 1578 491 in
1599 451 1678 492 hac

254 512 537 567 disputatione
568 511 620 552 de
650 512 754 560 fato,
774 525 892 551 casus
924 510 1110 565 quidam,
1142 525 1192 550 ne
1222 511 1418 560 facerem,
1449 507 1676 562 impedivit.

219 575 243 606 2
257 569 369 609 Nam
392 583 489 609 cum
509 582 642 608 essem
665 567 706 607 in
730 566 975 616 Puteolano,
996 566 1243 621 Hirtiusque
1264 575 1418 616 noster,
1436 564 1583 605 consul
1604 563 1679 604 de-

256 624 459 679 signatus,
480 623 625 664 iisdem
654 624 695 663 in
721 622 839 672 locis,
858 623 916 662 vir
934 622 1054 662 nobis
1076 622 1367 672 amicissimus,
1387 631 1430 662 et
1450 621 1497 661 iis
1518 618 1681 671 studiis,

255 680 298 720 in
320 680 470 736 quibus
493 695 568 720 nos
597 694 620 719 a
647 678 826 734 pueritia
844 678 1035 728 viximus,
1057 677 1223 718 deditus
1241 694 1251 718 t
1282 678 1465 718 multum
1486 691 1570 718 una
1588 691 1679 716 era-

255 752 379 787 mus3
412 737 591 776 maxime
619 750 695 775 nos
730 734 901 790 quidem
930 735 1192 789 exquirentes
1220 748 1268 774 ea
1298 733 1484 784 consilia,
1505 747 1599 788 quae
1627 731 1682 773 ad

253 807 416 849 pacem,
455 801 496 832 et
532 792 585 832 ad
626 790 895 831 concordiam
934 791 1084 831 civium
1121 790 1387 845 pertinerent.
1432 804 1528 830 cum
1567 789 1681 829 enim

255 863 402 890 omnes
424 858 521 903 post
542 848 755 888 interitum
781 846 959 887 Caesaris
980 862 1179 887 novarum
1199 846 1561 901 perturbationum
1581 859 1681 886 cau-

255 920 311 946 sae
338 904 469 960 quaeri
499 904 747 954 viderentur,
770 904 919 958 hisque
953 917 1043 943 esse
1074 902 1379 944 occurrendum
1411 910 1682 957 putaremus:

255 961 391 1002 omnis
414 962 498 1001 fere
521 970 663 1002 nostra
692 960 733 1000 in
762 961 809 1001 iis
844 959 1214 1000 deliberationibus
1246 958 1571 999 consumebatur
1589 971 1681 998 ora-

255 1019 341 1067 ti03
370 1027 385 1049 ⁵
402 1017 527 1073 idque
549 1026 590 1058 et
611 1031 719 1072 saepe
738 1017 853 1067 alias,
872 1025 914 1056 et
932 1015 1112 1070 quodam
1134 1015 1342 1065 liberiore,
1362 1029 1488 1070 quam
1509 1013 1684 1064 solebat,

211 1084 298 1118 b.et
317 1074 454 1129 magis
475 1088 605 1114 vacuo
633 1074 686 1113 ab
707 1073 1056 1114 interventoribus
1078 1072 1159 1122 die,
1181 1086 1278 1112 cum
1299 1071 1367 1112 ille
1387 1070 1441 1111 ad
1460 1084 1529 1111 me
1549 1069 1684 1111 venis-

256 1139 332 1180 set,
354 1131 491 1186 primo
510 1130 593 1179 illa,
616 1145 708 1185 quae
731 1139 848 1170 erant
867 1129 1126 1184 quotidiana,
1143 1137 1186 1168 et
1202 1128 1320 1183 quasi
1339 1127 1530 1182 legitima
1550 1126 1685 1177 nobis,

210 1187 310 1238 2de
339 1201 457 1242 pace,
485 1195 528 1227 et
557 1186 608 1226 de
637 1186 739 1227 otio.
798 1186 967 1228 Quibus
1002 1186 1119 1236 actis,
1141 1184 1259 1240 Quid
1280 1186 1411 1239 ergo?
1441 1183 1580 1238 inquit
1598 1182 1685 1233 ille,

219 1244 454 1299 3quoniam
491 1242 693 1283 oratorias
724 1242 1037 1283 exercitationes
1068 1256 1150 1281 non
1180 1250 1228 1281 tu
1257 1240 1442 1296 quidem,
1472 1249 1519 1280 ut
1548 1253 1687 1293 spero,

255 1300 472 1355 reliquisti,
491 1299 564 1340 sed
584 1308 695 1339 certe
715 1297 1028 1354 philosophiam
1049 1297 1130 1338 illis
1152 1296 1442 1351 anteposuisti,
1457 1310 1686 1350 possumne

255 1356 413 1411 aliquid
435 1356 608 1396 audire?
650 1356 715 1395 Tu
738 1370 846 1405 vero,
867 1355 1053 1410 inquam,
1074 1354 1138 1394 vel
1159 1353 1318 1402 audire,
1338 1353 1399 1393 vel
1426 1352 1578 1393 dicere.
1610 1365 1686 1392 nec

256 1413 367 1453 enim
393 1412 525 1467 (quod
546 1420 658 1452 recte
675 1412 900 1464 existimas)
927 1411 1107 1451 oratoria
1124 1410 1195 1450 illa
1213 1409 1351 1450 studia
1370 1409 1534 1449 deserui
1551 1424 1562 1457 ;
1593 1407 1687 1463 qui-

255 1469 335 1509 bus
368 1469 495 1509 etiam
530 1477 572 1509 te
603 1468 783 1518 incendi,
817 1482 1073 1523 quamquam
1108 1465 1479 1521 flagrantissimum
1516 1478 1689 1519 accepe-

256 1540 374 1565 ram:
407 1540 482 1566 nec
503 1539 566 1575 ea,
586 1539 679 1580 quae
709 1539 819 1565 nunc
851 1533 1002 1573 tracto,
1025 1524 1235 1572 minuunt,
1257 1522 1330 1562 sed
1361 1529 1518 1575 augent
1545 1521 1688 1575 potius

256 1581 372 1622 illam
406 1582 666 1622 facultatem.
698 1596 794 1621 nam
827 1595 925 1620 cum
960 1581 1041 1621 hoc
1069 1594 1223 1635 genere
1253 1577 1548 1633 philosophiae,
1573 1576 1690 1632 quod

257 1653 333 1679 nos
353 1639 581 1694 sequimur,
597 1652 796 1692 magnam
818 1636 946 1677 habet
967 1646 1108 1677 orator
1128 1635 1387 1676 societatem.
1414 1633 1689 1674 subtilitatem

259 1695 371 1735 enim
401 1695 454 1734 ab
473 1694 706 1735 Academia
726 1702 955 1744 mutuatur,
977 1701 1019 1733 et
1039 1693 1077 1732 ei
1098 1691 1275 1732 vicissim
1299 1690 1434 1730 reddit
1454 1690 1691 1730 ubertatem

260 1751 476 1801 orationis,
497 1760 540 1791 et
559 1760 802 1791 ornamenta
823 1749 1002 1790 dicendi.
1054 1748 1359 1804 Quamobrem,
1376 1746 1563 1801 inquam,
1584 1761 1693 1801 quo-

261 1807 372 1847 niam
403 1807 622 1862 utriusque
652 1806 779 1847 studii
810 1815 952 1846 nostra
980 1804 1189 1859 possessio
1218 1812 1295 1853 est,
1322 1802 1462 1853 hodie,
1486 1812 1581 1843 utro
1611 1802 1693 1844 frui

260 1863 397 1913 malis,
420 1864 537 1918 optio
571 1863 625 1903 sit
654 1872 739 1903 tua.
799 1863 908 1902 Tum
942 1861 1123 1911 Hirtius,
1146 1859 1459 1909 Gratissimum,
1481 1858 1628 1914 inquit,
1651 1868 1695 1901 et

262 1927 433 1960 tuorum
456 1918 643 1959 omniun]
667 1919 814 1959 simile.
847 1918 951 1958 nihil
969 1919 1080 1958 enim
1101 1931 1303 1971 umquam
1324 1916 1470 1956 abnuit
1488 1929 1584 1955 meo
1605 1923 1696 1956 stu-

224 1975 334 2020 4dio
365 1976 555 2016 voluntas
588 1985 674 2015 tua.
733 1975 816 2015 Sed
837 1974 1035 2030 quoniam
1061 1980 1078 2005 ὃ
1097 1972 1305 2014 rhetorica
1336 1971 1440 2012 mihi
1469 1979 1612 2012 nostra
1631 1981 1696 2014 sat

265 2043 378 2082 nota,
413 2041 538 2086 teque
570 2032 611 2071 in
648 2031 695 2071 iis
727 2041 770 2071 et
805 2031 1039 2071 audirimus
1072 2044 1196 2084 saepe,
1233 2038 1275 2069 et
1305 2028 1540 2078 audiemus,
1569 2035 1696 2084 atque

262 2087 372 2128 hanc
387 2087 743 2128 Academicorum
762 2096 910 2127 contra
930 2087 1195 2142 propositum
1212 2084 1452 2140 disputandi
1470 2094 1697 2125 consuetu-

263 2144 403 2185 dinem
424 2144 610 2184 indicant
639 2152 680 2183 te
712 2143 943 2198 suscepisse
964 2143 1214 2183 Tusculanae
1235 2141 1536 2196 disputationes
1551 2157 1563 2191 3
1588 2148 1603 2177 7
1619 2155 1697 2196 po-

262 2214 360 2241 nere
379 2199 551 2256 aliquid,
573 2199 625 2240 ad
646 2199 760 2255 quod
783 2200 966 2249 audiam,
985 2199 1019 2240 si
1040 2199 1117 2239 tibi
1137 2213 1220 2239 non
1241 2208 1305 2238 est
1326 2198 1569 2248 molestum,
1585 2196 1694 2238 volo.

263 2258 335 2298 An
354 2257 474 2308 mihi,
495 2257 682 2312 inquam,
701 2264 842 2311 potest
863 2256 1095 2312 quidquam
1115 2269 1205 2296 esse
1225 2254 1467 2305 molestum,
1485 2253 1600 2309 quod
1620 2252 1697 2294 tibi

308 2383 326 2406 2
351 2381 466 2416 totaque
488 2382 529 2404 est
552 2373 664 2414 logicae]
693 2375 743 2404 Sic
767 2375 834 2404 edd.
852 2385 897 2414 pr.
915 2375 960 2404 id·
1046 2381 1065 2403 4
1089 2373 1122 2402 id
1141 2386 1159 2402 a
1182 2384 1290 2414 quoque
1306 2379 1356 2411 pr.
1381 2372 1457 2413 quod
1476 2369 1593 2412 cuique]
1611 2371 1699 2401 Alte-

264 2428 327 2458 que
353 2419 482 2448 restitui.
526 2418 704 2457 Vulgatum
731 2417 818 2456 logice
846 2427 959 2447 verum
1003 2427 1075 2446 rum
1104 2417 1207 2457 cuique
1229 2422 1275 2445 est
1299 2415 1405 2454 paullo
1425 2414 1554 2443 durius:
1580 2413 1702 2444 lenius-

263 2470 331 2490 esse
346 2471 411 2491 non
427 2468 539 2500 potest.
571 2461 680 2490 Graece
696 2468 777 2490 recte
792 2461 960 2496 diceretur,
1003 2469 1065 2498 que
1092 2460 1182 2494 foret,
1207 2458 1284 2499 quod
1306 2458 1342 2487 ei.
1367 2466 1425 2487 nec
1448 2463 1556 2486 tamen
1579 2457 1698 2496 aliquid

263 2505 396 2542 quaestio
423 2510 487 2534 tota
511 2509 557 2533 est
580 2502 701 2540 λαγικῆ,
718 2510 753 2532 ut
776 2509 806 2532 et
828 2504 960 2541 quidam
1004 2503 1198 2531 mutandum
1214 2508 1303 2539 puto.

264 2546 333 2575 libri
360 2546 488 2575 habent.
519 2546 573 2575 sed
598 2546 626 2574 ei
650 2556 715 2575 non
743 2547 891 2575 convenit
915 2555 961 2575 se·
1049 2552 1064 2574 5
1090 2543 1174 2584 idque
1190 2550 1216 2571 et
1232 2548 1305 2581 saepe
1324 2540 1534 2580 alias—primo
1550 2540 1602 2571 illa
1619 2539 1697 2582 ‹Sic-J

263 2598 378 2627 quens,
395 2599 482 2629 quam
499 2599 522 2615 r.
541 2588 570 2617 d.
585 2599 653 2618 voco
667 2600 676 2617 :
701 2598 777 2618 nam
802 2588 863 2617 hoc
887 2588 961 2618 sub·
1003 2586 1079 2615 Non
1094 2586 1175 2614 bene
1191 2586 1327 2614 cohaeret
1341 2585 1450 2613 oratio.

263 2631 439 2661 stantivum
454 2630 590 2669 requirit.
1048 2633 1066 2658 6
1090 2628 1230 2656 rhetorica
1251 2625 1361 2664 nostra]
1392 2627 1471 2656 Mss.
1491 2627 1622 2664 quidam
1645 2636 1700 2655 ve-

310 2680 327 2704 3
356 2674 386 2702 in
409 2672 477 2701 aliis
501 2672 582 2700 libris
597 2671 832 2714 feci—itemque
859 2671 888 2700 in
911 2670 959 2710 iis]
1005 2677 1079 2707 stra,
1096 2671 1181 2709 quod
1197 2670 1333 2709 praetulit
1356 2669 1512 2699 Davisius.
1535 2675 1629 2698 nostra
1644 2678 1700 2708 po-

265 2716 314 2751 iis,
329 2726 384 2755 pro
396 2726 459 2754 quo
476 2716 507 2744 in
524 2715 609 2745 libris
624 2721 700 2744 vett.
715 2715 777 2745 fere
793 2721 840 2745 est
854 2714 896 2743 his
913 2723 959 2743 re-
1000 2714 1061 2743 tuit
1076 2713 1189 2751 dicere,
1206 2713 1281 2752 quia
1297 2722 1314 2741 a
1328 2712 1479 2742 Cicerone
1495 2712 1654 2742 didicerat.

266 2759 364 2797 quirit
378 2758 451 2795 illis,
467 2759 575 2796 sicque
596 2757 768 2796 legendum
791 2765 881 2797 puto,
899 2757 958 2786 nisi
1046 2762 1062 2791 7
1082 2762 1187 2795 ponere
1210 2755 1338 2796 aliquid]
1373 2755 1514 2786 Quidam
1540 2754 1611 2784 libri
1641 2755 1699 2784 ha-

266 2811 340 2831 vero
355 2801 446 2831 malis
467 2801 591 2837 addere,
607 2807 650 2830 ut.
673 2806 717 2838 ut,
734 2800 785 2842 qui
801 2808 866 2830 sunt
881 2799 915 2828 de
930 2810 958 2831 n.
1002 2799 1079 2828 bent
1089 2805 1260 2838 proponere:
1278 2797 1355 2828 illud
1373 2797 1487 2828 melius
1499 2803 1530 2828 et
1545 2798 1577 2828 in
1593 2798 1653 2828 hac
1666 2806 1698 2827 re

266 2844 297 2874 d.
311 2845 365 2874 sed
380 2844 460 2875 illud
476 2844 602 2875 melius.
1003 2841 1158 2872 usitatius.
1181 2851 1212 2872 v.
1229 2841 1317 2872 Clav.
1334 2842 1367 2871 in
1376 2847 1492 2881 ponere.
