1778 3095
231 193 309 227 448
618 189 693 226 DE
721 190 980 228 NATURA
1009 191 1275 228 DEORUM

230 295 481 338 mortalibus
519 296 723 352 cogitare.
785 298 919 355 Cujus
958 299 1166 355 opinionis
1201 299 1344 339 levitas
1379 299 1594 341 confutata
1631 315 1656 342 a

233 352 363 394 Cotta
392 368 475 394 non
506 353 713 395 desiderat
733 356 960 396 orationem
985 371 1137 396 meam.
1196 355 1279 395 Sed
1298 369 1392 395 cum
1417 355 1543 396 talem
1564 371 1653 398 esse

229 409 355 450 deum
376 419 489 451 certa
509 411 682 452 notione
702 411 829 452 animi
859 413 1186 467 praesentiamus,
1206 412 1403 466 primum,
1426 420 1472 452 ut
1493 412 1546 453 sit
1565 413 1655 454 ani-

229 480 363 516 mans,
385 467 550 531 deinde,
572 476 620 508 ut
649 468 689 508 in
710 468 825 508 omni
849 476 993 509 natura
1015 468 1116 509 nihil
1137 483 1187 508 eo
1209 468 1261 508 sit
1281 468 1570 522 praestantius:
1600 470 1654 510 ad

229 521 336 563 hanc
355 525 675 578 praesensionem
694 524 994 579 notionemque
1012 534 1210 575 nostram,
1226 524 1326 565 nihil
1341 523 1473 575 video,
1490 534 1526 556 55
1538 526 1654 580 quod

122 598 155 628 p.
166 593 218 618 85.
229 579 369 634 potius
386 580 720 628 accommodem,
737 596 860 635 (1113111
881 589 926 621 ut
944 581 1124 635 primum
1146 581 1287 621 1111110
1278 595 1414 636 11151111]
1431 581 1654 633 mundum,

190 640 315 690 a·quo
346 636 448 676 nihil
480 637 564 677 fieri
595 612 863 677 excellentius
894 646 1046 690 potest,
1068 637 1321 678 animantem
1342 652 1446 687 esse,
1466 646 1508 678 et
1527 637 1650 679 deum

163 702 217 739 46
221 692 424 747 Judicem
487 694 571 733 Hic
601 708 725 748 quam
754 692 863 732 volet
890 693 1096 755 Epicurus
1121 694 1302 748 jocetur,
1324 693 1452 734 homo
1473 708 1555 734 non
1578 709 1654 749 ap-

225 748 410 790 tissimus
442 748 493 789 ad
517 750 766 805 jocandum,
788 748 1098 803 ⁵6minimeque
1129 749 1350 804 resplciens
1377 751 1579 804 patriam·
1611 760 1654 792 et

225 803 352 855 dicat,
373 820 416 845 se
439 820 522 845 non
543 820 663 860 posse
684 804 933 867 intelligeie,
949 805 1082 868 (1113115
1103 805 1156 845 sit
1176 805 1369 846 volubilis
1386 815 1428 846 et
1444 807 1652 848 rotundus

225 860 359 902 deus:
391 871 531 901 tamen
554 876 602 901 ex
624 861 720 911 hoc,
742 860 884 916 quod
876 875 964 916 lpse
986 862 1114 901 etiam
1147 862 1313 924 probat,
1333 877 1561 918 numquam
1585 879 1653 905 me

224 918 425 958 movebit.
487 917 626 958 Placet
656 919 766 958 enim
797 917 857 958 illi
884 932 974 958 esse
1002 917 1118 967 deos,
1139 933 1236 972 quia
1270 932 1439 959 11000550
1467 920 1519 960 sit
1545 934 1653 975 prae-

224 983 403 1014 stantem
426 988 514 1013 esse
532 973 716 1029 aliquam
738 983 944 1025 naturam,
963 989 1046 1029 qua
1065 974 1167 1014 nihil
1189 974 1243 1014 sit
1261 975 1424 1015 melius.
1483 976 1652 1018 Mundo

223 1040 364 1070 autem
385 1039 498 1070 certe
519 1030 622 1071 nihil
647 1040 709 1072 est
741 1031 904 1071 melius.
963 1032 1056 1071 Nec
1078 1030 1270 1080 dubium,
1291 1031 1406 1086 quin,
1429 1032 1541 1086 quod
1562 1033 1651 1074 ani-

223 1101 342 1126 mans
363 1086 430 1136 sit,
452 1086 688 1142 habeatque
719 1102 902 1136 sensum,
929 1097 970 1127 et
999 1088 1218 1137 rationem,
1238 1096 1280 1127 et
1309 1098 1510 1138 mentem,
1530 1088 1572 1129 id
1599 1089 1653 1131 sit

158 1147 210 1188 47
225 1151 260 1179 ⁵7
280 1143 443 1193 melius,
476 1159 603 1198 quam
634 1144 691 1194 id,
715 1143 831 1207 quod
861 1143 924 1184 his
955 1153 1107 1184 careat.
1170 1145 1232 1183 lta
1252 1143 1441 1194 efficitur,
1461 1145 1651 1186 animan-

222 1206 323 1249 tem,
345 1214 503 1249 sensus,
526 1201 690 1251 mentis,
720 1200 892 1240 rationis
924 1199 1131 1240 mundum
1160 1214 1248 1239 esse
1278 1209 1535 1255 compotem.
1567 1217 1651 1257 qua

219 1256 396 1307 ratione,
418 1256 543 1298 deum
568 1271 658 1297 esse
691 1256 910 1306 mundum,
932 1256 1213 1296 concluditur.
1272 1256 1354 1296 Sed
1385 1256 1475 1298 haec
1506 1258 1650 1312 paullo

221 1321 318 1367 post
348 1312 509 1353 facilius
540 1320 851 1368 cognoscentur
881 1327 932 1353 ex
962 1313 1010 1353 iis
1041 1313 1164 1353 rebus
1194 1312 1309 1367 ipsis,
1333 1327 1436 1367 quas
1467 1314 1649 1356 mundus

142 1369 208 1418 18
222 1369 361 1410 efficit.
402 1370 580 1420 Interea,
600 1369 751 1419 Vellei,
772 1369 873 1419 noli,
894 1384 1054 1424 quaeso,
1076 1383 1161 1423 prae
1183 1378 1223 1409 te
1244 1369 1364 1419 ferre,
1388 1377 1425 1401 ⁵8
1437 1385 1507 1410 vos
1528 1371 1651 1425 plane

218 1435 410 1479 expertes
444 1440 535 1466 esse
567 1425 783 1467 doctrinae.
846 1425 1014 1466 Conum
1047 1425 1123 1466 tibi
1152 1426 1226 1476 ais,
1254 1434 1297 1466 et
1326 1426 1580 1481 cylindrum,
1607 1436 1651 1469 et

218 1482 482 1537 pyramidem
523 1483 794 1537 pulcriorem,
833 1497 959 1537 quam
998 1482 1220 1537 sphaeram,
1260 1481 1399 1528 videri.
1476 1484 1648 1524 Novum

217 1539 344 1579 etiam
375 1539 595 1580 oculorum
620 1539 831 1595 judicium
857 1539 1033 1579 habetis.
1094 1539 1177 1579 Sed
1207 1538 1290 1579 sint
1318 1538 1398 1579 ista
1425 1539 1649 1594 pulcriora,

216 1594 418 1636 duntaxat
448 1595 680 1650 adspectu:
720 1596 834 1651 quod
866 1595 970 1636 mihi
1000 1604 1140 1636 tamen
1171 1595 1308 1650 ipsum
1341 1610 1425 1635 non
1456 1596 1647 1639 videtur.

216 1652 318 1707 quid
347 1652 456 1692 enim
492 1653 677 1706 pulcrius
709 1667 759 1693 ea
787 1652 935 1707 figura,
957 1667 1051 1706 (11130
1084 1652 1172 1692 5013
1199 1665 1344 1691 01111105
1373 1652 1473 1691 31135
1494 1652 1648 1706 figuras

215 1709 439 1763 complexa
475 1709 676 1759 continet,
713 1723 891 1764 quaeque
928 1708 1032 1748 nihil
1065 1707 1298 1762 asperitatis
1336 1708 1505 1758 habete,
1543 1709 1646 1750 nihil

214 1765 456 1806 offensionis
486 1774 640 1819 potest.
677 1765 780 1805 nihil
814 1765 991 1805 incisum
1027 1764 1208 1819 angulis,
1240 1763 1343 1804 nihil
1373 1764 1646 1816 anfractibus,

214 1820 318 1861 nihil
348 1821 551 1871 eminens,
579 1821 684 1862 nihil
713 1822 991 1862 lacunosum?
1025 1835 1206 1875 cumque
1236 1820 1330 1860 duae
1360 1820 1507 1860 formae
1538 1835 1646 1876 prae-

213 1886 371 1919 stantes
391 1878 487 1928 sint,
508 1892 558 1918 ex
577 1877 736 1929 solidis,
757 1877 926 1933 globus,
949 1877 1024 1932 (sic
1051 1877 1163 1918 0111111
1195 1879 1354 1931 σφαῖραν
1372 1876 1646 1945 interpretari

213 1934 392 1988 plaffeet)
415 1949 464 1974 ex
483 1935 616 1990 planis
637 1943 777 1975 autem
801 1934 996 1998 circulus,
1017 1943 1090 1974 aut
1106 1933 1232 1983 orbis,
1249 1948 1321 1988 (1111
1341 1931 1472 1980 κύκλος
1494 1934 1645 1975 Graece

213 1989 394 2032 dicitur:
426 1991 489 2031 his
519 1991 683 2032 duabus
712 1990 857 2031 10111115
884 1990 1096 2045 contingit
1123 1989 1235 2039 50115,
1258 1997 1304 2030 ut
1325 2004 1471 2030 omnes
1499 2004 1642 2032 earum

211 2056 353 2101 partes
373 2047 456 2088 sint
474 2048 580 2088 inter
609 2062 652 2088 se
685 2046 922 2097 simillimae,
944 2062 968 2087 a
988 2047 1214 2101 medioque
1240 2054 1401 2086 tantum
1433 2046 1540 2087 absit
1571 2061 1644 2088 ex-

210 2112 409 2155 tremum,
432 2113 470 2138 ⁵9
485 2113 689 2168 quantum
720 2104 828 2144 idem
861 2119 885 2143 a
915 2118 1109 2144 5111111110·
1141 2117 1225 2158 (1110
1255 2102 1356 2142 nihil
1390 2102 1474 2143 fieri
1503 2111 1644 2158 potest

146 2172 199 2206 48
211 2160 364 2216 aptius
424 2161 506 2202 Sed
533 2161 566 2201 si
594 2161 685 2202 haec
706 2175 788 2202 non
808 2160 970 2211 videtis,
989 2160 1087 2216 quia
1108 2173 1339 2214 numquam
1358 2158 1568 2200 eruditum
1589 2160 1642 2201 il-

167 2221 201 2253 b.

946 2295 1047 2326 verbis
1068 2301 1136 2334 prae
1159 2295 1295 2335 referre,
1312 2295 1397 2334 quod
1418 2304 1563 2333 accepere
1584 2304 1640 2334 pro

255 2305 292 2328 55
317 2298 392 2338 quod
400 2297 496 2336 potius
512 2295 726 2336 accommodem]
747 2298 822 2327 Inde
838 2297 903 2326 col-

947 2341 1047 2369 dicere
1063 2338 1181 2377 palam,
1198 2347 1275 2367 cum
1291 2339 1341 2373 sit,
1359 2339 1401 2367 ita
1422 2347 1511 2376 agere
1533 2346 1569 2367 ac
1594 2338 1639 2367 lo-

208 2340 414 2380 ligam,quod
431 2350 509 2371 cum
525 2351 562 2371 οο
575 2341 675 2380 tnagis
690 2341 903 2379 conjunctum

231 2390 330 2413 utem.

207 2393 227 2423 p
253 2431 291 2457 56
316 2425 487 2468 minimeque
518 2425 666 2464 respiciens
689 2423 838 2464 patriam]
868 2426 899 2455 Sl

207 2468 300 2498 lectio
322 2479 398 2499 53113
418 2475 476 2505 est,
492 2479 603 2499 sensus
619 2469 687 2504 erit,
705 2479 769 2498 non
786 2479 902 2498 consu-

206 2511 274 2541 lens
291 2513 397 2550 patriae
413 2521 480 2541 suae
496 2512 637 2549 dignitati
653 2518 683 2540 et
704 2512 820 2550 gloriae.
845 2513 899 2550 qui

204 2561 271 2584 tam
307 2556 410 2593 inepte
443 2555 581 2592 jocatur,
613 2564 690 2583 cum
720 2555 899 2584 Atticorum

199 2597 265 2636 joci
283 2596 451 2627 laudentur
467 2604 496 2626 et
512 2597 728 2626 celebrentur:
754 2598 806 2626 sed
823 2607 900 2635 13130-

203 2639 331 2669 tulerim
353 2646 383 2669 et
406 2640 470 2678 ipse
488 2639 657 2669 lectionem
679 2640 740 2669 Ms.
758 2640 898 2669 Ursinia-

203 2683 255 2712 ni:
282 2682 427 2721 resipiens,
444 2691 543 2720 quam
566 2689 596 2711 et
617 2683 798 2719 conjectura
815 2691 899 2720 repe-

200 2734 266 2756 tere
283 2725 338 2754 viri
354 2726 485 2763 quidam
500 2726 582 2754 docti
600 2726 681 2764 apud
697 2726 875 2754 Davisium.

246 2773 281 2802 57
309 2767 420 2803 melius,
449 2779 535 2808 quam
562 2767 593 2796 id
618 2767 693 2808 quod
715 2768 757 2796 his
781 2765 893 2807 careat]

200 2810 314 2840 Malim
330 2810 362 2838 id
375 2811 494 2841 abesse.

243 2861 281 2884 58
305 2864 356 2882 vos
378 2852 468 2892 plane
494 2863 518 2882 e.
545 2863 568 2881 e.
598 2851 639 2890 d.]
675 2852 750 2881 Edd.
777 2852 895 2882 habent

198 2906 255 2926 nos.
279 2897 364 2935 quod
381 2903 494 2926 natum
518 2902 564 2926 est
585 2904 602 2926 e
626 2894 710 2925 male
727 2895 894 2926 intellectis

947 2383 1015 2421 qui,
1032 2388 1184 2420 tanquam
1200 2382 1264 2410 sitis
1278 2382 1393 2410 indocti
1410 2381 1569 2417 homines,
1583 2381 1637 2420 qui

944 2427 981 2455 de
997 2425 1107 2454 schola
1123 2425 1247 2463 Epicuri
1263 2424 1338 2453 sitis.

989 2475 1027 2500 59
1051 2465 1191 2508 quantum
1214 2466 1287 2494 idem
1309 2477 1327 2493 a
1350 2463 1466 2503 summo]
1494 2464 1567 2494 idem
1590 2466 1637 2495 vi-

943 2511 1059 2540 tiosum
1080 2511 1183 2539 visum
1204 2515 1249 2538 est
1272 2508 1411 2544 Davisio,
1429 2508 1514 2545 quod
1532 2517 1576 2538 ex
1599 2519 1638 2539 eo

943 2554 1093 2591 ambigua
1105 2558 1159 2582 aut
1175 2551 1251 2581 falsa
1266 2551 1363 2580 oritur
1377 2551 1540 2580 sententia.
1558 2556 1636 2583 na'm

943 2603 1125 2625 extremum
1142 2594 1251 2623 circuli
1270 2603 1333 2623 non
1352 2600 1417 2622 tan.
1422 2604 1477 2623 um
1494 2594 1580 2624 abest
1595 2593 1636 2624 a'b

941 2648 1084 2673 summo,
1115 2643 1274 2675 quantum
1303 2637 1342 2665 ab
1375 2636 1440 2675 ipso
1478 2637 1634 2678 medium.

942 2682 1001 2711 Sed
1017 2681 1139 2709 medium
1162 2689 1252 2718 aeque
1275 2680 1361 2709 311051
1385 2680 1423 2708 ab
1446 2686 1587 2709 extremo
1603 2685 1635 2710 et

940 2725 979 2753 ab
995 2733 1136 2754 summo,
1157 2724 1251 2761 igitur
1266 2729 1321 2752 aut
1339 2722 1412 2751 ilem
1434 2723 1471 2752 ad
1489 2723 1634 2752 medium

941 2767 1139 2797 referendum
1162 2772 1219 2802 est,
1243 2766 1327 2805 quod
1350 2772 1395 2795 est
1417 2766 1553 2795 durum:
1578 2765 1633 2795 de·

939 2810 1119 2848 buissetque
1134 2819 1199 2838 esse
1223 2815 1360 2848 quantum
1383 2806 1419 2836 ab
1441 2807 1532 2837 eodem
1555 2818 1632 2837 sum·

939 2863 1025 2882 mum.
1049 2859 1115 2888 aut,
1143 2859 1177 2881 ut
1203 2851 1330 2881 Davisio
1352 2850 1482 2889 placuit,
1505 2850 1631 2880 medium

939 2895 1122 2936 legendum,
1140 2894 1187 2925 vel
1204 2895 1295 2934 ipsum
1309 2894 1433 2924 saltem.
