1778 3095
237 130 314 167 612
800 132 836 169 D
851 132 883 169 E
923 132 951 168 F
965 130 998 167 A
1009 131 1043 167 T
1055 130 1092 167 O

236 244 300 277 est
321 237 563 280 tolerabilis.
624 239 773 293 Itaque
801 239 1018 281 contendit
1045 255 1191 282 omnes
1212 253 1356 280 nervos
1379 238 1659 296 Chrysippus,

237 302 284 334 ut
306 294 570 348 persuadeat,
591 309 715 335 omne
736 295 880 347 ἀξίωμα
901 306 973 337 aut
993 312 1133 338 verum
1157 311 1261 344 esse,
1284 304 1354 336 aut
1374 295 1541 337 falsum.
1598 297 1663 338 Ut

237 350 349 390 enim
371 351 575 406 Epicurus
596 360 773 402 veretur,
793 368 858 402 ne,
882 353 914 392 si
944 353 1025 394 hoc
1051 352 1318 403 concesserit,
1344 352 1660 393 concedendum

237 406 305 455 sit,
326 407 413 447 fato
434 407 534 457 fieri,
557 422 835 464 quaecumque
857 409 975 450 fiant:
1002 410 1051 462 (si
1072 410 1181 450 enim
1203 409 1448 450 alterutrum
1471 424 1520 449 ex
1541 419 1662 450 aeter-

235 463 365 504 nitate
387 477 527 504 verum
550 465 617 514 sit,
641 479 729 504 esse
757 465 799 505 id
828 465 953 505 etiam
984 475 1145 506 certum
1166 482 1174 505 :
1204 475 1260 515 et,
1283 466 1315 505 si
1337 474 1515 515 certum,
1535 465 1662 506 etiam

235 521 515 560 necessarium
536 536 544 560 :
575 521 633 561 ita
653 531 695 561 et
715 521 1022 571 necessitatem,
1045 530 1087 561 et
1108 523 1241 562 fatum
1263 522 1498 562 confirmari
1520 523 1657 577 putat)

236 576 294 616 sic
330 575 595 632 Chrysippus
632 578 794 627 metuit,
829 591 895 627 ne,
925 577 958 617 si
991 592 1075 618 non
1108 578 1348 628 obtinuerit,
1379 593 1518 629 omne,
1550 577 1666 633 quod

236 632 488 683 enuntietur,
509 643 580 673 aut
601 648 741 673 verum
770 648 873 684 esse,
896 643 969 674 aut
1000 634 1166 684 falsum,
1187 641 1225 665 23
1244 649 1327 675 non
1349 643 1501 684 teneat,
1522 634 1665 674 omnia

174 696 223 727 22
236 688 322 728 fato
346 689 446 739 fieri,
469 698 511 730 et
532 704 581 729 ex
601 690 735 729 causis
757 690 920 730 aeternis
940 705 1078 730 rerum
1100 691 1350 731 futurarum.
1401 691 1483 732 Sed
1504 691 1664 745 Epicu-

235 760 305 785 rus
326 745 605 786 declinatione
626 745 756 785 atomi
778 746 895 786 vitari
917 747 990 786 fati
1013 747 1301 787 necessitatem
1323 755 1458 801 putat.
1516 748 1666 802 Itaque

234 801 382 842 tertius
403 801 572 856 quidam
603 811 745 842 motus
771 802 903 843 oritur
923 812 963 834 24
979 812 1094 843 extra
1114 803 1280 858 pondus
1299 812 1340 843 et
1363 802 1546 858 plagam,
1565 818 1664 844 cum

236 856 418 898 declinat
455 866 623 898 atomus
664 858 880 899 intervallo
918 859 1109 900 minimo.
1152 859 1194 899 id
1229 859 1413 914 appellat
1448 858 1665 914 ἐλάχιστον.

234 915 375 970 Quam
398 913 721 955 declinationem
742 916 830 955 sine
849 929 974 956 causa
994 916 1080 956 fieri
1100 916 1134 957 si
1154 916 1291 956 minus
1314 915 1460 966 verbis,
1482 929 1526 955 re
1546 914 1668 970 cogi-

234 979 304 1010 tur
340 970 544 1011 confiteri.
588 986 672 1011 non
708 971 816 1012 enim
852 981 1019 1013 atomus
1055 973 1108 1013 ab
1139 984 1283 1014 atomo
1319 971 1439 1027 pulsa
1469 971 1666 1012 declinat.

234 1041 332 1067 nam
355 1029 426 1082 qui
449 1036 586 1081 potest
606 1028 703 1082 pelli
725 1028 807 1068 alia
826 1029 878 1068 ab
899 1029 993 1079 alia,
1015 1029 1048 1069 si
1070 1029 1270 1084 gravitate
1293 1029 1483 1069 feruntur
1503 1027 1555 1068 ad
1573 1042 1669 1083 per·-

232 1083 504 1138 pendiculum
541 1093 579 1116 2⁵
595 1099 773 1139 corpora
805 1085 1029 1137 individua,
1065 1086 1188 1126 rectis
1226 1085 1360 1135 lineis,
1396 1092 1444 1125 ut
1481 1084 1667 1139 Epicuro

234 1139 403 1194 placet?
428 1140 615 1195 sequitur
636 1141 764 1189 enim,
786 1150 845 1191 ut,
868 1142 902 1182 si
922 1142 1002 1183 alia
1032 1142 1084 1182 ab
1112 1142 1192 1182 alia
1221 1155 1450 1196 numquam
1480 1140 1666 1196 depella-

234 1204 317 1246 tur,
333 1210 383 1236 ne
399 1197 618 1251 contingat
636 1197 805 1252 quidem
826 1198 905 1238 alia
924 1199 1062 1239 aliam.
1083 1213 1134 1238 ex
1154 1213 1239 1253 quo
1258 1198 1448 1247 efficitur,
1465 1203 1504 1228 26
1517 1206 1562 1238 ut
1576 1197 1668 1252 jam

172 1261 219 1292 23
235 1251 269 1292 si
301 1253 352 1293 sit
382 1261 565 1303 atomus,
595 1268 727 1309 eaque
758 1254 952 1306 declinet,
984 1255 1192 1295 declinare
1222 1255 1308 1295 sine
1338 1268 1476 1294 causa.
1541 1254 1666 1296 Hanc

107 1318 137 1347 P·
153 1315 223 1339 1⁴¹⁵·
237 1309 442 1349 rationem
462 1310 669 1364 Epicurus
690 1309 853 1351 induxit
875 1312 930 1352 ob
953 1326 1046 1352 eam
1068 1326 1171 1361 rem,
1193 1311 1308 1366 quod
1328 1309 1482 1351 veritus
1504 1319 1582 1361 est,
1603 1324 1669 1361 ne,

196 1360 270 1405 a’si
303 1380 467 1420 semper
493 1374 659 1407 atomus
689 1367 891 1422 gravitate
921 1368 1096 1408 ferretur
1125 1367 1318 1417 naturali,
1346 1381 1394 1407 ac
1422 1366 1668 1416 necessaria,

235 1421 339 1462 nihil
359 1421 537 1462 liberum
562 1423 682 1464 nobis
702 1433 825 1471 esset,
846 1439 943 1465 cum
965 1424 1021 1465 ita
1049 1433 1286 1465 moveretur
1306 1423 1484 1473 animus,
1506 1432 1554 1463 ut
1574 1431 1667 1464 ato-

233 1492 402 1518 morum
435 1488 556 1520 motu
584 1490 822 1534 cogeretur.
882 1481 996 1521 Hinc
1024 1481 1311 1531 Democritus,
1333 1488 1481 1520 auctor
1500 1487 1668 1520 atomo-

233 1549 343 1585 rum,
364 1535 554 1590 accipere
586 1536 747 1586 maluit,
769 1538 1017 1578 necessitate
1040 1537 1181 1577 omnia
1201 1536 1302 1587 fieri,
1323 1551 1449 1592 quam
1472 1551 1497 1576 a
1516 1550 1668 1590 corpo-

154 1589 179 1635 1
192 1589 215 1634 l
233 1590 347 1632 ribus
370 1591 591 1633 individuis
611 1592 820 1633 naturales
837 1603 979 1634 motus
996 1594 1183 1634 avellere.
1214 1593 1394 1634 Acutius
1413 1592 1666 1643 Carneades,

233 1647 307 1702 qui
337 1647 532 1698 docebat,
559 1663 683 1704 posse
714 1649 943 1703 Epicureos
974 1665 1090 1690 suam
1122 1664 1291 1690 causam
1321 1649 1409 1689 sine
1439 1648 1517 1689 hac
1547 1663 1665 1689 com-

232 1704 433 1744 menticia
450 1704 728 1745 declinatione
748 1705 985 1746 defendere.
1008 1721 1103 1746 nam
1124 1720 1219 1746 cum
1239 1705 1424 1755 doceret,
1438 1718 1528 1744 esse
1543 1718 1667 1759 posse

233 1760 444 1815 quendam
466 1761 593 1801 animi
613 1770 778 1803 motum
802 1762 1097 1812 voluntarium,
1119 1762 1161 1801 id
1189 1762 1268 1802 fuit
1297 1760 1468 1801 defendi
1499 1760 1667 1812 melius,

232 1831 360 1871 quam
394 1817 659 1858 introducere
695 1818 1033 1868 declinationem,
1071 1817 1191 1873 cujus
1229 1817 1460 1872 praesertim
1497 1831 1668 1858 causam

234 1880 271 1908 27
291 1873 473 1928 reperire
503 1889 586 1914 non
617 1883 802 1928 possent.
833 1889 918 1930 quo
948 1874 1135 1924 defenso,
1157 1874 1277 1914 facile
1306 1873 1548 1930 Chrysippo
1568 1888 1668 1929 pos-

233 1936 327 1969 sent
347 1929 549 1970 resistere.
598 1930 709 1971 Cum
731 1931 840 1971 enim
865 1930 1181 1980 concessissent,
1201 1939 1365 1971 motum
1389 1930 1553 1971 nullum
1574 1945 1666 1971 esse

233 1985 322 2026 sine
343 1999 482 2036 causa,
505 2001 588 2026 non
618 1986 909 2037 concederent,
932 1987 1087 2038 omnia,
1109 2003 1202 2042 quae
1232 1987 1391 2037 fierent,
1414 1986 1501 2027 fieri
1530 1987 1664 2028 causis

233 2042 591 2083 antecedentibus.
620 2043 846 2084 voluntatis
874 2043 984 2084 enim
1017 2054 1170 2084 nostrae
1203 2058 1288 2084 non
1316 2058 1406 2084 esse
1429 2058 1574 2084 causas
1595 2057 1669 2084 ex-

171 2103 223 2136 24
235 2106 371 2138 ternas
392 2108 434 2139 et
454 2099 764 2141 antecedentes.
825 2099 1057 2141 Communi
1084 2100 1213 2155 igitur
1243 2100 1548 2141 consuetudine
1581 2114 1668 2141 ser-

234 2155 371 2195 monis
400 2155 629 2206 abutimur,
659 2171 757 2197 cum
788 2156 846 2197 ita
875 2156 1068 2207 dicimus,
1100 2156 1203 2198 velle
1236 2156 1393 2213 aliquid
1424 2157 1665 2212 quempiam

234 2219 308 2252 aut
335 2211 448 2253 nolle
477 2212 566 2253 sine
598 2227 737 2254 causa.
768 2214 826 2254 ita
851 2213 964 2254 enim
990 2213 1183 2265 dicimus,
1209 2213 1297 2255 sine
1323 2227 1464 2264 causa,
1482 2221 1531 2254 ut
1556 2212 1669 2253 dica-

278 2351 316 2376 23
341 2356 394 2374 non
411 2351 517 2382 teneat,
534 2346 628 2375 omnia
640 2344 733 2386 f.f.]
752 2347 789 2376 In
807 2347 869 2377 hoc
885 2346 931 2377 lo-

233 2396 272 2418 eo
298 2388 419 2418 variant
440 2389 509 2418 libri
531 2398 591 2418 scr.
618 2397 648 2418 et
674 2390 743 2419 edd.
765 2390 851 2428 quod
867 2391 931 2429 ipse

233 2431 315 2460 edidi
332 2440 408 2461 cum
429 2432 460 2461 P.
479 2432 630 2468 Victorio,
654 2433 812 2462 consentit
835 2434 876 2462 rei
900 2439 930 2462 et

235 2471 379 2503 latinitati
400 2484 407 2501 t
433 2475 516 2513 quod
540 2482 570 2505 et
592 2475 668 2505 vidit
691 2476 850 2512 Davisius,
873 2477 928 2515 qui

234 2516 346 2553 pariter
360 2517 404 2546 sic
421 2518 525 2547 edidit.
563 2518 615 2547 Sic
632 2519 744 2548 habuit
760 2519 823 2548 Ms.
838 2519 869 2548 in
884 2529 929 2549 m.

233 2558 281 2587 ed.
312 2559 345 2588 L.
392 2559 429 2588 In
456 2561 522 2589 edd.
555 2561 780 2591 recentioribus
805 2562 929 2591 additur

231 2600 351 2639 possint,
373 2603 459 2640 quod
483 2612 541 2632 nec
565 2606 758 2634 constructio
780 2605 928 2635 orationis

235 2650 363 2682 patitur.

277 2693 318 2716 24
341 2692 425 2715 extra
434 2686 543 2726 pondus
565 2693 593 2716 e!
610 2687 746 2727 plagam]
765 2688 784 2718 i.
798 2698 825 2718 e.
841 2689 928 2718 aber-

234 2737 305 2759 rans
319 2738 336 2758 a
348 2730 583 2769 perpendiculo,
593 2740 658 2769 quo
673 2730 816 2761 feruntur
829 2733 926 2762 atomi

235 2781 307 2803 nisu
323 2782 392 2802 suo.

276 2821 315 2845 25
337 2821 452 2854 corpora
468 2814 639 2856 individua]
655 2816 726 2847 Hoc
741 2822 926 2856 suspectum

234 2863 280 2887 est
295 2857 439 2896 Davisio,
452 2857 533 2895 jure.

1017 2351 1057 2377 26
1074 2346 1180 2386 utjam
1195 2346 1220 2376 si
1234 2346 1273 2376 sit
1287 2345 1409 2386 atomus]
1426 2347 1527 2377 Haesit
1539 2345 1592 2375 hic
1607 2346 1668 2385 pri-

974 2399 1047 2420 mus
1065 2390 1243 2426 Manutius,
1258 2390 1420 2429 voluitque
1432 2389 1457 2418 si
1469 2388 1573 2419 deleri.
1598 2388 1668 2418 Oli-

972 2440 1043 2463 veto
1059 2433 1143 2464 idem
1160 2433 1290 2473 placuit,
1304 2433 1358 2472 qui
1374 2438 1404 2461 et
1419 2432 1459 2461 ab
1473 2431 1668 2462 Ascensiana

973 2477 1080 2506 abesse
1102 2477 1189 2512 dicit,
1212 2485 1254 2505 sc.
1278 2475 1428 2505 secunda.
1451 2484 1527 2504 nam
1551 2475 1583 2505 in
1607 2476 1669 2514 pri-

974 2529 1028 2549 ma
1050 2526 1096 2549 est
1119 2525 1153 2548 ut
1177 2520 1207 2548 in
1231 2518 1452 2557 superioribus.
1476 2518 1529 2547 sed
1547 2519 1614 2548 sine
1629 2527 1666 2547 ea

971 2561 1125 2600 particula
1148 2570 1213 2590 non
1233 2567 1355 2591 constat
1381 2561 1468 2591 ratio.
1515 2560 1665 2591 Ceterum

971 2604 1014 2640 τῷ
1036 2611 1069 2632 ut
1094 2613 1160 2634 non
1190 2604 1347 2633 consentit
1372 2603 1526 2640 declinare,
1559 2603 1665 2643 legen-

971 2647 1114 2685 dumque
1136 2653 1181 2676 est
1203 2645 1333 2677 declinet.
1359 2647 1494 2676 omnino
1517 2646 1606 2676 locus
1629 2646 1663 2676 in

971 2687 1056 2720 libris
1071 2696 1117 2718 est
1130 2689 1270 2719 vitiosus.

1006 2739 1044 2767 27
1063 2732 1186 2772 reperire
1202 2743 1254 2761 non
1266 2731 1390 2771 possent]
1405 2732 1456 2762 Sic
1474 2731 1537 2762 Ms.
1554 2730 1664 2764 Guelf.

971 2784 1036 2804 non
1055 2781 1183 2814 possunt,
1197 2782 1233 2805 ut
1247 2782 1293 2806 est
1307 2775 1412 2814 vulgo.
1431 2783 1489 2805 nec
1504 2773 1593 2804 aliter
1607 2783 1663 2814 po—

970 2817 1067 2849 stulat
1082 2818 1229 2848 latinitas.
