1768 3095
238 84 293 120 ³4
575 78 854 119 ACADEM.
882 76 1328 118 QUAESTIONUM

197 194 232 227 b.
241 184 415 243 percipi,
434 192 765 227 consentaneum
783 197 874 226 esse
895 199 1028 226 unum
1051 193 1192 226 tamen
1224 184 1329 227 illud
1357 183 1496 226 dicere
1523 183 1683 242 percipi

240 256 378 300 posse,
397 249 446 284 ut
463 241 545 284 alia
563 256 647 283 non
665 249 851 297 possent,
874 240 1114 283 Carneades
1132 242 1297 284 acutius
1319 242 1552 284 resistebat.
1581 256 1680 284 nam

240 307 407 342 tantum
429 298 574 340 abesse
594 298 776 349 dicebat,
796 307 846 340 ut
864 297 908 339 id
927 308 1255 340 consentaneum
1285 307 1411 350 esset,
1430 307 1478 340 ut
1496 297 1682 340 maxime

238 357 367 398 etiam
402 365 671 411 repugnaret.
700 355 774 410 qui
807 354 921 396 enim
955 364 1130 410 negaret
1165 354 1397 412 quidquam
1431 369 1536 408 esse,
1595 355 1684 398 uod

238 414 540 469 perciperetur,
560 427 658 453 eum
689 411 794 452 nihil
823 411 1029 467 excipere.
1061 411 1121 453 ita
1151 425 1319 454 necesse
1349 426 1454 463 esse,
1474 426 1526 453 ne
1552 413 1566 454 i
1615 412 1682 468 ip-

239 485 336 512 sum
355 469 543 526 quidem,
562 467 677 524 quod
697 476 920 524 exceptum
942 482 1026 509 non
1043 475 1167 518 esset,
1186 468 1504 524 comprehendi,
1523 478 1568 511 et
1586 482 1683 525 per-

177 538 228 581 29
242 527 325 582 cipi
356 526 445 568 ullo
478 525 610 567 modo
641 539 776 581 posse.
835 524 1078 566 Antiochus
1105 524 1159 565 ad
1189 524 1316 566 istum
1338 525 1481 567 locum
1501 526 1683 581 pressius

240 583 462 625 videbatur
493 582 706 624 accedere.
739 581 939 637 quoniam
975 581 1086 622 enim
1123 581 1166 622 id
1200 581 1404 624 haberent
1434 582 1683 624 Academici

242 640 458 682 decretum
486 639 666 693 (sentitis
686 638 797 679 enim
813 639 904 694 jam
926 638 1009 679 hoc
1028 652 1098 679 me
1116 638 1240 693 δόγμα
1258 638 1413 691 dicere)
1438 638 1542 681 nihil
1559 653 1684 695 posse

240 697 414 753 percipi,
435 711 519 738 non
538 695 691 737 debere
711 710 783 736 eos
802 695 845 736 in
865 709 942 736 suo
963 694 1151 745 decreto,
1172 695 1282 736 sicut
1302 694 1344 736 in
1364 695 1514 737 ceteris
1543 696 1685 749 rebus,

242 755 460 803 fluctuare,
496 753 729 808 praesertim
767 766 866 793 cum
908 751 951 793 in
985 767 1037 794 eo
1075 766 1243 793 summa
1273 751 1538 794 consisteret.
1575 751 1689 794 hanc

242 811 356 852 enim
385 824 475 851 esse
506 809 697 865 regulam
731 809 863 850 totius
890 808 1189 865 philosophiae,
1210 809 1558 850 constitutionem
1586 808 1686 861 veri,

243 867 353 918 falsi,
373 866 551 922 cogniti,
570 865 791 922 incogniti,
811 880 938 922 quam
960 866 1164 908 rationem
1185 865 1386 922 quoniam
1412 865 1687 922 susciperent,

243 924 479 980 docereque
499 923 665 973 vellent,
684 937 779 979 quae
801 937 828 964 a.
843 923 992 979 quovis
1011 922 1146 978 accipi
1172 931 1403 979 oporteret,
1420 930 1465 964 et
1490 937 1588 978 quae
1616 936 1686 964 re-

243 980 422 1037 pudiari,
439 989 553 1022 certe
572 979 654 1022 hoc
673 980 828 1035 ipsum,
847 993 899 1021 ex
917 994 1002 1036 quo
1023 993 1149 1022 omne
1167 979 1266 1031 veri,
1283 979 1375 1020 falsi
1408 993 1462 1020 ue
1473 978 1688 1036 judicium

243 1048 368 1088 esset,
387 1037 601 1093 percipere
632 1050 704 1077 eos
734 1036 941 1078 debuisse.
972 1037 1128 1078 etenim
1157 1036 1245 1078 duo
1273 1050 1365 1077 esse
1423 1050 1484 1078 aec
1502 1036 1691 1078 maxima

244 1094 288 1135 in
308 1093 593 1150 philosophia,
607 1093 819 1149 judicium
839 1093 938 1145 veri,
957 1103 1001 1134 et
1020 1093 1143 1135 finem
1169 1094 1395 1144 bonorum,
1415 1107 1493 1134 nec
1521 1093 1689 1149 sapien-

244 1161 331 1192 tem
364 1165 487 1206 posse
517 1164 622 1200 csse,
643 1151 717 1205 qui
747 1159 822 1192 aut
850 1156 887 1182 ⁶1
907 1150 1193 1206 cognoscendi
1222 1149 1388 1191 initium
1408 1149 1594 1206 ignoret,
1614 1159 1690 1192 aut

243 1218 479 1249 extremum
500 1206 737 1261 expetendi,
757 1216 821 1257 ut,
844 1215 917 1247 aut
937 1206 1049 1248 unde
1068 1207 1371 1263 proficiscatur,
1393 1215 1468 1248 aut
1487 1220 1574 1263 quo
1593 1220 1689 1262 per·

241 1263 494 1306 veniendum
522 1263 590 1314 sit,
619 1263 791 1304 nesciat.
821 1263 914 1304 haec
943 1270 1086 1304 autem
1118 1263 1273 1304 habere
1293 1262 1437 1314 dubia,
1457 1276 1597 1320 neque
1624 1262 1690 1304 his

243 1321 303 1362 ita
335 1319 560 1370 confidere,
589 1329 639 1361 ut
670 1319 829 1360 moveri
859 1333 944 1360 non
972 1320 1151 1375 possint,
1177 1318 1403 1361 abhorrere
1432 1333 1458 1361 a
1487 1319 1694 1375 sapientia

243 1377 491 1432 plurimum.
550 1376 650 1418 Hoc
680 1376 811 1431 igitur
841 1375 973 1417 modo
1002 1377 1145 1432 potius
1172 1383 1262 1418 erat
1292 1376 1346 1417 ab
1374 1376 1439 1418 his
1470 1376 1692 1432 postulan-

244 1434 364 1486 dum,
394 1441 443 1474 ut
474 1433 556 1474 hoc
588 1447 720 1474 unum
752 1432 918 1484 saltem,
946 1433 1106 1489 percipi
1136 1432 1240 1474 nihil
1271 1446 1410 1488 posse,
1442 1441 1692 1489 perceptum

246 1504 339 1532 esse
357 1490 560 1531 dicerent.
619 1489 702 1531 Sed
732 1489 785 1531 de
813 1489 1096 1531 inconstantia
1114 1490 1245 1531 totius
1265 1489 1437 1531 illorum
1456 1489 1691 1542 sententiae,

249 1548 285 1588 si
314 1547 402 1588 ulla
430 1546 640 1588 sententia
659 1553 698 1578 62
713 1546 966 1602 cujusquam
995 1560 1085 1588 esse
1115 1554 1256 1602 potest
1280 1546 1384 1587 nihil
1404 1546 1691 1603 approbantis,

171 1600 238 1649 10
252 1610 290 1636 6³
305 1612 385 1655 est,
405 1610 452 1645 ut
481 1603 646 1658 opinor,
666 1603 829 1644 dictum
860 1604 973 1645 satis.
1034 1604 1232 1659 Sequitur
1260 1602 1492 1658 disputatio
1520 1602 1695 1659 copiosa

187 1660 323 1709 3oilla
340 1659 530 1716 quidem,
547 1659 622 1700 sed
640 1659 785 1716 paullo
803 1660 1049 1702 abstrusior.
1078 1660 1208 1701 habet
1236 1660 1349 1701 enim
1377 1660 1640 1716 aliquantum
1668 1674 1694 1701 a

251 1717 438 1773 physicis
456 1734 468 1758 a
497 1724 546 1757 ut
565 1730 720 1768 verear,
740 1730 791 1757 ne
807 1715 1014 1772 majorem
1043 1716 1199 1772 largiar
1221 1716 1274 1767 ei,
1293 1716 1366 1772 qui
1384 1725 1534 1758 contra
1552 1715 1694 1758 dictu-

164 1798 196 1828 p.
211 1795 241 1821 9.
253 1789 325 1816 rus
357 1783 436 1825 est,
472 1773 726 1822 libertatem,
755 1782 800 1814 et
830 1774 1057 1815 licentiam.
1089 1788 1185 1815 nam
1218 1773 1322 1829 quid
1349 1787 1449 1814 eum
1480 1773 1693 1816 facturum

210 1841 238 1862 a.
252 1839 399 1887 putem
418 1830 471 1871 de
489 1829 643 1871 abditis
667 1830 809 1881 rebus,
828 1839 871 1871 et
898 1830 1103 1881 obscuris,
1123 1830 1196 1886 qui
1215 1836 1255 1862 ⁶4
1268 1830 1409 1871 lucem
1429 1830 1589 1886 eripere
1617 1844 1694 1873 co-

251 1888 404 1930 netur?
437 1885 520 1929 Sed
539 1885 742 1942 disputari
762 1894 929 1942 poterat
947 1887 1172 1939 subtiliter,
1192 1895 1352 1943 quanto
1378 1888 1497 1943 quasi
1515 1886 1695 1930 artificio

251 1953 401 1986 natura
430 1943 634 1986 fabricata
657 1952 768 1985 esset
794 1942 979 1999 primum
1003 1943 1158 1985 animal
1187 1957 1339 1986 omne:
1370 1943 1523 1985 deinde
1551 1943 1692 1986 horni-

251 2015 347 2042 nem
379 2000 590 2042 maxime:
632 2015 728 2056 quae
763 2001 821 2041 vis
856 2010 965 2042 esset
999 2001 1041 2041 in
1076 2000 1294 2042 sensibus:
1331 2000 1693 2056 quemadmodum

251 2064 290 2089 ⁶⁵
305 2058 443 2113 primo
463 2057 549 2098 visa
569 2071 646 2098 nos
666 2056 868 2113 pellerent
885 2074 894 2098 :
927 2057 1075 2099 deinde
1106 2057 1310 2113 appetitio
1329 2057 1383 2098 ab
1403 2057 1468 2098 his
1487 2057 1610 2112 pulsa
1628 2071 1695 2099 se-

251 2123 476 2170 queretur:
509 2123 602 2155 tum
630 2122 677 2155 ut
707 2127 851 2155 sensus
883 2112 936 2155 ad
965 2128 1028 2155 res
1058 2112 1344 2170 percipiendas
1366 2113 1694 2156 intenderemus.

252 2171 381 2212 Mens
401 2170 514 2212 enim
544 2171 649 2226 ipsa,
671 2185 765 2226 quae
795 2184 990 2212 sensuum
1026 2170 1118 2212 fons
1148 2178 1228 2220 est,
1248 2178 1375 2226 atque
1399 2169 1528 2212 etiam
1550 2176 1591 2203 ⁶⁶
1605 2170 1695 2228 ipsa

249 2241 394 2269 sensus
422 2237 499 2279 est,
519 2227 752 2269 naturalem
783 2228 864 2268 vim
898 2227 1041 2279 habet,
1062 2241 1189 2284 quam
1220 2226 1401 2268 intendit
1430 2227 1485 2268 ad
1510 2241 1576 2279 ea,
1598 2228 1694 2284 qui-

251 2285 330 2326 bus
353 2294 557 2326 movetur.
579 2285 720 2340 itaque
740 2284 821 2325 alia
840 2285 924 2326 visa
943 2285 1001 2326 sic
1021 2284 1180 2340 arripit,
1201 2292 1248 2326 ut
1267 2282 1332 2325 his
1353 2284 1496 2326 statim
1520 2293 1666 2327 utatur
1683 2302 1695 2327 ς

296 2433 333 2459 61
353 2429 532 2468 cogitarendi
547 2440 602 2459 esse
625 2428 743 2458 [uirium
759 2427 882 2468 ignoret]
898 2440 952 2458 esse
997 2429 1073 2460 MSS.
1112 2429 1224 2469 reperit
1260 2429 1419 2460 Davisius.
1458 2429 1538 2460 illud
1567 2436 1697 2462 secutus

255 2472 305 2501 liic
322 2473 469 2511 spurium
484 2482 550 2503 esse
567 2472 657 2503 facile
675 2472 869 2511 intelligitur.
895 2473 951 2502 ita·
995 2482 1081 2502 sum.

254 2524 316 2554 que
330 2514 431 2544 delevi
447 2524 524 2546 cuin
543 2516 697 2546 Lambino
713 2522 743 2545 et
756 2515 835 2545 Dav.
853 2516 908 2554 qui
922 2522 952 2545 ct

255 2558 285 2587 in
304 2557 367 2587 Ms.
385 2568 449 2588 non
467 2560 587 2598 reperit.

298 2605 337 2630 62
355 2600 522 2642 cujusquam
534 2612 588 2630 εςςε
599 2606 693 2640 polest
708 2599 952 2640 nihilapprobau-

254 2642 304 2682 iii]
337 2644 504 2685 cujusquam
537 2645 684 2674 vitiosum
721 2650 777 2674 est.
809 2645 954 2683 beneque

253 2687 399 2717 abfuerit.

297 2735 335 2759 63
352 2729 399 2762 sit,
423 2736 455 2758 ut
478 2729 585 2769 opinor,
603 2729 712 2758 dictum
735 2726 821 2767 satis]
840 2729 897 2759 Pro
914 2731 951 2760 sit

252 2773 424 2803 dicendum
440 2780 504 2802 erat
520 2780 570 2802 est.
589 2775 692 2812 itaque
709 2779 764 2802 aut
779 2772 952 2805 delendum

254 2824 311 2846 est.
336 2823 389 2846 aut
413 2816 485 2844 iii-ur
512 2815 696 2856 legendum,
722 2823 894 2856 utrumque
918 2820 950 2848 in

1039 2520 1078 2546 64
1096 2512 1186 2543 lucem
1201 2513 1322 2554 eripere]
1343 2515 1403 2546 Res
1419 2514 1518 2546 claras
1533 2520 1564 2545 et
1579 2516 1698 2556 perspi-

996 2568 1072 2589 cuas
1088 2558 1120 2587 in
1134 2557 1273 2588 dubium
1287 2565 1379 2588 vocet
1393 2565 1450 2589 aut
1464 2564 1568 2597 neget.

1039 2606 1077 2631 65
1105 2600 1200 2640 primo
1228 2600 1457 2641 vim—deinde]
1486 2601 1576 2633 Edjdi
1600 2601 1697 2641 priato

997 2654 1051 2683 pro
1083 2643 1211 2683 vulgato
1235 2644 1348 2683 prima,
1376 2651 1411 2675 ut
1430 2644 1501 2683 jam
1528 2643 1639 2675 Lamb.
1665 2652 1696 2676 et

998 2688 1079 2717 Dav.
1097 2688 1209 2723 secere,
1226 2687 1364 2726 postulat
1378 2688 1409 2718 id
1424 2687 1535 2718 deinde.

1036 2735 1076 2760 06
1107 2730 1170 2768 ipsa
1199 2741 1293 2760 sensus
1323 2729 1377 2770 est]
1410 2730 1491 2761 Puto
1520 2729 1694 2769 legendum

993 2773 1062 2812 ipse.
1079 2782 1156 2803 nam
1173 2773 1234 2813 ipsa
1247 2774 1315 2811 jam
1332 2783 1428 2814 supra
1443 2780 1501 2804 est.
1520 2773 1694 2804 delendum

994 2825 1089 2847 etlam
1108 2823 1158 2846 cst.
