1778 3095
565 121 754 160 LIBER
782 120 1092 159 QUARTUS,
1485 126 1557 166 175

123 245 287 284 eorum,
313 231 386 288 qui
411 229 588 286 grandia
613 237 760 270 ornate
788 227 955 278 vellent,
973 225 1195 268 enucleate
1222 224 1387 266 minora
1405 226 1560 269 dicere.

125 288 277 344 Itaque
308 303 403 344 quae
429 294 528 327 sunt
553 300 700 327 eorum
719 284 1060 326 consolationes?
1094 297 1187 338 quae
1209 281 1557 324 cohortationes?

125 359 220 400 quae
241 345 366 386 etiam
386 343 549 383 monita
567 351 610 383 et
629 341 817 392 consilia,
838 341 994 397 scripta
1013 339 1068 381 ad
1088 353 1278 380 summos
1299 339 1407 379 viros
1426 339 1439 379 ?
1472 348 1562 381 erat

126 401 240 442 enirn
260 400 370 456 apud
395 413 482 450 eOS,
502 407 550 440 ut
571 408 636 440 est
655 413 795 441 rerum
816 398 1001 453 ipsarum
1023 406 1185 447 natura,
1214 395 1274 437 sic
1301 394 1469 436 dicendi
1489 410 1561 436 ex-

126 458 331 507 ercitatio,
360 455 528 511 duplex.
562 470 657 496 nam
689 454 895 511 quidquid
925 454 1141 510 quaeritur,
1172 452 1215 494 id
1245 452 1373 493 habet
1393 461 1467 493 aut
1486 466 1563 507 ge-

128 514 235 555 neris
264 513 395 568 ipsius
425 513 514 553 sine
543 513 750 568 personis,
779 511 1144 567 temporibusque,
1166 518 1239 550 aut
1269 509 1316 550 iis
1336 508 1565 565 adjunctis,

128 568 242 619 facti,
272 578 346 612 aut
370 568 494 624 juris,
522 577 596 610 aut
625 569 806 610 nominis
832 567 1173 610 controversiam.
1194 580 1299 621 ergo
1320 566 1362 606 in
1384 574 1565 621 utroque

126 625 445 667 exercebantur:
468 640 598 681 eaque
618 625 838 681 disciplina
857 625 995 666 effecit
1015 633 1176 666 tantam
1195 623 1365 664 illorum
1382 632 1566 678 utroque

125 681 168 722 in
188 695 343 736 genere
363 682 530 724 dicendi
550 682 731 738 copiam.
789 683 948 723 Totum
967 695 1103 737 genus
1129 680 1212 721 hoc
1231 688 1275 720 et
1297 680 1431 730 Zeno,
1450 688 1492 719 et
1512 679 1565 719 ab
1578 686 1602 726 7

126 750 178 778 eo
210 738 282 793 qui
312 748 424 789 sunt,
457 745 494 770 16
508 748 580 780 aut
610 754 695 780 non
725 747 955 794 potuerunt
979 747 1053 779 aut
1073 737 1314 787 noluerunt>
1336 744 1449 777 certe
1469 735 1567 777 reli-

128 804 324 892 {uerunu
362 810 621 852 quamquam
657 796 824 851 scripsit
857 805 990 836 artem
1022 794 1279 835 rhetoricam
1320 792 1568 843 Cleanthes,

172 850 396 907 hrysippus
426 853 569 904 etiam,
600 852 676 894 sed
706 853 779 903 sic,
810 861 872 903 ut,
903 852 938 892 si
968 851 1061 907 quis
1092 851 1386 892 obmutescere
1410 864 1569 890 concu—

128 906 269 961 pierit,
288 908 392 950 nihil
416 909 532 951 aliud
563 910 704 965 legere
736 909 904 950 debeat.
924 909 1066 964 itaque
1095 907 1224 959 vides,
1247 922 1332 963 quo
1354 906 1483 948 modo
1504 906 1567 947 lo-

128 974 327 1018 quantur.
349 980 458 1008 nova
476 966 599 1008 verba
620 966 810 1021 fingunt:
843 965 1042 1007 deserunt
1059 964 1228 1005 usitata.
1279 964 1338 1005 At
1363 970 1396 999 17
1414 972 1572 1019 quanta

129 1023 370 1064 conantur?
403 1023 611 1065 mundum
641 1023 755 1063 hunc
785 1037 972 1073 omnem,
1003 1020 1209 1076 oppidum
1239 1035 1330 1062 esse
1358 1030 1569 1062 nostrum.

132 1077 326 1120 Incendit
345 1079 478 1135 igitur
496 1095 583 1131 eos,
600 1079 672 1135 qui
692 1079 883 1123 audiunt.
909 1087 946 1111 18
960 1078 1089 1129 vides,
1112 1086 1311 1134 quantam
1334 1091 1423 1118 rem
1444 1091 1569 1132 agas:

131 1142 194 1185 ut,
226 1134 386 1177 Circeis
417 1137 490 1193 qui
519 1136 697 1188 habitet,
720 1146 858 1178 totum
889 1137 1003 1178 hunc
1033 1134 1257 1185 mundum,
1280 1149 1404 1175 suum
1429 1134 1570 1175 muni-

130 1190 289 1246 cipium
318 1207 409 1235 esse
441 1194 665 1235 existimet.
724 1193 874 1250 Quid?
906 1193 978 1234 ille
997 1191 1221 1233 incendat?
1254 1191 1490 1246 restinguet
1510 1190 1572 1231 ci-

132 1247 232 1298 tius,
263 1249 297 1289 si
326 1250 543 1293 ardentem
571 1251 796 1306 acceperit.
856 1251 942 1291 Ista
970 1250 1075 1304 ipsa,
1096 1263 1191 1305 quae
1222 1258 1270 1290 tu
1294 1249 1485 1298 breviter,
1505 1262 1573 1289 re-

133 1317 250 1358 gem,
281 1305 547 1359 dictatorem,
578 1307 766 1357 divitem,
797 1306 936 1347 solum
967 1319 1058 1346 esse
1086 1306 1333 1360 sapientem,
1356 1319 1381 1345 a
1409 1313 1451 1346 te
1478 1305 1574 1360 qui-

135 1359 232 1401 dem
270 1372 367 1418 apte
398 1378 446 1405 ac
483 1364 690 1405 rotunde:
723 1363 912 1420 quippe3
945 1362 1075 1404 habes
1111 1363 1224 1403 enim
1258 1377 1283 1403 a
1317 1361 1574 1403 rhetoribus.

134 1416 305 1460 illorum
336 1433 431 1461 vero
460 1421 541 1461 ista
567 1421 658 1475 ipsa
685 1434 812 1476 quam
837 1419 959 1460 exilia
979 1419 1030 1460 de
1049 1419 1212 1461 virtutis
1230 1419 1301 1459 vi?
1334 1432 1462 1474 quam
1479 1427 1574 1459 tan-

135 1480 225 1515 tam
255 1475 399 1517 volunt
431 1490 534 1528 esse,
556 1486 604 1518 ut
630 1477 804 1518 beatum
835 1490 910 1531 per
934 1490 978 1517 se
1008 1475 1171 1516 efficere
1191 1475 1340 1531 possit.
1359 1484 1575 1530 pungunt,

135 1531 256 1584 quasi
285 1531 457 1584 aculeis,
487 1532 901 1589 interrogatiunculis
932 1532 1138 1587 angustis.
1169 1532 1322 1587 quibus
1352 1532 1478 1572 etiarn
1502 1531 1576 1587 qui

134 1587 432 1640 assentiuntur,
454 1589 559 1632 nihil
585 1597 902 1631 commutantur
921 1589 1078 1639 animo,
1097 1596 1140 1629 et
1159 1588 1287 1630 iidem
1308 1589 1480 1638 abeunt,
1502 1588 1576 1644 qui

136 1654 333 1686 venerant
351 1662 360 1685 ε
390 1660 455 1687 res
483 1647 595 1690 enim
627 1647 805 1689 fortasse
834 1660 956 1697 verae,
976 1654 1090 1687 certe
1121 1660 1285 1701 graves,
1306 1660 1390 1687 non
1410 1645 1468 1686 ita
1488 1655 1573 1686 tra·
1587 1653 1619 1684 Ρ·
1639 1653 1709 1680 10⁹·

136 1708 319 1754 etantur,
341 1712 388 1744 ut
412 1703 582 1755 debent,
605 1704 677 1745 sed
697 1704 913 1760 aliquanto
932 1702 1151 1744 minutius.
1586 1696 1615 1719 ἃ·

196 1757 396 1814 Sequitur
412 1760 644 1802 disserendi
659 1761 780 1811 ratio,
797 1760 1073 1816 cognitioque
1091 1768 1266 1801 naturae.
1281 1773 1379 1800 nam
1394 1758 1447 1799 de
1460 1773 1578 1800 sum-
1591 1759 1627 1807 4,

139 1827 213 1855 mo
232 1815 348 1859 bono
376 1832 490 1868 ΠιοΧ,
509 1826 558 1859 ut
588 1817 690 1869 dixi,
710 1817 959 1867 videbimus,
982 1826 1024 1858 et
1043 1816 1096 1858 ad
1115 1815 1158 1857 id
1176 1815 1472 1871 explicandum
1492 1816 1578 1857 dis·
1592 1833 1614 1866 8

140 1872 405 1925 putationem
433 1888 602 1916 omnem
631 1874 914 1916 conferemus.
974 1875 1024 1915 In
1043 1873 1092 1914 iis
1113 1873 1244 1929 igitur
1263 1873 1452 1928 partibus
1473 1873 1580 1915 dua*-

142 1926 222 1970 bus
255 1929 358 1971 nihil
388 1941 490 1982 erat,
528 1930 644 1987 quod
670 1932 789 1972 Zeno
811 1939 1074 1972 commutare
1099 1930 1290 1986 gestiret.
1325 1939 1361 1964 19
1375 1944 1439 1971 res
1466 1931 1579 1971 enim

142 1985 342 2039 praeclare
373 2001 417 2028 se
447 1987 621 2039 habent,
651 1997 694 2029 et
724 1987 894 2044 quidem
924 1989 966 2029 in
993 1996 1172 2043 utraque
1193 1997 1324 2042 parte.
1346 1986 1448 2043 quid
1467 1987 1580 2028 enim

142 2040 196 2082 ab
217 2043 400 2099 antiquis
427 2058 478 2085 ex
505 2059 556 2086 eo
582 2058 753 2100 genere,
781 2044 896 2100 quod
921 2044 975 2085 ad
1000 2044 1291 2085 disserendum
1319 2043 1442 2094 valet,
1470 2058 1581 2099 prae-

141 2099 386 2140 termissnm
425 2102 521 2142 est?
555 2102 627 2157 qui
664 2111 707 2143 et
745 2100 994 2142 definierunt
1031 2101 1242 2156 plurima:
1271 2110 1315 2142 et
1353 2100 1582 2142 definiendi

141 2163 254 2197 artes
281 2156 541 2213 reliquerunt
560 2175 568 2199 ε
601 2157 799 2214 quodque
829 2167 892 2199 est
911 2158 1145 2199 definitioni
1164 2157 1429 2214 adjunctum,
1449 2167 1498 2199 ut
1518 2172 1583 2199 res

144 2211 187 2253 in
213 2222 353 2268 partes
376 2213 598 2265 dividatur,
619 2214 662 2256 id
690 2223 733 2256 et
763 2214 809 2256 fit
834 2214 888 2255 ab
913 2214 1010 2265 illis,
1028 2224 1086 2263 et,
1106 2214 1464 2270 quemadmodum
1496 2214 1584 2256 fieri

145 2278 355 2325 oporteat,
374 2271 566 2313 traditur.
588 2273 690 2313 item
711 2280 752 2304 20
769 2271 821 2313 de
842 2270 1087 2313 contrariis:
1118 2285 1143 2312 a
1163 2270 1317 2327 quibus
1337 2271 1392 2312 ad
1410 2285 1583 2326 genera,

190 2436 229 2463 16
251 2438 304 2461 aut
332 2443 386 2461 non
408 2438 472 2471 pot.
503 2438 555 2462 aut
582 2430 747 2470 noluerunt]
784 2432 845 2462 Hic
935 2439 973 2464 19
995 2443 1021 2461 r.
1036 2429 1215 2469 e.praeclare
1228 2441 1256 2460 se
1267 2429 1383 2469 habent]
1401 2431 1475 2461 Sine
1487 2432 1586 2464 dubio

145 2475 215 2506 sine
229 2475 328 2506 dubio
349 2475 468 2506 excidit
490 2476 625 2506 verbum
647 2485 677 2506 v.
703 2484 730 2505 c.
753 2485 845 2504 conse·
888 2474 1061 2513 legendum
1077 2473 1238 2503 habebant:
1262 2474 1306 2504 εἰς
1322 2482 1396 2504 ante
1417 2481 1490 2505 erat.
1508 2486 1586 2506 mox

146 2518 210 2559 qui.
223 2524 297 2548 ante
318 2518 414 2549 etiam
437 2524 465 2547 et
480 2518 516 2548 ab
532 2531 560 2548 eo
576 2518 626 2560 qui
642 2525 707 2547 sunt
721 2518 846 2549 videtur
888 2527 944 2557 pro
959 2517 1044 2546 valet
1063 2518 1141 2547 item
1164 2517 1279 2546 valeret
1292 2517 1466 2557 legendum
1482 2520 1587 2550 videa-

148 2561 320 2592 desiderate
329 2562 467 2603 prqfecti.
889 2568 950 2591 tur.

194 2610 229 2640 17
255 2612 367 2646 quanta
396 2603 548 2643 conantur]
579 2604 666 2634 Quia
693 2614 772 2634 rnox
801 2611 848 2635 est
934 2611 974 2635 20
997 2603 1031 2632 de
1047 2601 1198 2631 contrariis
1212 2613 1221 2630 :
1245 2615 1264 2631 a
1280 2603 1384 2645 quibus
1401 2603 1441 2632 ad
1451 2615 1482 2644 g.
1488 2604 1524 2643 f.
1540 2604 1589 2633 de-

150 2646 288 2684 incendit,
305 2649 359 2679 hic
374 2657 502 2688 quoque
517 2648 725 2678 scribendum
741 2654 787 2678 est
803 2659 847 2677 co-
889 2645 1044 2685 venerunt]
1063 2646 1190 2685 Nempe
1213 2646 1287 2685 quia
1303 2656 1417 2686 genera
1431 2654 1461 2677 et
1477 2648 1589 2678 formae

150 2696 250 2728 natur,
273 2691 561 2730 intelligendusque
589 2691 678 2722 Zeno.
723 2691 775 2721 Sic
802 2692 847 2720 vi-
889 2697 1012 2729 partem
1038 2690 1181 2728 aliquam
1205 2689 1337 2726 habent,
1365 2700 1429 2729 qua
1454 2691 1535 2721 inter
1555 2701 1589 2721 se

151 2740 226 2762 sum
237 2740 268 2763 et
278 2733 419 2765 Davisio.
888 2734 953 2764 sint
968 2734 1136 2769 contraria,
1146 2738 1183 2762 ut
1194 2733 1375 2763 animatum
1388 2740 1419 2764 et
1432 2734 1589 2764 inanima-

199 2781 236 2805 18
258 2776 342 2807 vides
371 2784 511 2819 quantam
539 2788 598 2806 rem
627 2776 711 2817 agas]
751 2777 849 2807 Recte
892 2783 977 2813 tum,
1000 2775 1119 2806 animal
1146 2776 1273 2806 rationis
1300 2777 1454 2816 particeps
1480 2783 1511 2806 et
1536 2785 1591 2805 ex—

153 2816 299 2849 Davisius
313 2821 437 2861 corrigit
448 2826 529 2860 agat.
569 2821 658 2851 Forte
674 2827 705 2852 et
718 2819 789 2849 vide
805 2819 848 2851 le·
891 2829 979 2859 pers:
1005 2821 1090 2850 unde
1111 2826 1155 2855 et,
1178 2820 1254 2858 quia
1269 2829 1287 2849 a
1302 2821 1460 2849 contrario
1475 2820 1514 2848 ad
1537 2828 1590 2857 ge-

155 2861 307 2900 gendum.
892 2872 980 2900 uera,
997 2871 1016 2894 a
1031 2863 1198 2902 generibus
1215 2863 1252 2893 ad
1276 2863 1392 2893 formas
1416 2861 1514 2892 veluti
1536 2862 1592 2891 de-
