1778 3095
593 163 777 201 LIBER
813 164 1056 202 PRJMUS.
1459 171 1537 214 539

115 266 384 309 incenderant
402 266 570 317 milites,
590 267 689 322 quia
716 267 834 322 sequi
860 268 1092 320 noluerant,
1114 266 1343 309 videbatis:
1372 280 1537 324 postre-

115 338 187 364 mo
208 340 232 365 a
252 324 415 365 Rhodia
432 325 561 365 classe
581 323 747 373 deserti,
767 337 910 364 verum
930 333 1066 365 vatem
1086 324 1213 365 fuisse
1234 324 1431 366 sensistis.

174 381 375 436 Exposui,
396 394 521 436 quam
549 379 790 420 brevissime
811 379 946 434 potui,
968 380 1134 430 somnii,
1155 389 1199 421 et
1218 380 1369 421 furoris
1390 395 1538 424 oracu-
1550 391 1602 432 70

113 434 170 485 la,
194 452 286 492 quae
317 450 456 477 carere
485 443 573 476 arte
601 435 801 476 dixeram.
859 435 1058 477 Quorum
1084 436 1305 477 amborum
1335 450 1540 492 generum

118 506 202 532 una
222 493 327 533 ratio
346 501 422 542 est,
442 506 525 547 qua
545 491 772 546 Cratippus
798 500 939 532 noster
967 491 1032 532 uti
1059 491 1191 533 solet:
1221 493 1383 534 animos
1403 492 1544 536 homi-

118 562 220 588 num
254 547 433 603 quadam
466 562 517 588 ex
546 556 664 602 parte
693 547 949 588 extrinsecus
978 562 1068 588 esse
1098 555 1253 588 tractos
1283 558 1326 589 et
1354 549 1543 592 haustos.

125 613 141 635 ⁵
162 606 225 645 Ex
245 618 329 659 quo
351 603 612 658 intelligitur,
633 618 723 644 esse
752 612 868 645 extra
896 604 1082 644 divinum
1110 604 1313 655 animum,
1335 605 1546 648 humanus

116 660 228 701 unde
244 660 438 702 ducatur:
456 659 629 700 humani
649 668 790 701 autem
808 660 935 702 animi
951 674 1043 700 eam
1057 669 1233 716 partem,
1249 676 1343 716 quae
1360 675 1546 714 sensum,

117 731 212 772 quae
235 725 414 766 motum,
433 731 528 772 quae
548 717 782 772 appetitum
800 715 966 767 habeat,
987 731 1071 758 non
1087 730 1177 757 esse
1193 717 1247 757 ab
1266 717 1431 758 actione
1450 733 1545 760 cor-

116 772 230 826 poris
250 772 485 828 sejugatam
503 789 512 812 :
534 788 628 828 quae
649 780 789 814 autem
808 787 902 828 pars
921 773 1063 824 animi,
1083 773 1255 814 rationis
1276 782 1403 829 atque
1422 773 1547 816 intel-

115 828 302 883 ligentiae
335 829 390 870 sit
420 829 644 884 particeps,
664 844 758 870 eam
787 837 879 870 tum
906 830 1087 870 maxime
1113 829 1269 885 vigere,
1288 844 1387 872 cum
1411 829 1544 885 pluri-

117 899 237 925 mum
257 884 367 925 absit
385 899 410 925 a
429 899 618 941 corpore.
659 887 806 941 Itaque
832 885 1030 940 expositis
1050 886 1252 941 exemplis
1270 901 1459 928 verarum
1477 900 1606 943 va-71

117 939 412 982 ticinationum
444 948 486 981 et
512 941 788 991 somniorum,
815 941 1042 996 Cratippus
1072 941 1180 982 solet
1207 943 1412 984 rationem
1442 958 1545 986 con-

118 996 288 1038 cludere
307 997 389 1038 hoc
409 996 553 1037 modo.
588 997 633 1038 Si
652 997 740 1038 sine
759 997 892 1039 oculis
915 1012 998 1038 non
1021 1005 1163 1053 potest
1182 1007 1343 1040 exstare
1361 999 1548 1043 officium

119 1060 163 1093 et
194 1068 347 1094 munus
381 1052 601 1094 oculorum
615 1069 628 1104 3
665 1062 843 1109 possunt
874 1061 1014 1095 autem
1054 1054 1279 1110 aliquando
1316 1057 1429 1098 oculi
1464 1072 1549 1099 non

121 1109 241 1163 fungi
270 1124 347 1150 suo
379 1122 575 1150 munere:
606 1111 679 1165 qui
698 1110 763 1152 vel
787 1111 916 1151 semel
935 1110 993 1152 ita
1012 1119 1075 1152 est
1095 1126 1196 1152 usus
1218 1112 1366 1163 oculis,
1386 1122 1434 1155 ut
1453 1129 1550 1155 vera

120 1173 332 1216 cerneret3
361 1165 395 1206 is
417 1165 544 1206 habet
564 1180 732 1207 sensum
751 1167 970 1208 oculorum
992 1181 1087 1208 vera
1105 1169 1379 1209 cernentium.
1439 1170 1548 1211 Item

120 1221 264 1275 igitur,
284 1221 318 1262 si
347 1221 434 1262 sine
464 1221 715 1264 divinatione
746 1238 830 1264 non
856 1232 1010 1279 potest,
1032 1232 1073 1265 et
1101 1224 1301 1275 officium,
1323 1234 1366 1266 et
1394 1240 1548 1267 munus
1561 1232 1593 1263 b.

122 1277 386 1319 divinationis
421 1287 582 1319 exstare
599 1295 611 1329 3
642 1287 783 1334 potest
813 1289 954 1320 autem
985 1280 1092 1335 quis,
1124 1295 1221 1321 cum
1252 1281 1548 1323 divinationem

123 1333 293 1384 habeat,
312 1349 447 1375 errare
474 1334 713 1390 aliquando,
734 1350 808 1376 nec
828 1350 922 1376 vera
942 1350 1110 1376 cernere
1130 1353 1139 1377 :
1171 1337 1270 1378 satis
1291 1347 1354 1379 est
1373 1338 1427 1379 ad
1446 1353 1549 1379 con-

126 1390 372 1432 firmandam
393 1390 703 1441 divinationem,
726 1392 854 1433 semel
875 1391 1032 1448 aliquid
1052 1406 1142 1433 esse
1161 1393 1220 1433 ita
1238 1393 1481 1445 divinatum,
1503 1404 1552 1436 ut

125 1446 229 1487 nihil
250 1447 425 1488 fortuito
445 1447 643 1488 cecidisse
663 1447 863 1489 videatur.
904 1449 1011 1489 Sunt
1030 1458 1172 1489 autem
1192 1449 1281 1504 ejus
1301 1451 1465 1505 generis
1485 1451 1550 1492 in·—

126 1503 417 1545 numerabilia:
448 1517 539 1545 esse
559 1503 687 1559 igitur
709 1504 1020 1556 divinationem,
1043 1506 1329 1547 confitendum
1350 1515 1426 1548 est.

183 1560 292 1600 Quae
311 1573 405 1600 vero
436 1567 508 1600 aut
535 1560 778 1616 conjectura
799 1561 1072 1617 explicantur,
1092 1571 1166 1602 aut
1186 1563 1342 1603 eventis
1363 1563 1550 1604 animad-
1564 1565 1633 1613 33

125 1628 241 1655 versa
265 1624 308 1656 et
337 1622 481 1656 notata
509 1625 620 1666 sunt,
640 1631 689 1657 ea
711 1631 869 1672 genera
894 1617 1117 1668 divinandi,
1140 1628 1187 1659 ut
1208 1633 1333 1673 supra
1351 1619 1448 1670 dixi,
1469 1636 1551 1661 non
1565 1639 1618 1678 72

127 1671 344 1721 naturalia,
365 1672 437 1713 sed
465 1673 687 1714 artificiosa
711 1673 922 1715 dicuntur.
946 1681 963 1705 6
977 1674 1018 1714 in
1039 1689 1124 1729 quo
1144 1673 1399 1730 haruspices,
1419 1691 1553 1731 augu-

128 1741 209 1777 res,
229 1728 570 1784 conjectoresque
591 1738 875 1771 numerantur.
934 1731 1041 1770 Haec
1069 1730 1360 1785 improbantur
1388 1747 1412 1772 a
1445 1733 1555 1773 Peri-

129 1783 345 1837 pateticis;
377 1799 402 1824 a
432 1785 583 1825 Stoicis
614 1786 906 1827 defenduntur.
966 1788 1161 1842 Quorum
1192 1786 1272 1827 alia
1302 1798 1399 1829 sunt
1419 1789 1557 1844 posita

131 1839 173 1879 in
195 1841 493 1890 monumentis,
515 1850 557 1881 et
576 1841 817 1897 disciplina:
849 1843 963 1897 quod
986 1845 1261 1884 Etruscorum
1282 1844 1494 1885 declarant
1514 1855 1558 1887 et

131 1894 399 1951 haruspicini,
420 1906 463 1938 et
483 1897 727 1952 fulgurales,
747 1907 789 1938 et
813 1906 828 1934 7
846 1899 1091 1940 tonitruales
1110 1899 1219 1949 libri,
1244 1908 1260 1931 8
1277 1901 1406 1941 nostri
1427 1902 1556 1943 etiam

131 1952 353 2006 augurales
372 1969 381 1992 ε
413 1952 494 1993 alia
519 1964 660 1994 autem
689 1955 829 1995 subito
850 1969 900 1995 ex
919 1964 1109 2010 tempore
1135 1965 1152 1989 9
1165 1955 1407 2012 conjectura
1425 1958 1557 2013 expli-

133 2017 294 2058 cantur,
313 2016 363 2049 ut
379 2008 492 2064 apud
511 2010 749 2051 Homerum
770 2011 964 2062 Calchas,
983 2012 1054 2067 qui
1076 2026 1125 2052 ex
1146 2026 1361 2067 passerum
1381 2029 1557 2055 numero

133 2064 235 2105 belli
263 2063 434 2120 Trojani
463 2080 592 2107 annos
623 2076 852 2122 auguratus
883 2077 973 2108 est:
1004 2076 1047 2109 et
1069 2076 1117 2108 ut
1136 2068 1177 2108 in
1200 2068 1327 2109 Sullae
1356 2070 1557 2125 scriptum

134 2119 308 2162 historia
328 2120 527 2174 videmus,
545 2122 674 2179 quod,
694 2133 736 2165 te
756 2123 1030 2180 inspectante,
1046 2125 1206 2165 factum
1226 2134 1304 2175 est,
1327 2134 1365 2158 10
1381 2135 1442 2178 ut,
1460 2142 1558 2169 cum

179 2241 196 2265 5
221 2234 271 2262 Ex
286 2245 338 2274 quo
355 2233 543 2274 intelligitur]
567 2235 682 2266 Referri
699 2236 760 2266 hoc
775 2237 828 2266 de-
868 2237 974 2272 vestri,
998 2238 1083 2275 quod
1107 2239 1220 2277 recepit
1243 2238 1401 2276 Davisius,
1425 2241 1499 2278 quia
1521 2242 1560 2271 ad

135 2275 188 2305 bet
203 2277 242 2305 ad
257 2277 419 2316 superius:
452 2277 527 2308 alias
549 2288 615 2308 esse
637 2280 762 2309 deberet
785 2279 828 2308 in·
870 2279 919 2309 M.
936 2280 1061 2309 fratrem
1078 2282 1249 2319 pertineat:
1275 2291 1350 2311 cum
1367 2282 1430 2321 ipse
1448 2284 1488 2312 Q.
1505 2293 1561 2313 au-

137 2318 298 2358 telligatur.
870 2331 929 2361 gur
951 2332 1015 2352 non
1039 2323 1140 2353 fuerit.
1186 2324 1223 2353 Et
1238 2324 1317 2353 solet
1332 2324 1440 2354 Cicero
1455 2326 1499 2355 sic
1515 2327 1562 2356 di-

181 2366 199 2391 6
223 2361 253 2390 in
269 2361 335 2402 quo]
357 2362 442 2392 Quia
456 2363 518 2392 hoe
534 2364 663 2394 refertur
678 2365 716 2394 ad
733 2376 765 2394 ea
778 2375 829 2404 ge·
871 2374 952 2401 cere,
969 2371 1001 2394 ut
1015 2372 1054 2393 est
1070 2365 1100 2394 in
1116 2365 1197 2395 libris
1212 2367 1318 2395 vestris
1333 2369 1391 2398 ὥς.
1433 2368 1492 2398 Sed
1509 2370 1564 2399 hic

137 2414 219 2440 nera,
234 2405 376 2435 videatur
396 2415 461 2435 esse
481 2406 593 2436 debere
616 2406 645 2436 in
666 2407 728 2448 quis
742 2418 752 2436 :
775 2408 829 2437 sed
871 2408 986 2447 opponi
1004 2407 1209 2438 Etruseorum
1225 2409 1310 2438 libris
1326 2411 1471 2441 videntur
1487 2423 1494 2440 e
1519 2413 1562 2441 E-

138 2453 238 2485 potest
258 2448 390 2487 intelligi
407 2458 510 2487 genere
523 2460 532 2477 :
555 2450 648 2487 cujus
665 2450 784 2489 generis
800 2458 831 2480 et
873 2456 1027 2479 truso-orum
1044 2450 1243 2480 libri—nostri
1258 2452 1434 2492 augurale53
1458 2461 1493 2484 ut
1509 2461 1563 2494 pe-

139 2489 201 2518 alia
216 2491 361 2530 exempla
375 2498 461 2521 sunt.
873 2492 1000 2531 regrina,
1018 2500 1134 2522 externa
1157 2500 1185 2522 ct
1207 2501 1300 2523 nostra
1318 2498 1433 2534 opponi
1450 2498 1563 2528 solent.

186 2538 200 2564 7
227 2533 404 2572 tonitruales]
430 2534 481 2563 Sic
504 2534 583 2564 Mss.
606 2535 749 2573 quidam,
766 2534 831 2574 pla·
874 2535 967 2574 igitur
983 2544 1105 2565 mutare
1121 2546 1186 2566 non
1201 2547 1275 2567 sum
1291 2547 1398 2569 ausus.

141 2573 295 2612 cebatque
331 2576 474 2606 Grutero.
518 2578 633 2617 recepit
673 2578 830 2607 Davisius.
917 2585 934 2610 9
958 2578 1116 2617 conjectura
1138 2578 1331 2617 explicantur,
1348 2580 1562 2618 ut—Calclias,

142 2616 248 2656 Vulgo
277 2625 341 2647 erat
370 2618 498 2648 rituales.
540 2620 717 2660 Vestigium
748 2620 831 2650 illius
872 2621 1126 2662 qui—auguratus
1142 2621 1195 2659 est]
1214 2622 1293 2651 Haec
1310 2633 1374 2653 non
1390 2625 1469 2653 bene
1484 2631 1565 2654 stru—

142 2659 286 2699 lcctionis
309 2667 354 2689 est
375 2661 408 2689 in
429 2660 505 2691 Mss.
528 2669 564 2692 ut
585 2663 691 2693 Guelf.
707 2664 760 2701 qui
778 2665 832 2692 ha-
874 2670 962 2692 ctura
985 2665 1200 2694 consentiunt.
1224 2665 1352 2696 nullum
1375 2666 1497 2695 facilius
1521 2677 1567 2695 re-

143 2702 221 2731 bent
236 2701 380 2738 wimales,
396 2704 480 2740 quod
501 2712 547 2734 est
569 2712 599 2734 et
620 2706 652 2735 in
673 2707 741 2735 edd.
758 2712 834 2735 vett.
876 2706 1020 2736 medium
1035 2707 1112 2743 seio,
1128 2717 1227 2745 quam
1245 2716 1278 2738 ut
1294 2709 1343 2748 qui
1359 2709 1508 2738 deleatur.

145 2745 384 2777 utVen.1494.
398 2745 528 2775 Mediol.
548 2748 702 2783 Ascensii,
719 2749 772 2786 qui
790 2755 834 2777 ta-
922 2756 960 2779 10
981 2755 1025 2785 ut,
1053 2760 1115 2778 cum
1139 2749 1201 2788 ille]
1231 2750 1397 2780 Difficilior
1420 2758 1465 2780 est
1487 2758 1567 2780 stru-

148 2796 221 2816 men
250 2787 282 2816 in
312 2787 453 2826 margine
482 2790 612 2826 notavit,
636 2790 713 2820 alios
742 2791 835 2820 libros
877 2797 964 2820 ctura
987 2791 1146 2828 orationis,
1163 2793 1187 2821 si
1210 2799 1315 2822 tamen
1337 2794 1404 2822 sine
1419 2794 1493 2822 vitio
1509 2801 1564 2822 est.

148 2830 262 2859 habete
282 2829 460 2859 tonitruales.
878 2833 1007 2870 Conjeci
1022 2834 1203 2872 aliquande,
1217 2834 1387 2873 legendum
1399 2845 1463 2865 esse
1480 2846 1566 2864 emer-

192 2878 208 2900 8
233 2872 320 2901 nostri
336 2872 422 2901 etiam
440 2871 605 2911 augurales]
631 2873 710 2905 MSS.
734 2874 838 2914 plures
879 2875 947 2903 serit
963 2885 1017 2915 pro
1033 2883 1197 2916 emergeret.
