1778 3095
504 121 683 159 LIBER
721 120 1104 158 SINGULARIS.
1436 123 1517 162 615*

95 229 237 271 onmia
257 230 344 271 fato
364 229 481 279 fiunt,
501 229 643 269 omnia
663 229 798 270 causis
819 229 1160 270 antecedentibus
1181 228 1297 270 fiunt.
1327 244 1411 271 non
1431 230 1512 286 igi-

98 294 165 326 tur
186 287 270 327 fato
293 287 408 336 fiunt,
428 300 703 349 quaecumque
722 285 837 324 fiunt.
897 287 993 326 Hoc
1011 285 1164 326 arctius
1185 284 1386 348 adstringi
1406 288 1512 328 ratio
1523 297 1573 330 32

97 356 180 382 non
201 351 352 397 potest.
392 344 503 383 Nam
525 341 652 396 siquis
673 340 767 380 velit
795 340 908 380 idem
930 341 1095 390 referre,
1117 352 1244 396 atque
1265 340 1323 381 ita
1345 343 1512 384 dicere:

97 398 141 437 Si
161 413 285 438 omne
304 400 504 446 futurum,
525 411 574 437 ex
602 396 830 437 aeternitate
856 411 998 436 verum
1028 406 1104 445 est,
1124 408 1171 437 ut
1200 398 1258 437 ita
1286 407 1397 444 certe
1425 414 1516 439 eve-

97 453 196 503 niat,
219 453 575 509 quemadmodum
603 454 656 494 sit
684 454 888 502 futurum,
910 452 1051 492 omnia
1071 467 1239 493 necesse
1259 463 1322 494 est
1341 454 1518 509 colliga.-

96 509 210 550 tione
242 510 417 551 naturali
446 518 633 550 conserte
664 518 939 564 contexteque
970 509 1086 549 fieri:
1118 508 1221 548 nihil
1252 509 1376 550 dicat.
1407 511 1519 551 mul-

97 573 188 606 tum
210 567 317 606 enim
341 566 491 615 differt,
514 575 653 606 utrum
675 580 800 606 causa
829 565 1026 606 naturalis
1045 579 1095 606 ex
1116 566 1358 615 aeternitate,
1379 566 1520 607 futura

96 636 192 662 vera
223 622 384 670 efficiat,
417 636 469 662 an
503 622 627 662 etiam
657 623 744 662 sine
775 621 1005 662 aeternitate
1035 622 1225 671 naturali,
1255 621 1396 662 futura
1426 638 1519 678 quae

98 678 194 728 sint,
215 693 263 718 ea
285 694 376 718 vera
397 686 435 709 3⁵
455 694 545 719 esse
564 679 724 733 possint
744 678 934 733 intelligi.
982 678 1129 733 Itaque
1148 677 1313 718 dicebat
1335 677 1519 718 Carnea-

99 733 185 782 des,
209 749 256 774 ne
281 735 518 789 Apollinem
541 735 710 790 quidem
741 735 883 775 lutura
910 748 1032 789 posse
1056 734 1208 784 dicere,
1231 734 1307 774 nisi
1329 749 1391 784 ea,
1414 749 1520 789 quo-

96 803 188 829 rum
224 805 367 831 causas
401 800 548 832 natura
578 791 634 831 ita
661 791 908 841 contineret,
933 801 980 830 ut
1011 805 1059 830 ea
1089 790 1175 830 fieri
1206 804 1372 831 necesse
1399 798 1519 831 esset.

97 846 212 902 Quid
243 847 352 886 enim
388 856 577 902 spectans
608 845 709 888 deus
740 847 828 901 ipse
849 847 1018 897 diceret,
1040 846 1294 887 Marcellum
1317 861 1428 897 eum,
1449 847 1580 902 qui33

98 911 161 942 ter
181 904 324 944 consul
350 905 441 966 luit,
467 904 506 943 in
528 904 630 944 mari
656 918 744 944 esse
766 903 997 958 periturum
1017 904 1029 943 ?
1055 912 1143 944 erat
1164 903 1332 958 quidem
1352 903 1432 943 hoc
1452 918 1521 944 ve-

97 973 189 998 rum
211 974 261 999 ex
283 960 455 999 aeteinit
448 970 528 1009 ite,
549 959 622 1000 sed
643 974 788 1000 causas
818 959 860 999 id
886 959 1108 1000 efficientes
1136 974 1218 999 non
1239 959 1435 1000 habebat.
1466 959 1651 1014 itap,147,

99 1029 148 1054 ne
169 1015 379 1069 praeterita
400 1015 566 1071 quidem
590 1031 652 1065 ea,
673 1030 853 1071 quorum
877 1016 990 1056 nulla
1009 1015 1140 1070 signa,
1163 1023 1377 1079 tamquam
1400 1017 1562 1057 vesti-³·

96 1071 182 1125 gia,
203 1082 425 1122 exstarent,
446 1072 635 1127 Apollini
657 1081 755 1112 nota
776 1086 866 1112 esse
888 1072 1111 1113 censebat:
1143 1086 1227 1127 quo
1249 1087 1385 1113 minus
1406 1072 1524 1114 iutu-

97 1142 154 1166 ra.
196 1129 331 1168 causis
367 1129 476 1169 enim
508 1129 781 1169 efficientibus
812 1143 1023 1184 quamque
1053 1143 1139 1169 rem
1171 1128 1368 1182 cognitis,
1400 1143 1524 1183 posse

97 1183 275 1247 denique
297 1185 404 1234 sciri,
425 1185 524 1240 quid
547 1186 734 1226 futurum
755 1193 878 1225 esset.
909 1200 1012 1240 ergo
1035 1199 1111 1225 nec
1132 1184 1184 1225 de
1206 1184 1426 1239 OEpidode
1447 1199 1526 1249 po-

99 1240 227 1280 tuisse
250 1241 489 1304 Apollinem
514 1242 754 1296 praedicere,
775 1241 899 1282 nullis
931 1241 973 1281 in
1002 1256 1139 1282 rerum
1168 1250 1317 1281 natura
1336 1247 1375 1272 86
1390 1241 1526 1282 causis

98 1297 348 1351 praepositis,
383 1313 456 1338 cur
491 1300 544 1338 ab
580 1313 631 1338 eo
666 1308 826 1361 patrem
861 1298 1034 1338 interfici
1072 1311 1240 1338 necesse
1271 1306 1407 1338 esset.
1449 1311 1526 1338 nec

99 1353 327 1408 quidquam
358 1354 615 1410 hujusmodi.
674 1354 889 1398 Quocirca
916 1354 949 1394 si
979 1352 1147 1404 Stoicis,
1167 1353 1240 1409 qui
1269 1354 1410 1394 omnia
1438 1353 1525 1395 fato
1545 1359 1609 1409 15

99 1409 184 1449 fieri
202 1410 361 1460 dicunt,
380 1420 705 1451 consentaneum
727 1420 804 1460 est,
820 1410 1063 1466 hujusmodi
1087 1410 1270 1459 oracula,
1290 1420 1526 1474 ceteraque,

99 1480 193 1520 quae
215 1466 267 1506 ad
289 1467 585 1508 dixinationem
606 1468 829 1523 pertinent,
851 1467 1159 1531 comprobare:
1190 1467 1239 1507 iis
1261 1476 1417 1516 autem,
1440 1466 1527 1521 qui,

96 1536 191 1575 quae
214 1523 353 1563 futuia
374 1533 483 1573 sunt,
505 1538 553 1564 ea
573 1539 666 1564 vera
686 1538 775 1564 esse
796 1538 846 1563 ex
876 1524 1107 1564 aeternitate
1128 1523 1287 1573 dicunt,
1308 1538 1393 1564 non
1414 1522 1526 1563 idem

94 1577 320 1619 dicendum
347 1589 434 1620 est:
473 1580 579 1629 vide,
601 1595 651 1620 ne
672 1595 754 1621 non
777 1580 921 1621 eadem
945 1580 998 1620 sit
1018 1580 1184 1620 illorum
1206 1594 1331 1621 causa
1352 1589 1394 1620 et
1414 1579 1528 1620 Stoi-

95 1648 257 1675 corum.
289 1635 331 1675 hi
361 1636 472 1676 enim
502 1647 707 1691 urgentur
725 1637 974 1691 angustius·
965 1667 974 1685 ,
1007 1636 1173 1676 illorum
1195 1636 1301 1676 ratio
1320 1635 1459 1676 soluta
1478 1649 1527 1676 ac

94 1689 226 1730 libera
261 1703 339 1731 est.
398 1692 528 1747 Ouod
560 1693 595 1733 si
629 1693 897 1741 concedatur,
931 1692 1034 1732 nihil
1071 1706 1193 1746 posse
1233 1691 1410 1741 evenire,
1448 1691 1525 1732 nisi
1537 1706 1590 1740 34

97 1761 222 1786 causa
254 1749 552 1788 antecedente.
585 1748 687 1803 quid
721 1748 977 1803 proficiatur,
1012 1749 1045 1788 si
1075 1762 1124 1787 ea
1152 1762 1276 1788 causa
1307 1762 1390 1787 non
1419 1754 1456 1783 37
1475 1761 1528 1789 ex

100 1803 264 1843 aeternis
285 1804 418 1843 causis
440 1814 538 1858 apta
558 1804 746 1844 dicatur
739 1806 751 1832 ³
783 1819 909 1844 causa
927 1813 1067 1844 autem
1092 1818 1141 1844 ea
1161 1813 1238 1853 est,
1261 1819 1354 1859 quae
1376 1803 1418 1844 id
1438 1803 1526 1844 effi-

99 1859 171 1908 cit,
205 1859 324 1914 cujus
361 1869 423 1901 est
453 1875 606 1909 cai15a3
646 1870 694 1901 ut
723 1860 884 1909 vulnus,
915 1860 1090 1900 mortis·
1082 1891 1091 1907 ,
1132 1861 1329 1910 cruditas,
1359 1859 1526 1910 morbi;

98 1915 224 1970 ignis,
247 1916 419 1956 ardoris.
471 1917 629 1980 Itaque·
639 1931 722 1957 non
743 1917 801 1956 sic
821 1931 946 1956 causa
966 1915 1144 1970 intelligi
1165 1916 1306 1966 debet,
1329 1925 1389 1965 ut,
1411 1916 1529 1971 quod

99 1972 252 2025 cuique
272 1973 503 2022 antecedat,
525 1973 567 2013 id
595 1973 631 2013 ei
662 1987 788 2013 causa
818 1973 885 2022 sit,
907 1972 979 2012 sed
999 1972 1112 2027 quod
1133 1974 1284 2027 cuique
1303 1972 1529 2013 efficienter

100 2028 345 2069 antecedat.
369 2044 457 2078 nec,
480 2029 624 2085 quod
614 2045 655 2070 in
675 2043 869 2083 campum
894 2028 1195 2078 descenderim,
1216 2028 1258 2068 id
1280 2028 1406 2068 fuisse
1426 2042 1528 2069 cau-

100 2099 172 2134 sae,
194 2100 268 2125 cui
295 2086 377 2140 pila
407 2086 623 2126 ludeiem:
656 2100 730 2125 nec
752 2086 973 2125 Hecubam
997 2099 1163 2125 causam
1188 2085 1379 2124 interitus
1401 2084 1528 2125 fuisse

99 2141 306 2194 Troianis,
332 2142 445 2196 quod
470 2142 751 2182 Alexandrum
772 2142 992 2196 genuerit:
1025 2155 1098 2180 nec
1120 2140 1387 2196 Tyndareum
1409 2141 1528 2195 Aga-

99 2199 326 2240 memnoni.
347 2199 458 2253 quod
481 2198 864 2254 Ciytaemnestram.
887 2198 966 2238 hoc
987 2198 1095 2237 enim
1119 2198 1247 2237 modo
1269 2197 1399 2237 viator
1420 2211 1528 2252 quo-

102 2268 183 2308 que
205 2255 309 2294 bene
332 2256 502 2296 vestitus
523 2263 561 2287 ²38
577 2270 702 2296 causa
720 2256 946 2310 grassatori
969 2255 1094 2294 fuisse
1115 2254 1290 2305 dicetur,
1308 2268 1382 2294 cur
1401 2254 1454 2294 ab
1476 2267 1527 2295 eo

103 2310 364 2365 spoliaretur.
426 2314 484 2352 Ex
511 2313 592 2352 hoc
614 2327 770 2367 genere
792 2311 894 2352 illud
916 2321 980 2351 est
1000 2311 1137 2362 Ennii,
1541 2319 1590 2352 35

211 2392 347 2428 Utinam
368 2406 406 2427 ne
424 2393 457 2427 in
477 2406 602 2428 nrmart
625 2392 684 2428 W
685 2394 713 2428 io
730 2392 897 2428 semrihus

213 2445 325 2482 Caesa.
344 2446 506 2482 cecidisset
526 2446 633 2494 αῶέιέ
626 2460 669 2481 m
689 2461 709 2482 1:
705 2445 738 2481 'd
754 2456 820 2483 ter]
822 2459 876 2482 am
895 2444 1006 2481 trabes
1019 2447 1034 2480 J

148 2548 187 2572 35
206 2540 276 2580 esse]
296 2542 378 2572 Mihi
393 2553 576 2582 suspectum
592 2550 650 2579 est,
668 2543 796 2573 malim·
840 2542 976 2581 praetuli,
992 2543 1068 2582 quia
1088 2548 1120 2573 et
1141 2542 1174 2572 in
1196 2541 1283 2573 libris
1304 2546 1463 2581 repertum
1486 2546 1533 2570 est

127 2594 168 2614 ue
183 2585 289 2614 deleri·
840 2586 879 2615 ab
896 2586 902 2615 i
928 2596 971 2615 5ο.

106 2595 125 2625 q
149 2633 189 2657 36
208 2627 298 2655 causis
310 2626 486 2667 prcrpcssitis]
506 2629 621 2658 Malim
633 2628 794 2667 propositis.
882 2596 925 2655 :³5
945 2639 1030 2657 causa
1041 2627 1138 2666 fuisse
1161 2625 1283 2665 dicetur]
1303 2628 1376 2656 Non
1392 2625 1533 2654 offendor

105 2671 182 2700 item
200 2670 279 2699 infra
295 2679 322 2698 c.
338 2676 385 2698 18.
404 2670 469 2699 init.
487 2673 539 2701 sed
560 2680 667 2701 tamen
683 2679 713 2700 et
729 2683 797 2700 cau·
839 2673 872 2701 in
888 2671 1018 2700 demur.-
1043 2672 1095 2700 sed
1112 2678 1217 2700 tamen
1238 2671 1313 2699 Mss.
1330 2669 1457 2706 quidam
1476 2668 1533 2695 ha—

107 2723 147 2743 sae
161 2712 327 2751 antepoiirae
342 2720 415 2741 sunt
432 2722 448 2741 c
478 2719 522 2742 18.
842 2715 916 2743 bent
933 2715 1085 2749 diceretur,
1098 2721 1175 2743 utet
1190 2713 1297 2742 Lamb.
1315 2711 1421 2746 edidit,
1439 2710 1533 2747 idque

152 2761 189 2790 37
209 2768 244 2785 ex
259 2762 372 2783 aeterms
386 2766 408 2783 c.
424 2762 492 2793 apra
505 2755 639 2794 ducatur]
655 2757 719 2785 Aut
729 2762 799 2793 apta
842 2756 956 2786 melius
971 2758 1104 2786 videtur.
1134 2756 1193 2785 Sed
1208 2754 1277 2785 libri
1293 2754 1423 2793 quidam
1437 2752 1534 2788 etiam

108 2798 280 2828 delendum
305 2799 385 2827 mihi
408 2807 531 2837 semper
550 2799 655 2829 visum
671 2806 728 2833 est,
745 2804 800 2827 aut
843 2799 962 2829 habent
976 2799 1161 2839 causafiret.

107 2840 223 2874 dicatur
258 2841 441 2880 legendum.
478 2842 540 2871 hoc
566 2850 644 2872 cum
671 2841 800 2873 Davisio
