1778 3095
241 131 318 163 234
545 124 618 161 DE
644 124 801 164 FINIB.
828 126 1028 166 BONOR.
1057 127 1126 165 ET
1152 125 1360 165 MALOR.

239 233 413 275 beatus:
445 233 479 273 si
509 232 700 288 sapiens:
733 248 784 274 ne
813 243 905 276 tum
936 236 1108 292 quidem
1137 237 1277 286 miser,
1297 249 1395 276 cum
1425 234 1478 276 ab
1507 236 1665 279 Oroete

238 299 420 346 praetore
439 290 569 330 Darei
588 291 630 331 in
651 305 818 332 crucem
838 301 955 332 actus
974 301 1050 333 est.
1096 293 1157 334 At
1176 293 1318 334 multis
1339 292 1459 333 malis
1479 293 1664 336 affectus.

241 346 347 403 Quis
369 355 496 401 negat
515 347 527 387 ?
561 347 634 387 sed
655 361 705 388 ea
725 348 835 389 mala
861 348 1023 389 virtutis
1053 349 1344 404 magnitudine
1364 349 1664 391 obruebantur.

158 400 224 448 31
240 404 311 445 An
333 418 385 443 ne
404 403 485 444 hoc
507 403 675 458 quidem
699 405 978 460 Peripateticis
999 406 1209 456 concedis,
1231 415 1279 447 ut
1301 405 1454 456 dicant,
1475 405 1663 447 omnium

177 477 226 516 93
239 460 421 501 virorum
443 459 667 511 bonorum,
700 460 741 501 id
766 470 844 511 est,
872 461 1121 516 sapientum,
1146 463 1424 519 omnibusque
1443 461 1666 503 virtutibus

239 526 498 565 ornatorum,
520 516 645 557 vitam
667 517 864 557 omnibus
882 517 1068 573 partibus
1088 519 1181 574 plus
1201 519 1355 561 habere
1371 533 1536 574 semper
1551 518 1667 568 boni,

237 588 365 629 quam
402 572 530 613 mali?
565 573 656 627 quis
692 573 772 613 hoc
805 573 938 614 dicit?
987 583 1024 606 ⁵2
1042 575 1192 616 Stoicis
1225 576 1336 617 licet.
1373 576 1558 617 minime.
1591 573 1666 616 sed

238 629 307 670 isti
337 629 429 684 ipsi,
460 629 534 684 qui
567 628 798 684 voluptate,
833 639 874 670 et
905 629 1053 671 dolore
1087 632 1229 672 omnia
1260 633 1504 682 metiuntur,
1525 645 1665 672 nonne

236 685 435 735 clamant,
455 685 631 740 sapienti
651 685 744 740 plus
764 700 928 742 semper
947 687 1106 738 adesse,
1136 688 1250 743 quod
1270 689 1381 739 velit,
1403 703 1528 744 quam
1551 686 1665 743 quod

238 742 372 783 nolit?
407 741 520 781 Cum
541 749 705 781 tantum
725 742 855 796 igitur
884 743 927 783 in
953 743 1103 785 virtute
1135 755 1294 799 ponant
1313 746 1355 795 ii,
1376 745 1447 800 qui
1467 759 1510 785 se
1531 744 1665 784 faten-

238 808 308 840 tur
342 796 503 838 virtutis
534 811 675 847 causa,
718 799 795 840 nisi
827 814 876 840 ea
906 800 1166 855 voluptatem
1201 802 1368 853 acciret,
1403 815 1454 842 ne
1489 814 1661 841 manum

237 853 409 910 quidem
429 867 618 894 versuros
639 854 769 895 fuisse
788 872 797 896 :
829 856 931 911 quid
952 857 1088 898 facere
1116 872 1192 898 nos
1219 866 1399 912 oportet,
1423 857 1494 913 qui
1515 871 1665 912 quam-

236 911 296 951 vis
317 909 534 950 minimam
555 910 682 951 animi
706 913 990 967 praestantiam
1016 913 1212 954 omnibus
1241 915 1361 955 bonis
1382 913 1567 968 corporis
1589 927 1663 953 an-

237 967 341 1007 teire
362 965 566 1016 dicamus,
588 976 637 1007 ut
655 981 704 1008 ea
728 983 779 1008 ne
808 969 849 1009 in
880 979 1110 1025 conspectu
1140 969 1310 1025 quidem
1342 970 1662 1025 relinquantur?

239 1031 276 1055 53
293 1022 386 1079 quis
407 1022 519 1063 enim
538 1032 617 1073 est,
637 1024 709 1079 qui
737 1024 820 1066 hoc
847 1025 995 1066 cadere
1023 1026 1065 1066 in
1091 1027 1320 1082 sapientem
1341 1026 1478 1067 dicere
1496 1024 1664 1075 audeat,

235 1089 299 1130 ut,
322 1079 357 1121 si
378 1078 463 1120 fieri
484 1079 632 1134 possit,
651 1081 847 1122 virtutem
875 1082 918 1122 in
946 1092 1197 1137 perpetuum
1227 1083 1410 1138 abjiciat,
1440 1090 1488 1123 ut
1517 1081 1666 1122 dolore

237 1136 353 1177 omni
381 1134 617 1177 liberetur?
651 1136 744 1192 quis
778 1146 965 1179 nostrum
1000 1138 1162 1188 dixerit,
1191 1153 1296 1193 quos
1330 1154 1413 1179 non
1442 1138 1574 1194 pudet
1601 1152 1664 1189 ea,

236 1208 331 1248 quae
353 1192 483 1232 Stoici
505 1207 652 1247 aspera
677 1192 838 1244 dicunt,
866 1194 979 1234 mala
1003 1193 1154 1244 dicere,
1183 1194 1334 1235 melius
1360 1208 1466 1245 esse,
1487 1194 1666 1248 turpiter

236 1248 396 1303 aliquid
429 1248 565 1288 faeere
600 1263 698 1289 cum
730 1250 960 1304 voluptate,
991 1264 1118 1304 quam
1152 1250 1328 1290 honeste
1359 1264 1458 1291 cum
1485 1249 1663 1290 dolore?

174 1299 226 1342 94
238 1305 376 1346 Nobis
399 1304 672 1345 Heracleotes
690 1304 761 1345 ille
779 1306 1014 1363 Dionysius
1035 1305 1243 1361 flagitiose
1264 1306 1483 1347 descivisse
1502 1305 1666 1347 videtur

107 1354 262 1420 P·¹4{'a
283 1360 435 1400 Stoicis
465 1369 638 1414 propter
667 1361 890 1403 oculorum
922 1362 1128 1403 dolorem.
1165 1371 1202 1395 ⁵4
1217 1362 1335 1418 quasi
1363 1376 1459 1403 vero
1489 1362 1571 1403 hoc
1600 1361 1666 1403 di-

219 1413 408 1457 'dicisset
428 1431 453 1457 a
473 1417 661 1468 Zenone,
681 1433 767 1459 non
795 1418 952 1469 dolere,
983 1434 1081 1460 cum
1113 1419 1307 1460 doleret?
1339 1418 1443 1460 illud
1463 1417 1666 1468 audierat,

234 1487 311 1514 nec
332 1481 474 1514 tamen
493 1473 712 1525 didicerat,
736 1475 896 1516 malum
928 1475 1034 1516 illud
1062 1490 1146 1516 non
1178 1489 1280 1526 esse,
1310 1475 1409 1531 quia
1437 1484 1559 1530 turpe
1579 1489 1666 1516 non

232 1538 358 1580 esset,
381 1538 417 1561 55
433 1537 476 1570 et
495 1544 585 1570 esse
606 1530 824 1572 ferendum
858 1532 959 1573 viro.
1018 1532 1104 1572 Hic
1125 1532 1160 1573 si
1182 1532 1481 1587 Peripateticus
1501 1531 1665 1582 fuisset,

230 1586 542 1642 permansisset,
579 1587 720 1638 credo,
745 1588 787 1628 in
814 1588 1034 1639 sententia,
1064 1588 1264 1643 quoniam
1294 1588 1485 1629 dolorem
1517 1587 1666 1629 dicunt

231 1643 392 1684 malum
412 1657 518 1683 esse.
547 1642 600 1683 de
627 1644 850 1699 asperitate
880 1653 1021 1685 autem
1052 1646 1142 1700 ejus
1172 1645 1338 1685 fortiter
1366 1643 1535 1685 ferenda
1553 1658 1662 1699 prae-

230 1699 394 1753 cipiunt
417 1699 581 1749 eadem,
613 1715 708 1754 quae
740 1701 899 1741 Stoici:
929 1709 971 1741 et
1000 1701 1172 1756 quidem
1201 1700 1412 1742 Arcesilas
1441 1709 1554 1751 tuuS,
1587 1700 1665 1741 etsi

230 1755 314 1796 fuit
342 1756 385 1796 in
415 1755 657 1797 disserendo
688 1757 953 1812 pertinacior,
982 1767 1124 1798 tamen
1153 1767 1294 1798 noster
1321 1757 1416 1798 fuit.
1443 1765 1532 1797 erat
1550 1756 1663 1797 enim

232 1811 486 1853 Polemonis.
509 1812 542 1852 is
563 1827 660 1853 cum
689 1813 851 1854 arderet
880 1814 1081 1869 podagrae
1113 1813 1346 1864 doloribus,
1376 1812 1664 1867 visitassetque

229 1867 448 1909 hominem
467 1868 720 1920 Carneades,
750 1871 920 1925 Epicuri
950 1869 1257 1925 perfamiliaris,
1286 1879 1329 1910 et
1353 1869 1482 1910 tristis
1504 1868 1662 1910 exiret:

229 1939 370 1975 mane,
391 1939 549 1980 quaeso,
577 1925 726 1981 inquit,
751 1926 969 1967 Carneade
1001 1936 1141 1967 noster
1163 1943 1172 1966 ε
1203 1925 1306 1966 nihil
1327 1925 1442 1966 illinc
1460 1925 1544 1966 huc
1564 1939 1664 1981 per-

229 1981 355 2022 venit.
393 1981 576 2022 ostendit
610 1982 752 2037 pedes,
789 1992 831 2024 et
869 1991 1030 2038 pectus.
1066 1991 1252 2024 attamen
1288 1981 1358 2023 hic
1396 1981 1541 2023 mallet
1577 1996 1662 2023 non

148 2023 215 2071 32
232 2037 387 2078 dolere.
449 2039 556 2079 Haec
587 2038 716 2093 igitur
751 2048 815 2080 est
843 2049 986 2080 nostra
1009 2040 1130 2090 ratio,
1164 2053 1259 2094 quae
1290 2038 1367 2079 tibi
1398 2037 1561 2078 videtur
1596 2037 1660 2078 in-

166 2099 217 2140 95
232 2102 427 2135 constans
448 2110 458 2135 :
489 2109 587 2135 cum
608 2103 778 2150 propter
808 2095 971 2136 virtutis
1002 2096 1215 2136 caelestem
1244 2094 1469 2150 quandam,
1490 2101 1533 2134 et
1552 2092 1659 2134 divi-

229 2166 342 2201 nam,
372 2159 617 2205 tantamque
649 2152 949 2206 praestantiam,
983 2161 1045 2203 ut,
1078 2152 1151 2192 ubi
1184 2151 1311 2191 virtus
1347 2150 1415 2201 sit,
1452 2156 1491 2182 ⁵⁶
1507 2164 1660 2205 resque

227 2221 411 2262 magnae,
433 2207 648 2248 sumendae
674 2207 988 2263 laudabilesque
1015 2208 1166 2249 virtute
1196 2215 1343 2262 gestae,
1370 2206 1429 2247 ibi
1457 2220 1548 2246 esse
1578 2206 1659 2246 mi-

228 2264 347 2313 seria,
369 2272 410 2304 et
431 2278 617 2304 aerumna
636 2279 718 2304 non
739 2265 888 2318 possit,
910 2275 1050 2305 tamen
1071 2264 1192 2304 labor
1211 2263 1358 2317 possit,
1379 2271 1422 2302 et
1442 2262 1660 2303 molestia:

228 2334 314 2360 non
334 2319 525 2360 dubitem
543 2319 696 2371 dicere,
715 2335 861 2361 omnes
875 2322 1085 2376 sapientes
1107 2333 1272 2374 semper
1292 2319 1438 2360 beatos
1458 2332 1562 2369 esse,
1585 2318 1657 2360 sed

229 2385 370 2417 tamen
391 2376 477 2416 fieri
498 2390 637 2430 posse,
660 2386 707 2417 ut
727 2376 780 2417 sit
801 2377 906 2417 alius
927 2377 1010 2417 alio
1033 2376 1208 2417 beatior.

283 2432 419 2488 Atqui
448 2432 526 2472 iste
558 2431 678 2473 locus
714 2442 791 2484 est,
828 2433 939 2484 Piso,
972 2433 1050 2474 tibi
1080 2432 1207 2473 etiam
1236 2431 1364 2487 atque
1391 2430 1519 2482 etiam
1556 2446 1658 2473 con-

274 2564 312 2586 52
336 2556 440 2586 Stoicis
455 2555 534 2594 licet]
559 2557 609 2586 Sc.
626 2558 687 2587 hoc
703 2558 815 2587 dicere.
861 2557 922 2587 Sed
965 2563 1012 2587 est
1028 2567 1096 2592 esse,
1113 2563 1149 2586 ut
1164 2564 1194 2587 et
1209 2557 1375 2587 Manutius
1386 2556 1551 2595 judicavit.

231 2599 310 2629 bene
327 2598 500 2629 Lambinus
512 2599 633 2636 judicat
643 2599 814 2638 legendum
830 2600 921 2631 Stoici
1009 2605 1048 2630 56
1072 2610 1170 2640 resque
1185 2610 1310 2639 magnae,
1335 2599 1474 2628 sumendae
1487 2599 1659 2629 laudabiles-

229 2641 349 2678 scilicet,
366 2642 451 2679 quod
465 2648 494 2670 et
510 2641 658 2672 Davisius
675 2642 794 2680 probat.
964 2653 1019 2683 que
1039 2640 1115 2682 δια]
1142 2642 1283 2672 sumendae
1303 2652 1368 2672 non
1395 2643 1543 2672 convenit
1565 2643 1657 2672 rebus

273 2690 310 2714 53
335 2683 503 2725 quis—brec
523 2683 634 2722 cadere]
660 2684 723 2714 Ms.
749 2684 843 2714 Paris.
858 2684 919 2720 hoc,
964 2685 1086 2720 ceteris,
1115 2695 1188 2723 quae
1217 2692 1292 2715 sunt
1314 2685 1447 2716 virtutis.
1491 2685 1657 2715 Manutius

228 2728 313 2766 quod
329 2727 441 2766 recepit
457 2727 535 2756 bene
551 2727 709 2757 Davisius.
966 2737 1044 2758 corr.
1060 2738 1220 2770 summeque
1238 2727 1409 2763 laudabiles,
1425 2738 1459 2757 v.
1472 2734 1574 2767 gestae,
1591 2728 1657 2757 Da-

274 2777 312 2800 54
336 2769 418 2810 quasi
434 2780 502 2798 vero
517 2769 566 2798 hoc
580 2768 625 2809 d.]
643 2770 695 2799 Sic
710 2769 791 2799 bene
807 2771 824 2799 'e
840 2769 919 2799 Mss.
963 2770 1059 2800 visius
1076 2781 1118 2798 res
1141 2770 1240 2809 magni
1267 2770 1459 2810 aestimandae,
1482 2769 1654 2801 laudabiles-

229 2812 417 2848 Lambinus,
434 2822 488 2851 pro
504 2812 589 2851 vulg.
604 2812 668 2853 quis
683 2823 716 2842 v.
964 2816 1027 2854 que.
1041 2812 1121 2844 illud
1137 2814 1235 2853 magis
1253 2813 1364 2853 placet.

273 2862 311 2886 ⁵⁵
334 2861 361 2884 et
377 2853 606 2896 essctfer'endmn
628 2853 711 2896 viro]
736 2854 919 2894 Legendum
