1778 3095
223 115 299 155 2‘72
568 111 822 150 TUSCUL.
854 112 1301 151 QUAESTIONUM

221 230 405 258 sensum.
465 218 547 260 Sed
567 219 690 275 plena
710 234 898 263 errorum
929 231 1028 264 sunt
1059 222 1215 263 omnia.
1243 219 1376 261 trahit
1403 219 1651 270 Hectorem,

221 272 276 314 ad
295 288 465 316 currum
485 275 725 332 religatum,
743 278 955 320 Achilles:
987 279 1159 320 lacerari
1180 292 1292 327 eum,
1314 286 1357 317 et
1376 276 1540 325 sentire,
1560 289 1653 316 cre-

221 329 292 380 do,
312 340 447 386 putat.
477 346 582 387 ergo
602 333 670 374 hic
692 333 921 385 ulciscitur,
941 346 990 376 ut
1010 335 1182 391 quidem
1202 335 1282 376 sibi
1302 332 1478 374 videtur.
1539 340 1578 366 ⁹0
1589 332 1651 373 At

222 385 295 428 illa
313 388 421 429 sicut
440 389 751 431 acerbissimam
772 405 863 433 rem
884 402 1031 434 maeret
1047 408 1056 432 :

329 467 415 511 Vidi,
433 468 547 505 videre
567 469 658 519 quod
672 482 722 506 me
735 481 841 520 passa
859 471 1044 520 (egerrime,

327 521 498 558 Hectorem
517 521 720 573 quadrijugo
737 536 840 560 curru
859 526 1040 574 raptarier.
1100 556 1103 563 .

221 607 349 649 quem
370 595 628 637 Hectorem?
662 605 736 637 aut
754 597 957 652 quamdiu
976 597 1048 639 ille
1067 598 1147 639 erit
1165 600 1330 640 Hector
1346 599 1360 638 ?
1393 596 1542 638 melius
1561 595 1652 637 Ac·-

219 650 310 692 cius
342 659 386 692 et
420 651 646 707 aliquando
680 653 845 708 sapiens
878 653 1069 695 Achilles
1088 670 1097 694 ε
1127 654 1246 695 immo
1278 656 1474 697 enimvero
1510 662 1651 708 corpus

219 706 385 749 Priamo
404 708 578 760 reddidi,
600 709 816 751 Hectorem
836 709 1001 751 ahstuli.
1058 712 1161 752 Non
1190 711 1321 766 igitur
1349 712 1539 751 Hectora
1564 719 1648 751 tra·

133 769 207 806 106
218 763 328 815 xisti,
351 764 423 806 sed
443 779 611 821 eorpus,
633 766 748 822 quod
768 767 904 808 fuerat
924 767 1138 809 Hectoris.
1196 769 1308 809 Ecce
1337 767 1442 808 alius
1463 766 1650 808 exoritur

217 834 239 860 e
262 828 384 872 terra,
405 821 477 877 qui
496 831 674 863 matrem
691 822 875 866 dormire
895 839 980 865 non
1000 824 1133 865 sinat:

319 904 452 946 filmer,
472 911 503 939 te
519 902 656 953 appell0,
676 912 715 940 tu
733 917 810 955 quae
826 917 944 941 curam
964 911 999 936 91
1017 917 1126 940 somno
1141 914 1336 954 suspensam
1354 902 1463 946 levas,

321 956 439 1006 Neque
457 965 488 992 te
508 957 570 992 mei
586 957 712 994 miseret
730 973 742 993 :
771 971 885 1007 surge,
905 967 936 994 et
954 958 1050 1008 sepeli
1067 967 1197 994 natum.

215 1030 323 1070 Haec
344 1044 443 1072 cum
463 1030 631 1086 pressis,
651 1039 694 1072 et
714 1031 923 1072 flebilibus
944 1031 1097 1082 modis,
1119 1031 1191 1088 qui
1219 1032 1320 1073 totis
1350 1031 1524 1073 theatris
1543 1045 1646 1073 mae-

213 1085 371 1127 stitiam
403 1087 599 1139 inferant,
633 1088 940 1138 concinuntur3
971 1088 1138 1130 difficile
1169 1098 1246 1140 est,
1279 1103 1363 1129 non
1395 1102 1482 1140 eos,
1516 1096 1555 1122 92
1573 1087 1646 1145 qui

212 1141 422 1184 inhumati
441 1144 539 1195 sint,
560 1144 736 1186 miseros
749 1143 963 1201 judicare:

168 1228 202 1258 b.

471 1225 570 1274 prius
588 1237 691 1274 quam
698 1224 806 1273 ferae,
824 1225 1039 1275 volucresque
1053 1241 1064 1261 :

210 1295 376 1359 metuit,
398 1311 449 1337 ne
469 1298 659 1339 laceratis
678 1300 879 1341 membris
900 1300 1040 1341 minus
1063 1301 1172 1341 bene
1191 1308 1361 1341 utatur:
1393 1313 1445 1340 ne
1466 1299 1643 1341 combu-

208 1361 297 1402 stis,
320 1367 404 1393 non
424 1354 675 1396 extimescit.

313 1438 352 1465 93
370 1434 448 1471 Heu
467 1435 637 1485 relliquias
656 1435 806 1473 semiassi
824 1437 924 1486 regis,
943 1435 1124 1474 denudatis
1137 1436 1278 1481 ossibus,

316 1487 385 1523 Per
401 1494 525 1525 terram
544 1490 636 1525 sanie
652 1489 820 1526 delibutas
825 1489 928 1539 foede
943 1490 1149 1528 divexarier.

122 1576 192 1617 107
207 1563 310 1605 Non
342 1563 550 1619 intelligo,
581 1564 684 1620 quid
716 1572 894 1615 metuat,
921 1578 1019 1606 eum
1051 1572 1139 1605 tam
1168 1565 1366 1606 bonos-9⁴
1384 1563 1644 1619 septenarios

206 1620 358 1662 fundat
390 1620 443 1661 ad
478 1620 641 1661 tibiam.
701 1620 949 1662 Tenendum
982 1629 1048 1661 est
1080 1621 1225 1676 igitur,
1265 1620 1368 1662 nihil
1406 1619 1641 1662 curandum

204 1689 295 1717 esse
326 1684 425 1731 post
454 1686 652 1728 mortem,
674 1691 773 1718 cum
806 1677 931 1718 multi
956 1676 1150 1718 inimicos
1180 1677 1308 1718 etiam
1333 1688 1525 1718 mortuos
1546 1682 1652 1732 poe·‘

205 1733 386 1773 niantur.
444 1735 675 1774 Execratur
707 1733 931 1775 luculentis
966 1748 1065 1775 sane
1097 1734 1282 1775 versibus
1311 1734 1424 1789 apud
1455 1733 1640 1775 Ennium

202 1788 427 1845 Thyestes,
456 1791 640 1845 primum
669 1799 717 1831 ut
744 1790 965 1846 naufragio
993 1800 1138 1846 pereat
1168 1792 1343 1831 Atreus.
1372 1789 1526 1831 durum
1556 1790 1639 1831 hoc

202 1859 327 1887 sane:
359 1846 453 1887 talis
482 1846 593 1887 enim
626 1847 816 1888 interitus
835 1862 920 1890 non
942 1855 1005 1888 est
1025 1848 1112 1889 sine
1132 1847 1249 1902 gravi
1279 1861 1417 1890 sensu.
1447 1846 1520 1888 illa
1548 1846 1638 1888 ina-

202 1916 286 1952 ma,

413 1982 488 2031 Ipse
505 1982 642 2017 summis
660 1982 754 2018 saxis
760 1982 860 2028 fixus
880 1983 1016 2033 asperis,
1035 1983 1252 2027 evisceratus,

306 2035 431 2071 Latere
444 2034 602 2085 pendens,
622 2048 710 2071 saxa
727 2047 888 2087 spargens
907 2036 997 2080 tabo,
1018 2037 1112 2073 sanie
1129 2046 1160 2072 et
1179 2037 1344 2086 sanguine
1359 2045 1445 2073 atro,

199 2119 301 2159 Non
331 2118 421 2174 ipsa
451 2132 550 2159 saxa
578 2118 716 2174 magis
744 2133 868 2160 sensu
890 2120 1006 2161 omni
1027 2129 1064 2154 9⁵
1080 2121 1297 2171 vacabant,
1317 2135 1444 2176 quam
1465 2119 1551 2172 ille,
1571 2119 1652 2162 las

197 2184 285 2216 tere
321 2173 521 2230 pendens,
553 2175 623 2215 cui
656 2189 700 2216 se
734 2175 802 2216 hic
836 2177 1071 2218 cruciatum
1107 2186 1249 2218 censet
1285 2187 1445 2233 optare.
1481 2183 1520 2211 ⁹⁶
1537 2192 1635 2233 quae

240 2328 280 2353 90
304 2321 347 2350 A!
374 2319 439 2359 illa]
468 2320 603 2350 Hecuba
624 2330 668 2349 sc.
683 2330 714 2349 v.
732 2320 832 2350 Hom.
856 2320 896 2351 Il.
938 2320 1170 2361 delibutasfoede
1184 2321 1364 2354 divexarier.

194 2364 237 2399 X,
256 2370 329 2394 406.
346 2374 369 2393 s.
388 2371 417 2392 et
435 2365 522 2394 Forte
547 2364 578 2393 id
602 2372 720 2393 nomen
741 2373 894 2402 reponen-

194 2408 295 2440 dum:
327 2407 413 2445 quod
443 2414 552 2436 tamen
583 2407 796 2436 necessarium
828 2417 893 2436 non

193 2457 281 2488 puto,
303 2458 379 2479 nam
395 2459 435 2479 ex
452 2458 482 2478 re
498 2448 684 2487 intelligitur
697 2459 828 2478 nomen.

238 2500 274 2524 91
302 2502 393 2520 somno
422 2491 561 2530 suspenso]
594 2492 680 2521 Quid
710 2498 755 2521 est
783 2503 892 2521 somnus

194 2541 351 2573 suspensus,
380 2536 550 2573 praesertim
577 2535 610 2563 h.
627 2534 669 2563 l.?
696 2541 777 2563 recte
801 2535 894 2564 Bent-

192 2577 273 2607 Itius
303 2584 463 2615 suspensam
494 2587 509 2605 e
540 2577 753 2615 Porphyr‘mne
784 2577 892 2607 Schol.

194 2620 364 2650 Horatiiad
381 2620 482 2648 Serm.
499 2619 541 2655 ΙΙ,
560 2626 589 2648 3.
606 2620 750 2649 correxit.

236 2670 276 2695 92
294 2662 344 2703 qui
360 2662 501 2691 inhumati
525 2660 598 2700 sint]
624 2663 675 2691 Sic
700 2670 730 2692 et
754 2661 890 2692 latinitas

192 2705 341 2744 postulat,
358 2712 389 2735 et
404 2705 500 2734 habe(
516 2705 579 2734 Ms.
595 2706 695 2743 regius
713 2706 806 2734 Paris.

237 2748 355 2781 93>Heu
371 2747 521 2788 relliquias
540 2746 616 2786 ὀξὺ]
638 2748 705 2777 Hos
722 2758 828 2777 versus
843 2749 889 2778 sic

192 2791 356 2822 constituit
378 2790 559 2820 Bentleius:
594 2792 659 2820 Neu
685 2791 822 2832 reliquias
848 2792 889 2820 sic

192 2845 269 2864 :neas
292 2834 370 2871 siris,
393 2833 543 2863 denudans
565 2833 681 2872 ossIbus,
700 2834 786 2864 Tetra
809 2835 889 2864 sanie

982 2372 1020 2396 94
1037 2364 1222 2405 septenarios]
1240 2365 1377 2396 Voluere
1391 2367 1447 2397 viri
1462 2367 1545 2398 docti
1560 2375 1633 2398 octo-

937 2408 1044 2443 narios,
1067 2415 1097 2437 et
1119 2409 1164 2437 sic
1188 2409 1295 2447 reponi
1318 2409 1420 2439 voluit
1445 2411 1638 2443 Lambinusff

936 2451 990 2479 sed
1012 2450 1170 2480 Bentleius
1193 2452 1313 2487 docuit,
1330 2462 1419 2490 posse
1441 2455 1631 2493 septenarios

934 2493 1008 2529 dici,
1024 2493 1049 2522 si
1066 2500 1205 2524 metrum
1222 2504 1430 2526 numeremus
1447 2507 1501 2535 per
1513 2509 1633 2533 pterom-

937 2532 996 2563 bim
1023 2545 1088 2565 non
1112 2533 1248 2574 διποδλαν,
1276 2538 1362 2576 quod
1388 2539 1421 2568 in
1446 2539 1563 2570 ultimo
1585 2546 1632 2571 est

937 2588 1021 2608 UHUS
1037 2588 1101 2618 pes-

980 2628 1016 2653 95
1044 2619 1205 2660 vacabant]
1239 2622 1291 2652 Sic
1317 2622 1502 2662 legendum,
1529 2632 1561 2655 et
1585 2624 1631 2656 sie

935 2663 1030 2693 edidit
1046 2664 1213 2694 Victorius.
1237 2665 1322 2695 male
1336 2667 1434 2705 vulgo
1448 2667 1608 2698 vacabunt.

977 2712 1015 2739 96
1040 2718 1106 2748 quae
1131 2714 1220 2736 esse-nt
1245 2707 1445 2738 dura—nulla
1463 2710 1524 2739 s1'ne
1549 2715 1630 2740 sense

932 2749 1010 2787 sunt]
1038 2751 1058 2779 i.
1075 2760 1101 2779 e.
1127 2751 1203 2789 quia
1229 2760 1295 2780 non
1317 2753 1510 2790 sentiuntur,
1536 2753 1630 2784 nihili

930 2799 1018 2829 sunt,
1036 2803 1100 2824 non
1117 2801 1287 2825 cruciatus.
