1778 3095
552 109 729 147 LIBER
769 108 1084 145 QUARTUS.
1475 113 1545 154 191

119 222 328 272 brevibus,
347 230 390 263 et
410 219 555 268 acutis,
576 217 744 267 auditis,
776 215 828 256 de
856 214 1062 256 sententia
1081 213 1282 254 decedere
1303 215 1314 253 ?
1345 222 1404 246 100
1415 216 1544 269 Nam,
1556 226 1586 256 p.
1605 222 1675 247 118.

120 293 220 319 cum
242 294 290 319 ea
311 285 512 334 spectant,
534 283 576 315 et
595 282 714 314 avent
739 272 896 323 audire,
927 286 1003 312 cur
1033 270 1154 311 dolor
1183 270 1344 310 malum
1365 285 1447 311 non
1466 273 1519 314 sit
1535 269 1586 314 2³·

121 335 269 376 dicunt
284 335 359 385 illi,
380 346 574 387 asperum
594 344 684 371 esse
711 328 869 379 dolere,
898 328 1140 378 molestum,
1172 326 1384 377 odiosum,
1404 338 1550 370 contra

122 402 329 441 naturam,
349 387 514 430 difficile
532 386 740 427 toleratu:
773 385 860 434 sed,
892 385 990 441 quia
1020 383 1136 424 nulla
1164 383 1218 424 sit
1246 383 1289 424 in
1311 383 1456 424 dolore
1476 398 1550 425 nec

122 449 249 498 fraus,
271 461 345 488 nec
364 444 625 500 improbitas,
648 457 724 483 nec
757 442 931 491 malitia,
962 456 1037 481 nec
1063 440 1201 494 culpa,
1223 454 1297 481 nec
1318 439 1552 494 turpitudo,

122 520 206 546 non
243 518 332 544 esse
361 500 466 542 illud
504 499 679 541 malum.
739 500 847 540 Haec
886 498 958 554 qui
994 497 1186 546 audierit,
1223 507 1271 537 ut
1303 496 1436 537 ridere
1469 511 1554 537 non

122 569 251 610 curet,
281 558 468 599 discedet
497 566 637 598 tamen
669 555 799 597 nihilo
830 555 986 596 firmior
1016 552 1068 595 ad
1088 553 1289 601 ‚dolorem
1316 552 1554 604 ferendum,

122 631 248 673 quam
272 624 450 656 venerat.
471 623 520 655 tu
539 623 682 655 autem
704 627 833 668 negas
850 612 1003 653 fortem
1021 625 1111 652 esse
1133 624 1391 666 quemquam
1411 624 1552 665 posse,

122 672 194 729 qui
218 672 408 713 dolorem
440 670 601 712 malum
631 679 767 725 putet.
827 668 917 710 Cur
947 668 1095 709 fortior
1124 667 1191 717 sit,
1224 668 1257 707 si
1286 666 1406 717 illud,
1437 667 1611 722 qu0d53

122 737 212 770 tute
230 728 441 778 concedis,
462 741 672 782 asperum,
702 736 745 768 et
774 726 839 766 vix
869 725 1084 766 ferendum
1117 724 1311 779 putabit?
1344 725 1408 765 Ex
1427 724 1553 764 rebus

122 785 235 826 enim
266 785 484 835 timiditas,
515 799 600 824 non
636 798 687 824 ex
716 782 931 824 vocabulis
964 782 1161 822 nascitur.
1220 782 1276 821 Et
1304 781 1379 831 ais,
1410 780 1444 820 si
1471 794 1556 820 una

121 841 262 882 littera
282 851 500 883 commota
530 841 597 891 sit,
630 841 734 891 fore,
761 849 851 880 tota
881 849 930 880 ut
959 838 1074 879 labet
1103 838 1337 893 disciplina.
1398 837 1555 878 Utrum

122 898 253 954 igitur
286 899 362 939 tibi
398 898 581 939 litteram
616 897 772 946 videor,
810 911 862 937 an
897 903 1008 936 totas
1043 895 1216 950 paginas
1257 895 1554 935 commovere?

121 965 170 996 ut
189 956 299 996 enim
322 956 376 996 sit
396 955 509 1010 apud
530 953 639 1004 illos,
661 954 704 994 id
725 953 840 1009 quod
861 962 924 993 est
940 967 964 993 a
981 961 1021 992 te
1038 951 1270 1002 laudatum,
1291 951 1396 992 ordo
1419 964 1558 990 rerum

122 1021 406 1062 conservatus,
440 1022 481 1053 et
517 1011 660 1052 omnia
691 1010 799 1051 inter
833 1024 876 1050 se
906 1018 1004 1063 apta
1035 1018 1078 1050 et
1107 1023 1308 1058 connexa,
1339 1008 1414 1062 (sic
1446 1007 1558 1047 enim

123 1069 279 1121 aiebas)
310 1077 476 1110 1tamen
506 1068 699 1123 persequi
730 1082 815 1107 non
846 1066 1066 1116 debemus,
1101 1065 1134 1106 si
1155 1080 1179 1106 a
1199 1065 1314 1105 falsis
1345 1063 1559 1120 principiis

124 1126 313 1180 profecta
339 1134 584 1181 congruunt
616 1125 706 1180 ipsa
733 1124 826 1174 sibi,
860 1132 902 1164 et
934 1138 958 1163 a
988 1122 1206 1178 proposito
1235 1136 1320 1162 non
1352 1121 1559 1161 aberrant.

126 1183 176 1222 In
196 1182 331 1237 prima
361 1182 493 1237 igitur
522 1182 823 1223 constitutione
855 1181 973 1221 Zeno
1003 1189 1102 1220 tuus
1132 1194 1157 1220 a
1186 1187 1334 1219 natura
1362 1177 1622 1227 recessit354

126 1253 310 1294 cumque
344 1253 558 1280 summum
596 1238 757 1279 bonum
796 1237 1004 1293 posuisset
1035 1236 1076 1276 in
1110 1235 1271 1291 ingenii
1303 1233 1559 1291 praestantia,

127 1310 256 1351 quam
285 1296 482 1352 virtutem
512 1309 725 1344 vocamus,
758 1309 836 1334 nec
869 1293 1098 1348 quidquam
1135 1292 1249 1333 aliud
1278 1292 1440 1333 bonum
1471 1305 1561 1331 esse

127 1352 314 1401 dixisset,
336 1352 413 1392 nisi
435 1350 552 1407 quod
581 1361 691 1392 esset
721 1351 961 1399 honestum,
990 1364 1066 1390 nec
1096 1350 1291 1390 virtutem
1314 1363 1438 1403 posse
1458 1362 1560 1388 con-

128 1418 250 1459 stare,
282 1409 316 1448 si
345 1408 388 1448 in
421 1408 570 1448 ceteris
605 1409 730 1448 rebus
766 1416 875 1447 esset
910 1405 1156 1462 quidquam,
1187 1404 1302 1461 quod
1332 1404 1449 1445 aliud
1478 1404 1562 1444 alio

128 1465 279 1506 melius
300 1474 423 1514 esset,
450 1473 524 1504 aut
552 1464 697 1520 pejus:
727 1463 792 1504 his
817 1463 1043 1518 propositis
1071 1462 1205 1503 tenuit
1225 1476 1396 1517 prorsus
1415 1474 1562 1502 conse-

127 1521 312 1577 quentia.
335 1530 447 1561 recte
469 1520 587 1560 dicis.
608 1534 762 1575 negare
789 1520 902 1560 enim
933 1534 1016 1560 non
1046 1533 1235 1574 possum.
1267 1517 1341 1559 sed
1372 1518 1430 1559 ita
1459 1517 1564 1558 falsa

127 1588 227 1618 sunt
247 1592 310 1627 ea,
337 1592 431 1632 quae
458 1585 786 1632 consequuntur,
816 1586 865 1616 ut
895 1576 978 1626 illa,
998 1590 1021 1616 e
1042 1576 1195 1632 quibus
1219 1575 1311 1616 haec
1333 1583 1430 1615 nata
1451 1584 1563 1625 sunt,

127 1649 223 1676 vera
243 1648 334 1675 esse
356 1647 438 1674 non
461 1633 637 1689 possint.
696 1634 867 1674 Docent
887 1632 999 1673 enim
1028 1647 1103 1673 nos
1135 1634 1200 1684 (ut
1217 1631 1313 1683 scis)
1340 1631 1622 1681 dialectici‚55

127 1691 163 1733 si
182 1706 246 1742 ea,
277 1706 372 1747 quae
402 1704 490 1731 rem
522 1690 705 1746 aliquam
738 1698 978 1746 sequantur,
1011 1689 1114 1730 falsa
1143 1689 1238 1739 sint,
1269 1687 1416 1728 falsam
1447 1687 1563 1728 illam

128 1748 263 1804 ipsam
284 1762 390 1798 esse,
412 1762 539 1803 quam
560 1756 801 1803 sequantur.
862 1747 928 1787 Ita
958 1747 1004 1787 fit
1033 1746 1104 1787 illa
1133 1744 1349 1786 conclusio
1381 1759 1464 1785 non
1493 1759 1562 1784 so-
1575 1760 1607 1790 b.

128 1805 219 1846 lum
241 1819 349 1855 vera,
372 1804 445 1845 sed
470 1804 529 1845 ita
559 1805 793 1860 perspicua,
828 1813 877 1844 ut
915 1802 1122 1844 dialectici
1152 1816 1203 1843 ne
1233 1802 1438 1843 rationem
1469 1801 1564 1857 qui—

132 1861 229 1902 dem
247 1860 364 1901 reddi
385 1869 535 1915 putent
563 1870 756 1916 oportere
778 1877 787 1901 :
821 1861 865 1902 Si
890 1859 995 1900 illud
1013 1875 1024 1911 3
1058 1859 1155 1900 hoc.
1181 1873 1266 1899 non
1286 1867 1429 1900 autem
1452 1857 1563 1907 hoc;

130 1918 262 1973 igitur
293 1932 344 1958 ne
377 1917 481 1958 illud
517 1917 704 1973 quidem.
742 1917 815 1969 sic,
853 1917 1210 1972 consequentibus
1240 1915 1384 1956 vestris
1422 1914 1565 1955 subla-

131 1975 200 2026 tis,
225 1974 390 2029 2prima
428 1974 648 2016 tolluntur.
683 1989 777 2029 quae
818 1983 1050 2030 sequuntur
1087 1973 1242 2029 igitur:
1293 1986 1454 2022 omnes,
1495 1972 1568 2026 qui

133 2046 217 2072 non
234 2031 317 2072 sint
333 2030 554 2086 sapientes,
573 2045 692 2085 aeque
712 2030 885 2072 miseros
905 2045 995 2072 esse
1015 2047 1023 2070 :
1056 2031 1264 2085 sapientes
1283 2043 1431 2069 omnes
1451 2043 1567 2068 sum-

132 2102 202 2129 me
220 2088 369 2129 beatos
401 2102 491 2128 esse
512 2105 520 2128 :
550 2097 660 2129 recte
684 2087 796 2128 facta
823 2087 965 2128 omnia
990 2087 1193 2142 aequalia:
1226 2086 1369 2127 omnia
1395 2095 1569 2141 peccata

131 2143 258 2200 paria.
292 2152 415 2200 3quae
450 2159 548 2185 cum
590 2144 812 2199 magnifice
845 2145 982 2199 primo
1015 2144 1098 2184 dici
1135 2143 1340 2194 videntur,
1373 2142 1567 2183 conside-

133 2209 225 2242 rata
253 2201 392 2242 minus
420 2202 665 2256 probantur.
697 2215 840 2241 sensus
869 2201 982 2240 enim
1012 2200 1234 2256 cujusque,
1265 2209 1307 2241 et
1337 2208 1484 2240 natura
1504 2213 1568 2239 re-

135 2273 244 2310 rum,
274 2267 402 2314 atque
430 2258 522 2313 ipsa
550 2257 700 2299 veritas
725 2257 908 2298 4clamat
940 2256 1124 2312 quodam
1156 2256 1302 2306 modo,
1332 2271 1417 2296 non
1447 2268 1570 2310 posse

181 2421 240 2445 100
264 2415 343 2444 Nam
373 2425 435 2444 cum
466 2426 498 2443 ea
529 2421 656 2453 spectant
686 2421 713 2443 et
743 2420 833 2443 avent
921 2422 937 2444 2
956 2413 1057 2453 prima
1088 2411 1240 2451 tolluntur]
1273 2412 1378 2451 Vulgo
1409 2411 1493 2442 male
1520 2411 1574 2440 tol-

135 2456 253 2495 audire]
273 2469 304 2486 ea
320 2464 450 2496 spectant
470 2458 562 2487 nihili
579 2465 635 2494 est,
653 2467 712 2487 nec
726 2457 833 2487 ullum
879 2456 988 2488 Iantur.
1016 2458 1093 2486 item
1124 2466 1202 2486 mox
1232 2462 1308 2492 sunt,
1339 2465 1393 2495 pro
1416 2465 1480 2494 quo
1502 2456 1571 2485 dedi

136 2510 268 2530 sensum
305 2502 517 2530 commodum
563 2501 678 2531 habere
721 2507 833 2540 potest.
877 2499 944 2529 sint.

137 2543 370 2582 corrigendum
406 2550 483 2582 puto
518 2554 581 2573 cum
611 2550 777 2583 exspectant
807 2549 834 2571 et
921 2550 938 2573 3
963 2553 1029 2584 quae
1057 2552 1120 2571 cum
1144 2541 1295 2581 magnifice
1313 2542 1409 2581 primo
1439 2541 1498 2570 dici
1524 2540 1574 2570 vi-

138 2593 229 2616 avent
256 2586 384 2624 audire3
415 2593 452 2616 ut
481 2594 511 2616 et
539 2587 671 2626 quidam
701 2587 834 2616 edidere.
878 2585 1024 2622 cierentur,
1061 2596 1132 2613 cons.
1163 2585 1255 2613 minus
1285 2583 1460 2624 probantur]
1493 2584 1574 2614 Scri-

138 2629 286 2670 Davisius
308 2636 417 2660 tamen
445 2630 595 2666 malebat,
620 2640 682 2659 cum
705 2641 747 2658 eos
774 2636 836 2668 spe·
880 2629 1023 2658 bendum
1038 2628 1189 2657 videntur.

139 2678 231 2708 etant,
248 2681 326 2702 cum
349 2673 498 2703 oculisin
509 2683 561 2703 eos
572 2673 730 2703 conversis
745 2673 835 2711 cupi·
923 2679 941 2701 4
966 2669 1127 2710 clamabat]
1160 2671 1346 2709 Legendum
1376 2669 1506 2699 clamat:
1545 2676 1576 2704 et

140 2721 200 2743 unt
214 2716 332 2745 audire.
878 2715 923 2745 sie
939 2715 1008 2744 edd.
1034 2714 1211 2745 nonnullae,
1235 2723 1314 2743 mox
1337 2720 1405 2752 post
1424 2719 1502 2751 posse
1523 2712 1576 2740 aci--

185 2764 198 2786 1
225 2763 319 2787 tamen
346 2759 479 2800 persequi
507 2769 560 2787 non
589 2758 732 2797 debemus]
760 2759 780 2788 i.
807 2767 835 2788 e.
878 2758 1012 2788 diderim
1038 2769 1078 2795 se,
1105 2759 1190 2797 quod
1217 2756 1333 2787 ultima
1359 2757 1391 2786 in
1411 2764 1493 2795 fosse
1523 2755 1577 2783 ab·

140 2798 265 2837 longius
293 2803 448 2840 progredi,
476 2801 699 2832 concludendo
724 2811 764 2832 ex
789 2802 837 2832 iis.
880 2802 1003 2840 sorpsit.

142 2851 171 2871 v.
187 2851 279 2881 supra
294 2845 333 2873 ad
348 2853 377 2874 c.
397 2852 446 2878 19.
464 2845 534 2874 init.
