1778 3095
197 109 274 142 344
553 107 802 147 TUSCUL.
833 107 1283 149 QUAESTIONUM

254 210 466 267 Quocirca
496 212 636 253 mollis
656 221 698 254 et
723 223 913 255 enervata
942 215 1129 271 putanda
1160 224 1224 258 est
1255 215 1628 271 Peripateticorum

198 266 305 307 ratio
336 276 379 308 et
413 269 562 320 oratio,
594 271 666 325 qui
697 271 929 325 perturbari
961 272 1122 313 animos
1150 287 1318 314 necesse
1349 286 1438 313 esse
1469 272 1631 325 dicunt,

200 322 274 364 sed
307 324 509 366 adhibent
541 326 716 367 modum
753 327 977 382 quendam,
1009 343 1135 384 quem
1174 329 1283 369 ultra
1318 329 1516 383 progredi
1546 344 1631 370 non

137 392 189 434 39
201 390 406 434 oporteat.
467 382 651 423 Modum
684 393 731 423 tu
760 384 933 424 adhibes
962 384 1092 425 vitio?
1126 400 1177 425 an
1205 386 1349 426 vitium
1370 386 1532 426 nullum
1553 393 1632 435 est,

201 451 285 477 non
318 451 463 492 parere
496 438 678 480 rationi?
711 454 762 479 an
802 440 907 480 ratio
940 455 1089 494 parum
1121 442 1326 497 praecipit,
1361 456 1435 482 uec
1468 442 1628 482 bonum

198 492 305 534 illud
338 508 442 544 esse,
471 494 584 550 quod
614 506 688 535 aut
718 495 862 550 cupias
883 496 1091 544 ardenter,
1120 508 1193 538 aut
1223 498 1398 553 adeptus
1425 500 1570 538 efferas
1589 506 1632 538 te

200 549 454 591 insolenter?
490 565 565 591 nec
588 565 713 606 porro
736 551 910 601 malum,
932 567 1017 606 quo
1039 562 1111 593 aut
1133 568 1354 609 oppressus
1369 555 1525 609 jaceas,
1544 561 1633 604 aut,

157 616 253 648 b.ne
285 607 536 661 opprimare,
571 619 713 647 mente
748 608 812 647 vix
845 610 1039 648 constes?
1074 624 1206 664 eaque
1238 611 1378 651 omnia
1406 619 1478 651 aut
1509 610 1632 650 nimis

199 662 349 713 tristia,
380 671 452 703 aut
483 664 606 703 nimis
636 663 733 703 laeta
762 678 899 703 errore
930 663 1045 704 fieri?
1080 667 1150 720 qui
1173 667 1206 706 si
1227 681 1339 707 error
1360 668 1498 707 stultis
1519 675 1634 707 exte-

200 728 352 760 nuetur
372 719 452 769 die,
474 728 538 769 ut,
562 733 659 759 curn
690 734 753 759 res
784 719 929 759 eadem
963 731 1145 772 maneat,
1167 722 1286 763 aliter
1317 724 1449 763 ferant
1478 724 1634 763 invete-

200 783 303 825 rata,
326 775 444 816 aliter
474 776 683 816 recentia:
715 776 922 831 sapientes
956 791 1006 816 ne
1034 778 1216 831 attingat
1243 779 1413 832 quidem
1444 780 1632 820 omnino.

136 837 190 870 40
200 832 355 872 etenim
389 831 482 887 quis
514 831 593 872 erit
623 832 792 872 tandem
814 832 967 873 modus
989 833 1068 874 iste
1088 838 1100 876 ?
1136 835 1386 890 Quaeramus
1407 836 1517 875 enim
1538 850 1633 875 mo-

198 887 301 928 dum
333 887 610 943 aegritudinis,
633 895 671 920 ⁵6
690 888 730 929 in
758 904 843 944 quo
874 904 1011 944 operae
1044 890 1270 945 plurimum
1303 891 1488 946 ponitur.
1521 905 1634 946 aegre

198 944 346 987 tulisse
375 951 411 980 ⁵7
430 945 474 984 P.
496 944 703 986 Rutilium
732 946 869 995 fratris
899 946 1105 1001 repulsam
1140 947 1399 997 consulatus,
1431 948 1633 1002 scriptum

199 1000 312 1055 apud
354 1001 559 1043 Fannium
598 1012 676 1043 est.
721 1001 795 1042 sed
833 1011 973 1043 tamen
1011 1003 1206 1044 transisse
1242 1004 1404 1044 videtur
1443 1003 1635 1054 moduni,

199 1056 356 1112 quippe
378 1058 450 1113 qui
473 1058 529 1099 ob
550 1073 643 1098 eam
665 1073 833 1099 causam
861 1074 885 1099 a
911 1060 993 1099 vita
1013 1059 1213 1100 recefferit
1233 1077 1242 1100 :
1274 1060 1531 1101 moderatius
1552 1060 1636 1115 igi-

198 1122 268 1154 tur
286 1114 393 1154 ferre
413 1114 575 1155 debuit.
607 1115 709 1170 quid
729 1115 777 1166 si,
799 1130 896 1155 cum
929 1115 970 1156 id
1001 1117 1126 1157 terret
1144 1116 1326 1166 modice,
1347 1131 1459 1157 mors
1481 1117 1637 1157 libero-

200 1184 294 1211 rum
316 1170 588 1212 accessisset?
611 1180 708 1212 nata
727 1181 836 1212 esset
857 1172 1068 1226 aegritudo
1088 1188 1206 1222 nova,
1226 1182 1263 1205 ⁵8
1279 1173 1352 1213 sed
1374 1187 1422 1213 ea
1444 1173 1634 1213 modica:

136 1237 184 1270 41
201 1241 356 1282 magna
376 1239 517 1268 tamen
537 1227 648 1268 facta
668 1236 777 1267 esset
797 1228 997 1268 accessio.
1052 1237 1090 1262 ⁵9
1107 1229 1224 1285 Quid
1245 1229 1279 1269 si
1299 1228 1450 1269 deinde
1472 1228 1638 1269 dolores

199 1298 349 1338 graves
377 1283 582 1338 corporis,
603 1284 637 1324 si
668 1284 880 1324 bonorum
912 1284 1098 1334 amissio,
1118 1286 1151 1325 si
1170 1285 1351 1335 caecitas,
1375 1286 1407 1325 si
1427 1285 1636 1336 exsilium,

201 1340 235 1380 si
270 1354 346 1394 pro
381 1339 558 1395 singulis
593 1340 714 1381 malis
752 1340 1022 1395 aegritudines
1060 1342 1339 1382 accederent?
1386 1356 1551 1382 summa
1585 1356 1637 1382 ea

75 1430 79 1434 .
122 1392 187 1439 18
202 1395 340 1436 fieret?
364 1411 459 1452 quae
478 1411 562 1436 non
579 1397 865 1437 sustineretur.
896 1398 984 1453 Qui
1005 1398 1182 1439 modum
1203 1398 1334 1453 igitur
1351 1398 1450 1439 vitio
1471 1398 1637 1453 quaerit,

200 1452 392 1494 similiter
428 1454 543 1504 facit,
577 1461 626 1494 ut
662 1453 695 1494 si
729 1468 852 1508 posse
883 1463 1006 1508 putet
1035 1469 1147 1505 eum,
1181 1455 1251 1510 qui
1282 1469 1327 1495 se
1355 1461 1432 1496 60e
1453 1456 1640 1495 Leucata

199 1509 537 1564 praecipitaverit,
555 1509 759 1550 sustinere
781 1524 840 1560 se,
861 1525 958 1551 cum
982 1510 1093 1552 velit.
1116 1520 1162 1552 ut
1183 1512 1294 1551 enim
1314 1510 1355 1551 id
1373 1526 1456 1551 non
1472 1521 1637 1566 potest:

200 1565 260 1606 sic
293 1566 457 1607 animus
490 1566 759 1621 perturbatus
789 1575 832 1606 et
862 1566 1057 1608 incitatus
1087 1582 1163 1608 nec
1188 1567 1386 1608 cohibere
1416 1582 1458 1607 se
1480 1576 1637 1621 potest,

200 1637 292 1673 nec,
314 1637 398 1678 quo
417 1623 514 1664 loco
535 1622 638 1673 vult,
659 1623 848 1663 insistere
868 1624 1064 1664 omnino:
1087 1638 1266 1679 quaeque
1288 1624 1520 1665 crescentia
1538 1639 1636 1679 per-

135 1686 188 1718 42
201 1679 359 1720 niciosa
378 1689 490 1729 sunt,
511 1679 659 1720 eadem
682 1688 780 1720 sunt
801 1679 947 1720 vitiosa
967 1681 1190 1721 nascentia.
1222 1680 1456 1735 AEgritudo
1476 1691 1638 1731 autem,

198 1745 433 1791 ceteraeque
465 1735 816 1790 perturbationes,
848 1736 1112 1790 amplificatae
1143 1745 1254 1777 certe
1286 1737 1493 1790 pestiferae
1525 1746 1638 1778 sunt.

198 1791 330 1847 igitur
348 1792 475 1832 etiam
495 1800 717 1847 susceptae,
731 1793 933 1833 continuo
955 1792 997 1832 in
1015 1807 1171 1847 magna
1190 1793 1318 1847 pestis
1336 1802 1453 1847 parte
1469 1807 1637 1833 versan-

198 1856 282 1890 tur.
312 1848 465 1889 etenim
498 1849 600 1903 ipsae
631 1864 674 1889 se
705 1848 944 1903 impellunt,
976 1849 1048 1889 ubi
1078 1849 1208 1889 semel
1237 1863 1261 1889 a
1289 1849 1450 1890 ratione
1479 1850 1636 1891 disces-

201 1919 297 1945 sum
319 1913 408 1946 est:
431 1904 605 1960 ipsaque
626 1905 705 1946 sibi
726 1904 992 1945 imbecillitas
1014 1905 1222 1960 indulget,
1239 1905 1281 1945 in
1304 1905 1521 1962 altumque
1537 1921 1637 1961 pro-

199 1961 366 2002 vehitur
379 1961 637 2016 imprudens,
653 1976 729 2002 nec
744 1961 898 2015 reperit
913 1961 1058 2002 locum
1072 1962 1342 2003 consistendi.
1359 1963 1637 2018 quamobrem

72 2032 100 2062 p.
115 2017 307 2058 218-nihil
327 2018 514 2068 interest,
534 2027 678 2059 utrum
699 2018 939 2059 moderatas
959 2018 1296 2073 perturbationes
1316 2019 1565 2074 approbent,
1586 2034 1639 2060 an

161 2075 191 2098 a.
202 2074 465 2115 moderatam
486 2074 749 2130 injustitiam,
767 2074 1029 2116 moderatam
1051 2074 1275 2129 ignaviam,
1292 2075 1556 2117 moderatam
1572 2076 1638 2116 in-

200 2130 538 2186 temperantiam.
581 2131 655 2186 qui
687 2130 799 2171 enim
835 2130 944 2171 vitiis
978 2131 1156 2172 modum
1185 2131 1374 2186 apponit,
1405 2132 1439 2172 is
1472 2141 1636 2186 partem

200 2187 378 2242 suscipit
397 2188 608 2228 vitiorum.
640 2187 755 2243 quod
782 2202 879 2228 cum
909 2187 1047 2243 ipsum
1070 2202 1143 2242 per
1163 2202 1207 2228 se
1227 2187 1423 2228 odiosum
1445 2197 1523 2239 est,
1544 2196 1636 2229 tum

201 2258 253 2285 eo
275 2244 510 2294 molestius,
533 2244 631 2300 quia
658 2252 756 2285 sunt
785 2244 827 2284 in
854 2244 1032 2294 lubrico,
1052 2244 1307 2299 incitataque
1333 2244 1461 2284 semel
1482 2251 1517 2275 61
1537 2259 1638 2299 pro-

121 2296 189 2350 19
201 2300 305 2342 clive
344 2301 560 2351 labuntur,
599 2300 877 2355 sustinerique
912 2300 1030 2341 nullo
1068 2299 1198 2341 modo
1236 2309 1425 2355 possunt.
1487 2300 1632 2342 Quid?

136 2368 186 2401 43
201 2357 317 2413 quod
335 2357 461 2398 iidem
490 2357 753 2412 Peripatetici
774 2357 1113 2412 perturbationes
1134 2356 1249 2405 istas,
1269 2371 1371 2411 quas
1393 2371 1469 2397 nos
1490 2358 1638 2398 exstir-

198 2414 358 2469 pandas
377 2423 590 2470 putamus,
610 2428 694 2455 non
715 2413 846 2454 modo
875 2412 1084 2454 naturales
1113 2427 1202 2454 esse
1231 2412 1392 2463 dicunt,
1415 2413 1488 2454 sed
1507 2413 1634 2455 etiam

246 2543 285 2568 56
302 2538 331 2566 in
348 2535 416 2579 quo]
434 2537 550 2576 Vulgg.
568 2536 597 2565 in
613 2548 683 2578 qua.
705 2536 801 2573 male,
816 2543 896 2567 tam-
985 2544 1024 2570 59
1049 2535 1131 2566 Quid
1142 2535 1178 2574 si]
1198 2536 1331 2566 Videtur
1346 2538 1462 2567 melius
1479 2538 1564 2568 Quod
1576 2539 1611 2569 si.

199 2590 300 2620 quam
316 2582 355 2611 ad
370 2580 591 2618 aegritudinem
609 2580 769 2609 referatur.
984 2584 1024 2610 60
1047 2590 1061 2608 e
1080 2577 1225 2618 Leucata]
1253 2580 1357 2619 Vulgo
1382 2581 1465 2611 male
1492 2581 1636 2612 Leucade.

245 2629 282 2658 57
309 2625 345 2654 P.
365 2621 526 2662 Rutilium]
543 2623 582 2652 V.
599 2622 686 2652 Clav.
705 2623 737 2652 in
753 2623 790 2652 P.
808 2621 896 2651 Ruti-
940 2621 1019 2651 illud
1046 2632 1157 2651 verum
1183 2632 1300 2652 nomen
1326 2631 1383 2659 est,
1413 2630 1447 2653 ut
1473 2624 1554 2653 bene
1583 2625 1635 2654 de-

199 2665 270 2696 lius.
940 2665 1125 2694 monstravit
1141 2665 1299 2695 Davisius.
1323 2666 1375 2696 Sic
1388 2672 1418 2696 et
1435 2666 1514 2697 Mss.
1528 2667 1636 2698 Guelf.

245 2716 283 2740 58
306 2706 354 2736 sed
368 2720 400 2736 ea
416 2706 538 2745 modica]
561 2706 719 2736 Bentleius
741 2707 778 2736 si!
801 2717 834 2735 ea
857 2718 895 2736 m.
940 2708 1070 2746 quidem
1088 2707 1233 2737 Leucada.

200 2762 266 2782 non
290 2751 381 2781 bene.
409 2751 534 2780 deberet
556 2760 621 2780 esse
634 2749 746 2790 fuerit.
772 2749 822 2778 sed
844 2759 896 2779 ve·
984 2755 1019 2780 61
1043 2749 1185 2788 proclive]
1222 2751 1363 2782 Quidam
1394 2752 1471 2782 Mss.
1493 2751 1633 2792 proclivi.

200 2805 273 2826 rum
296 2800 383 2833 puto.
407 2800 454 2824 est
475 2794 662 2833 objicientis.
690 2793 724 2823 in
745 2799 897 2832 sequente
940 2793 986 2824 nil
1001 2794 1115 2824 differt.
1130 2803 1160 2824 v.
1176 2793 1264 2825 Clav.

200 2846 360 2878 responsm
376 2843 432 2867 est.
