1768 3095
529 101 710 140 LrssER
739 99 1058 149 ouzARTUS.
1232 138 1236 142 .
1462 105 1514 148 47

82 213 250 265 Catule,
271 211 405 254 oratio
423 209 593 252 Luculli
610 208 663 251 de
680 209 771 265 ipsa
798 223 843 251 re
870 209 931 250 ita
949 207 1096 259 movit,
1114 213 1165 249 ut
1186 205 1303 248 docti
1321 206 1522 261 hominis,

81 281 126 314 et
153 270 328 327 copiosi,
347 276 390 309 et
418 266 566 323 parati,
598 275 642 308 et
671 266 777 307 nihil
806 264 1097 322 praetereuntis
1127 278 1290 315 eorum,
1316 278 1411 320 quae
1443 279 1523 321 pro

81 328 155 370 illa
183 340 308 369 causa
337 324 419 365 dici
450 332 638 380 possent,
667 338 752 364 non
781 331 924 364 tamen
945 331 985 354 24
1002 329 1050 363 ut
1069 321 1107 362 ei
1126 320 1380 377 respondere
1399 335 1524 377 posse

82 384 325 427 diffiderem.
356 381 585 422 auctoritas
606 387 749 421 autem
769 387 886 421 tanta
905 379 1030 436 plane
1050 392 1119 419 me
1144 378 1359 430 movebat,
1376 377 1456 419 nisi
1476 387 1526 419 tu

83 439 349 498 opposuisses
380 451 466 479 non
497 437 706 478 minorem
737 446 871 478 tuam.
900 435 1124 492 aggrediar
1146 435 1293 491 igitur,
1325 435 1359 476 si
1390 449 1526 491 pauca

84 507 180 540 ante
209 495 326 552 quasi
355 494 408 536 de
439 494 554 535 fama
581 508 676 535 mea
703 493 864 535 dixero.
921 494 1019 549 Ego
1047 491 1161 533 enim
1182 491 1217 533 si
1237 500 1312 533 aut
1337 500 1524 534 ostenta-
1536 498 1586 537 65

84 555 197 596 tione
223 551 364 607 aliqua
392 551 616 602 adductus,
644 559 719 593 aut
745 549 886 592 studio
915 549 1118 600 certandi,
1138 548 1193 590 ad
1224 548 1334 590 hanc
1358 548 1529 604 potissi-

84 625 201 653 mum
238 608 554 664 philosophiam
592 621 662 649 me
705 607 938 664 applicavi3
988 621 1073 648 non
1120 605 1253 647 modo
1301 605 1527 647 stultitiam

85 680 238 718 meam,
271 665 345 706 sed
374 666 500 707 etiam
533 678 688 716 mores,
720 674 763 706 et
790 673 983 706 naturam
1010 662 1373 704 condemnandam
1407 671 1527 717 puto.

85 737 197 774 nam,
218 722 253 763 si
272 722 315 762 in
335 722 519 763 minimis
550 722 673 763 rebus
703 721 933 777 pertinacia
963 719 1296 776 reprehenditur,
1316 718 1530 761 calumnia

84 780 212 822 etiam
231 784 480 820 coercetur:
511 793 594 834 ego
625 778 677 819 de
705 778 823 820 omni
842 787 970 829 statu,
990 777 1251 833 consilioque
1281 776 1414 818 totius
1430 775 1527 817 vitae
1539 794 1637 826 p.17.

85 846 160 878 aut
177 844 337 878 certare
357 850 456 877 cum
475 835 567 877 aliis
585 835 851 891 pugnaciter,
871 844 945 876 aut
964 834 1155 876 frustrari
1174 848 1273 875 cum
1294 833 1414 884 alios,
1432 841 1528 874 tum
1539 840 1569 862 a.

85 893 213 935 etiam
233 907 302 933 me
320 893 459 949 ipsum
477 892 599 934 velim
620 893 634 933 ?
668 893 833 948 Itaque,
851 891 933 933 nisi
952 892 1141 947 ineptum
1161 899 1372 947 putarem,
1392 890 1436 931 in
1455 888 1531 931 tali

86 949 370 1006 disputatione
400 949 444 991 id
474 950 626 1001 facere,
645 949 776 1006 quod,
796 963 895 991 cum
927 948 980 990 de
1009 947 1228 1005 republica
1256 947 1532 1003 disceptatur,

88 1007 176 1048 fieri
206 1006 416 1048 interdum
450 1007 586 1048 solet:
612 1006 801 1062 jurarem
833 1020 907 1061 per
934 1006 1100 1057 Jovem,
1128 1005 1314 1060 deosque
1344 1012 1533 1060 penates,

87 1078 156 1105 me
175 1072 219 1105 et
236 1063 381 1105 ardere
410 1063 551 1105 studio
585 1062 669 1105 veri
700 1062 950 1119 reperiendi,
970 1072 1013 1104 et
1032 1077 1083 1104 ea
1106 1061 1273 1113 sentire,
1294 1076 1390 1117 quae
1418 1061 1535 1102 dice-

89 1135 193 1163 rem.
254 1120 345 1163 Qui
377 1121 490 1162 enim
520 1134 694 1176 possum
729 1135 813 1161 non
846 1134 1001 1176 cupere
1033 1133 1178 1160 verum
1209 1118 1406 1168 invenire,
1432 1132 1532 1159 cum
1547 1126 1599 1164 66

90 1177 317 1233 gaudeam,
338 1178 373 1219 si
391 1177 527 1218 simile
549 1178 634 1218 veri
664 1177 766 1233 quid
796 1176 1053 1218 invenerim?
1086 1176 1175 1227 sed,
1196 1183 1236 1208 2⁵
1250 1184 1300 1216 ut
1327 1175 1411 1216 hoc
1440 1174 1536 1230 pul-

91 1233 349 1276 cherrimum
371 1248 460 1275 esse
475 1233 682 1289 judicem,
702 1248 798 1274 vera
826 1233 990 1275 videre:
1020 1232 1096 1285 sic,
1116 1247 1194 1289 pro
1223 1231 1328 1274 veris
1358 1232 1539 1287 probare

92 1290 211 1342 falsa,
230 1291 521 1346 turpissimum
542 1299 619 1332 est.
640 1304 717 1331 nec
736 1299 878 1330 tamen
907 1303 990 1345 ego
1022 1290 1057 1331 is
1086 1304 1196 1341 sum,
1216 1289 1288 1345 qui
1315 1288 1421 1329 nihil
1441 1302 1539 1330 um·

96 1361 223 1403 quam
244 1347 337 1388 falsi
357 1347 606 1403 approbem,
627 1347 699 1402 qui
720 1361 952 1402 numquam
982 1346 1199 1397 assentiar,
1219 1346 1293 1401 qui
1322 1344 1428 1386 nihil
1447 1345 1542 1401 opi-

95 1418 195 1445 ner:
225 1403 298 1444 sed
318 1404 545 1460 quaerimus
565 1403 618 1444 de
638 1403 839 1458 sapiente.
860 1416 942 1458 ego
962 1416 1058 1444 vero
1078 1402 1167 1458 ipse
1186 1411 1231 1443 et
1249 1415 1431 1458 magnus
1447 1401 1541 1457 qui-

96 1459 194 1502 dem
223 1474 318 1501 sum
349 1460 544 1516 opinator
568 1462 669 1514 (non
689 1459 799 1500 enim
833 1474 926 1500 sum
957 1459 1139 1514 sapiens)
1162 1468 1206 1500 et
1234 1473 1350 1499 meas
1377 1458 1542 1515 cogita-

96 1517 233 1559 tiones
253 1517 312 1558 sic
332 1516 485 1572 dirigo,
505 1530 591 1557 non
610 1516 663 1557 ad
684 1516 800 1557 illam
820 1516 1038 1572 parvulam
1059 1515 1345 1573 Cynosuram,

211 1599 291 1650 Qua
297 1596 419 1645 fidunt
436 1596 519 1634 duce
535 1603 699 1634 nocturna
719 1595 894 1634 Phoenices
914 1596 951 1633 in
970 1595 1051 1641 alto,

102 1677 151 1713 ut
168 1669 229 1712 ait
246 1669 422 1720 Aratus,
441 1682 576 1725 eoque
596 1667 796 1709 directius
814 1667 1069 1724 gubernant,
1089 1666 1208 1725 quod
1227 1681 1320 1709 eam
1341 1675 1502 1721 tenent,

213 1750 303 1800 Quae
319 1762 421 1786 cursu
440 1748 603 1793 interiore,
626 1747 722 1785 bre-vi
740 1747 948 1785 convertitur
963 1747 1040 1785 orbe
1053 1763 1065 1784 .-

103 1823 178 1866 sed
211 1822 264 1865 ad
295 1822 491 1875 Helicen,
519 1831 563 1864 et
591 1822 844 1864 clarissimos
873 1821 1220 1878 Septemtriones,
1248 1821 1292 1864 id
1322 1830 1399 1874 est,
1419 1823 1549 1866 ratio—

105 1895 179 1922 nes
211 1880 302 1932 has,
340 1878 488 1921 latiore
521 1879 677 1935 specie,
709 1894 793 1920 non
825 1878 879 1920 ad
910 1889 1036 1920 tenue
1067 1878 1288 1921 elimatas:
1329 1894 1381 1921 eo
1414 1879 1552 1931 fit‚‘ut

105 1951 256 1988 errem,
284 1946 328 1979 et
357 1949 483 1991 vager
514 1935 654 1977 latius.
684 1935 759 1977 sed
787 1950 871 1977 non
902 1936 955 1978 de
984 1952 1070 1989 me,
1103 1946 1152 1977 ut
1177 1935 1278 1989 dixi,
1306 1936 1379 1978 sed
1403 1936 1456 1978 de
1484 1952 1551 1978 sa·

105 1995 248 2051 piente
282 1993 500 2050 quaeritur.
529 1992 616 2034 visa
646 1992 759 2034 enim
790 1993 871 2034 ista
901 2007 1000 2035 cum
1037 1994 1187 2035 acriter
1221 2002 1423 2045 mentem,
1456 2008 1551 2036 sen-

107 2064 252 2093 sumve
272 2050 541 2106 pepulerunt,
560 2049 737 2105 accipio,
767 2049 919 2106 hisque
949 2050 1162 2092 interdum
1181 2050 1310 2093 etiam
1331 2051 1553 2102 assentior,

109 2121 186 2149 nec
216 2107 403 2163 percipio
435 2115 591 2147 tamen.
626 2106 730 2147 nihil
758 2106 870 2147 enim
902 2107 1083 2150 arbitror
1106 2122 1232 2163 posse
1265 2107 1437 2164 percipi.
1470 2122 1555 2149 non

111 2179 204 2206 sum
236 2163 416 2219 sapiens.
445 2163 588 2219 itaque
621 2163 718 2205 visis
752 2163 875 2214 cedo,
895 2178 1031 2220 neque
1060 2179 1237 2220 possum
1258 2164 1465 2206 resistere.
1488 2179 1555 2205 sa-

110 2221 263 2277 pientis
291 2229 435 2261 autem
456 2220 563 2261 hanc
594 2228 737 2261 censet
756 2220 967 2261 Arcesilas
988 2221 1069 2262 vim
1093 2235 1184 2262 esse
1204 2221 1448 2271 maximam,
1472 2222 1555 2262 Ze-

112 2278 213 2320 noni
231 2277 476 2328 assentiens,
497 2291 640 2318 cavere
661 2292 714 2318 ne
732 2277 948 2333 capiatur:
981 2292 1032 2318 ne
1062 2277 1247 2328 fallatur,
1266 2277 1419 2319 videre.
1451 2277 1558 2319 nihil

112 2343 178 2378 est
196 2334 309 2376 enim
329 2334 382 2375 ab
401 2348 450 2375 ea
470 2334 744 2389 cogitatione,
773 2348 902 2390 quam
931 2333 1139 2375 habemus
1170 2333 1222 2375 de
1253 2335 1459 2389 gravitate
1490 2348 1557 2376 sa-

112 2391 282 2449 pientis,
306 2405 461 2442 errore,
489 2391 674 2442 levitate,
702 2391 940 2433 temeritate
970 2391 1215 2447 dijunctius.
1274 2390 1392 2448 Quid
1425 2391 1620 2448 igitur67

113 2450 262 2505 loquar
281 2447 335 2490 de
355 2448 552 2489 firmitate
583 2448 813 2503 sapientis?
846 2462 973 2504 quem
1004 2448 1175 2504 quidem
1206 2447 1311 2489 nihil
1329 2448 1491 2504 opinari
1510 2456 1559 2489 tu
1570 2467 1602 2498 b,

115 2519 300 2562 quoque,
322 2504 516 2555 Luculle,
534 2504 747 2547 concedis.
768 2505 884 2561 quod
914 2506 1113 2561 quoniam
1146 2520 1170 2546 a
1199 2513 1243 2547 te
1269 2506 1473 2561 probatur
1496 2507 1562 2558 (ut

116 2571 375 2620 praepostere
402 2571 547 2603 tecum
578 2576 721 2617 agam,
739 2576 839 2603 mox
870 2564 1049 2603 referam
1073 2577 1144 2604 me
1163 2561 1444 2621 adnordinem)
1469 2561 1562 2604 haec

161 2682 203 2706 24
219 2681 252 2704 ut
267 2674 293 2705 ei
308 2675 473 2715 respondere
489 2682 570 2715 posse
588 2674 763 2717 dtffiderem]
782 2676 821 2706 In
864 2678 898 2707 in
922 2677 1001 2707 Mss.
1017 2677 1155 2708 duobus.
1177 2686 1233 2717 pro
1257 2678 1343 2708 varia
1365 2677 1514 2716 lectione,
1536 2685 1567 2709 et

121 2718 182 2747 hae
205 2717 341 2749 lectione
364 2730 408 2748 me
430 2719 677 2759 intelligendum
699 2727 755 2750 aut
777 2726 822 2750 et-
865 2721 905 2751 ab
920 2720 1104 2751 Alemanno
1120 2721 1153 2751 in
1169 2720 1233 2751 Ms.
1249 2729 1313 2760 reg.
1329 2721 1397 2751 Par.

124 2760 188 2790 iam
202 2762 385 2792 addendum
405 2768 463 2800 est,
480 2769 517 2794 ut
538 2763 661 2793 factum
686 2772 704 2792 a
728 2764 822 2793 Lam·
906 2770 948 2794 25
964 2769 997 2792 ut
1008 2763 1038 2793 h.
1052 2770 1085 2801 p.
1100 2774 1158 2793 esse
1170 2763 1301 2804 judicem
1316 2774 1327 2792 .-
1349 2763 1568 2803 sic—turpissi-

124 2802 211 2833 bino.
254 2804 316 2835 Sed
345 2812 376 2835 et
412 2804 472 2845 legi
510 2812 611 2845 potest
648 2806 821 2845 responderi,
866 2817 944 2836 mum
958 2806 1012 2844 est]
1033 2806 1090 2837 Pro
1104 2806 1234 2847 judicem
1249 2807 1436 2847 scnjudico.
1461 2813 1568 2846 postw

126 2846 209 2885 quod
226 2845 352 2878 Davisio
369 2850 468 2888 magis
486 2849 599 2888 placet,
618 2856 776 2888 repertum
793 2857 824 2880 et
867 2849 910 2880 lat
928 2860 1042 2886 nexus,
1061 2850 1187 2879 uta-sic.
