1778 3095
620 137 796 175 LIBER
827 137 1065 174 PRIMUS.
1487 133 1563 171 263

143 259 224 301 que
242 247 400 302 possit:
430 255 466 279 41
483 244 594 301 quod
615 254 756 286 autem
777 243 818 284 in
839 243 1037 284 morbum
1057 240 1194 292 cadat,
1215 239 1257 281 id
1277 240 1403 281 etiam
1424 241 1566 283 interi-

144 311 314 345 turum:
356 302 495 344 dolere
529 310 669 341 autem
704 301 894 341 animos:
926 314 1028 354 ergo
1061 299 1185 339 etiam
1220 296 1399 337 interire.
1458 292 1646 340 Hae033

144 359 277 400 refelli
296 367 486 415 possunt.
511 366 606 398 sunt
627 357 737 398 enim
760 356 1005 412 ignorantis,
1027 370 1125 396 cum
1151 354 1204 394 de
1227 352 1457 394 aeternitate
1477 355 1564 394 ani·
1579 367 1629 398 80

146 430 309 457 morum
331 415 506 465 dicatur,
528 413 579 454 de
599 422 739 454 mente
761 413 858 463 dici,
875 428 968 469 quae
987 412 1102 453 omni
1124 410 1294 452 turbido
1316 418 1437 449 motu
1457 424 1565 449 sem-

147 485 220 525 per
246 479 374 521 vacet,
404 485 488 511 non
517 471 569 510 de
600 471 787 525 partibus
814 470 878 520 iis,
909 469 950 509 in
983 468 1134 525 quibus
1165 465 1453 522 aegritudines,
1483 466 1568 515 irae,

146 528 418 582 libidinesque
443 537 682 568 versentur:
714 541 817 583 quas
846 527 894 577 is,
925 535 963 558 4⁴2
982 534 1127 566 contra
1151 538 1277 579 quem
1308 523 1398 563 haec
1421 521 1568 562 dicun-

145 594 225 634 tur,
247 592 425 624 semotas
455 598 479 623 a
499 592 654 634 mente,
684 593 725 624 et
747 583 949 624 disclusas
973 590 1106 637 putat.
1167 588 1205 612 43
1221 580 1316 621 Jam
1337 578 1568 619 similitudo

144 639 277 694 magis
298 647 468 694 apparet
487 640 528 680 in
551 640 693 681 bestiis
713 657 721 680 :
754 655 930 694 quarum
961 638 1088 679 animi
1110 646 1206 678 sunt
1226 636 1397 677 rationis
1422 649 1568 690 exper-

144 705 219 736 tes.
250 695 469 737 hominum
504 706 645 737 autem
679 696 911 737 similitudo
943 697 984 737 in
1015 709 1239 749 corporum
1271 693 1404 748 figura
1434 692 1569 747 magis

143 760 300 792 exstat:
332 761 375 792 et
403 752 482 807 ipsi
516 753 658 804 animi,
687 753 829 808 magni
860 753 999 802 refert,
1021 751 1134 807 quali
1164 751 1204 791 in
1236 763 1413 804 corpore
1444 748 1569 789 locati

142 808 237 848 sint.
269 808 402 849 multa
430 809 542 849 enim
572 825 594 850 e
625 824 801 865 corpore
833 810 1029 858 existunt,
1050 823 1144 863 quae
1175 814 1328 848 acuant
1355 813 1568 846 mentem:

143 865 288 916 multa,
311 881 405 921 quae
433 866 683 907 obtundant.
732 866 980 907 Aristoteles
1001 864 1170 921 quidem
1190 864 1263 914 ait,
1285 877 1431 903 omnes
1452 862 1569 917 inge-

142 920 282 962 niosos
315 922 642 964 melancholicos
673 937 795 963 esse:
827 932 875 963 ut
904 937 985 977 ego
1016 935 1083 961 me
1113 920 1341 961 tardiorem
1370 933 1459 960 esse
1486 933 1570 959 non

143 978 320 1019 moleste
352 979 496 1020 feram.
528 988 746 1020 enumerat
779 978 965 1020 multos:
999 978 1124 1033 idque
1156 977 1274 1032 quasi
1304 985 1483 1026 constet,
1505 990 1570 1016 ra-

142 1035 316 1084 tionem,
337 1050 411 1076 cur
430 1036 487 1077 ita
507 1036 591 1087 fiat,
613 1036 746 1076 affert.
804 1036 937 1078 Quod
958 1034 991 1075 si
1013 1043 1128 1075 tanta
1146 1034 1204 1074 vis
1226 1042 1290 1073 est
1308 1033 1358 1074 ad
1380 1032 1569 1074 habitum
1584 1039 1614 1070 b.

143 1091 293 1132 mentis
326 1093 367 1132 in
398 1092 463 1143 iis,
491 1108 585 1148 quae
615 1093 853 1148 gignuntur
884 1093 924 1132 in
957 1106 1159 1146 corpore:
1197 1092 1260 1143 (ea
1291 1098 1388 1130 sunt
1415 1097 1571 1140 autem,

144 1162 421 1204 quaecumque
441 1158 552 1200 sunt,
575 1165 667 1204 quae
689 1149 1003 1190 similitudinem
1026 1148 1197 1200 faciant)
1225 1146 1326 1188 nihil
1349 1146 1573 1187 necessita-

140 1204 194 1244 tis
216 1206 347 1255 affert,
370 1220 443 1246 cur
463 1214 656 1247 nascatur
686 1206 813 1246 animi
842 1204 1087 1246 similitudo.
1146 1212 1186 1236 44
1203 1203 1368 1245 Omitto
1393 1202 1576 1244 dissimi-

144 1261 356 1302 litudines.
414 1263 581 1303 Vellem
611 1262 755 1303 adesse
786 1272 928 1317 posset
958 1262 1179 1302 Panaetius.
1209 1260 1308 1301 vixit
1336 1274 1435 1300 cum
1456 1260 1630 1301 Afri-81

143 1331 264 1358 cano.
287 1333 517 1373 quaererem
546 1334 596 1359 ex
625 1333 690 1369 eo,
713 1319 834 1375 cujus
866 1333 1034 1359 suorum
1069 1317 1214 1359 similis
1236 1316 1381 1357 fuisset
1401 1325 1440 1348 4⁵
1458 1316 1573 1358 Afri-

145 1374 236 1414 cani
259 1375 394 1415 fratris
417 1389 561 1430 nepos,
583 1375 688 1416 facie
717 1376 781 1416 vel
811 1376 954 1430 patris,
975 1375 1072 1424 vita,
1094 1375 1285 1415 omnium
1314 1372 1574 1428 perditorum

142 1430 202 1470 ita
232 1430 408 1481 similis3
439 1442 488 1472 ut
517 1440 626 1473 esset
656 1432 778 1472 facile
808 1431 1074 1472 deterrimus.
1104 1430 1224 1487 eujus
1255 1430 1382 1471 etiam
1414 1430 1574 1480 similis,

145 1487 188 1526 P.
213 1486 365 1538 Crassi,
388 1496 431 1528 et
461 1488 670 1542 sapientis,
703 1496 746 1528 et
777 1488 1027 1543 eloquentis,
1055 1495 1096 1527 et
1129 1487 1253 1542 primi
1283 1486 1479 1534 hominis,
1503 1501 1575 1527 ne—

142 1557 236 1598 pos,
256 1543 574 1599 multorumque
594 1545 771 1585 aliorum
792 1543 974 1584 virorum
1006 1543 1231 1593 clarorum,
1251 1557 1358 1598 quos
1380 1542 1482 1583 nihil
1513 1553 1577 1583 at-

143 1600 248 1640 tinet
268 1600 498 1651 nominare,
521 1609 705 1656 nepotes,
727 1609 769 1641 et
790 1600 877 1640 filii.
938 1599 1020 1640 Sed
1042 1599 1142 1655 quid
1164 1600 1332 1655 agimus
1352 1600 1364 1639 ?
1399 1598 1575 1640 oblitine

145 1670 303 1708 sumus,
323 1656 405 1697 hoc
425 1672 535 1697 nunc
566 1657 687 1698 nobis
718 1671 809 1698 esse
840 1657 1120 1712 propositum,
1141 1671 1239 1697 cum
1261 1656 1359 1696 satis
1380 1655 1430 1696 de
1454 1664 1575 1696 aeter-

145 1712 274 1754 nitate
304 1713 565 1765 dixissemus,
588 1728 637 1754 ne
666 1714 700 1755 si
730 1713 948 1755 interirent
977 1712 1146 1769 quidem
1178 1712 1321 1763 animi,
1344 1711 1575 1768 quidquam

144 1770 244 1810 mali
277 1784 366 1810 esse
398 1770 440 1810 in
470 1772 637 1812 morte?
679 1771 734 1812 A.
756 1772 852 1826 Ego
883 1784 980 1811 vero
1013 1770 1311 1810 memineram:
1352 1768 1426 1809 sed
1454 1778 1496 1809 te
1524 1768 1576 1809 de

143 1827 375 1867 aeternitate
395 1826 604 1868 dicentem
627 1827 816 1868 aberrare
836 1842 860 1867 a
879 1826 1095 1882 proposito
1116 1826 1237 1867 facile
1257 1825 1459 1880 patiebar.

202 1883 267 1923 M.
291 1889 331 1914 46
346 1882 484 1924 Video
513 1894 555 1937 te
584 1883 667 1924 alte
699 1892 901 1939 spectare,
922 1893 965 1924 et
995 1883 1099 1924 velle
1130 1883 1171 1924 in
1202 1882 1353 1923 caelum
1376 1877 1657 1938 migrare.34

146 1938 200 1978 A.
223 1939 354 1994 Spero
375 1939 480 1991 fore,
502 1949 550 1980 ut
578 1940 798 1996 contingat
827 1940 867 1981 id
899 1940 1033 1981 nobis.
1065 1940 1137 1981 sed
1158 1939 1240 1990 fac,
1262 1949 1309 1979 ut
1328 1939 1393 1980 isti
1414 1939 1574 1990 volunt,
1588 1955 1636 1987 82

144 1995 307 2036 animos
328 2010 411 2036 non
431 2010 644 2036 remanere
666 2006 763 2051 post
780 2006 977 2037 mortem.
1006 1997 1125 2038 video
1156 2011 1247 2047 nOS,
1271 1996 1304 2036 si
1324 1996 1381 2037 ita
1402 1996 1468 2046 sit,
1490 1995 1574 2051 pri—

144 2052 227 2092 vari
260 2059 333 2107 'spe
364 2053 562 2093 beatioris
591 2053 698 2093 vitae.
758 2054 823 2093 M.
846 2053 954 2094 Mali
981 2067 1077 2094 vero
1109 2053 1210 2109 quid
1241 2052 1360 2111 affert
1384 2053 1462 2093 ista
1483 2067 1577 2094 sen-

144 2109 275 2149 tentia
293 2110 305 2149 ?
339 2109 403 2150 fac
425 2109 537 2149 enim
558 2109 616 2149 sic
638 2109 825 2150 animum
848 2110 1029 2161 interire,
1049 2119 1098 2151 ut
1119 2124 1286 2165 corpus.
1316 2125 1417 2150 num
1447 2110 1578 2165 igitur

144 2165 293 2220 aliquis
328 2165 463 2215 dolor,
499 2174 572 2206 aut
604 2166 776 2207 omnino
808 2176 904 2221 post
934 2177 1115 2207 mortem
1150 2181 1293 2207 sensus
1325 2167 1367 2206 in
1400 2181 1473 2207 cor
1504 2180 1576 2206 ore

145 2223 233 2263 est?
269 2237 393 2263 nemo
415 2222 455 2263 id
480 2222 648 2278 quidem
669 2221 792 2264 dicit:
823 2223 900 2263 etsi
920 2223 1217 2265 Democritum
1240 2223 1455 2264 insimulat
1473 2181 1575 2277 ἓρὶ-

145 2294 269 2320 curus
289 2296 298 2320 :
330 2279 607 2320 Democritici
638 2289 809 2335 negant.
841 2294 893 2320 ne
914 2280 957 2320 in
979 2280 1120 2320 animo
1141 2280 1312 2335 quidem
1333 2280 1464 2336 igitur,
1481 2294 1575 2319 sen·

187 2436 223 2458 41
253 2428 328 2469 quod
346 2436 442 2459 autern
465 2429 495 2457 in
519 2428 643 2457 morbum
660 2428 759 2467 cadat]
778 2430 838 2459 Ve-

145 2472 190 2500 nit
207 2472 287 2501 mihi
302 2471 378 2501 olim
397 2474 429 2502 in
445 2479 586 2502 mentem
604 2472 633 2501 in
649 2471 725 2513 quod
742 2479 837 2501 autem

146 2514 256 2543 morbus
274 2514 370 2544 cadat.

187 2564 226 2587 4⁸2
253 2564 349 2586 contra
372 2568 453 2598 quem
477 2557 537 2586 haec
559 2556 708 2597 dicuntur]
733 2559 837 2597 Vulgo

146 2601 253 2630 vitiose
269 2600 414 2630 dicontur.

188 2650 227 2673 43
254 2643 326 2672 Jam
356 2642 514 2672 similitudo
543 2654 580 2673 m.
608 2655 636 2671 a.
667 2643 696 2672 in
726 2642 834 2681 bestiis]

146 2695 216 2723 quae
233 2685 387 2715 similitudo
399 2686 416 2715 9
437 2687 553 2715 excidit
567 2687 699 2716 verbum
717 2686 837 2725 ingenii,

141 2728 264 2766 opinor,
280 2730 365 2766 quod
380 2735 547 2759 contextus
562 2730 722 2760 desiderat.

189 2778 228 2800 44
247 2770 355 2801 Omitto
370 2771 631 2812 dissimilitudines]
649 2772 725 2802 Non
746 2773 836 2802 dubi-

146 2815 206 2842 tavi
230 2814 273 2843 sic
296 2816 396 2851 edere,
415 2821 449 2843 ut
473 2815 632 2845 Bentleius
650 2815 763 2851 voluit,
781 2825 836 2854 pro

148 2854 367 2898 similitudinem
400 2858 443 2886 ita
471 2857 552 2886 clare
582 2859 643 2887 hoc
673 2859 835 2896 sequentia

882 2431 1053 2468 postulant.
1075 2431 1113 2461 de
1136 2431 1398 2462 similitudinibus
1421 2432 1500 2462 dixit
1521 2442 1576 2462 an—

881 2480 921 2503 te.

924 2523 962 2545 45
981 2516 1120 2555 Africani
1134 2517 1249 2557 fratris
1272 2516 1365 2556 nepos]
1394 2518 1459 2547 Qui
1483 2519 1576 2548 fuerit

882 2560 997 2589 nescio.
1041 2560 1181 2590 Africani
1204 2561 1295 2590 frater
1318 2560 1446 2591 Paullus
1463 2560 1575 2601 aliquis

882 2602 951 2632 fuit.
968 2612 1028 2632 nec
1038 2605 1142 2642 magis
1159 2610 1281 2634 constat
1295 2605 1333 2633 de
1349 2603 1381 2633 P.
1399 2603 1498 2634 Crassi
1521 2615 1574 2634 ne·

882 2652 964 2683 pote.
1010 2645 1177 2685 Ignorabat
1193 2647 1287 2676 etiam
1305 2646 1513 2677 Camerarius.

926 2693 966 2718 46
997 2688 1081 2718 Video
1108 2696 1135 2718 te
1159 2688 1217 2719 alte
1240 2688 1377 2728 spectare]
1405 2691 1480 2720 Edd.
1502 2697 1576 2719 vett.

882 2730 984 2770 plures
1001 2731 1063 2760 alta
1077 2745 1085 2760 .·
1110 2742 1174 2771 qua
1193 2733 1293 2762 forma
1316 2740 1346 2761 et
1369 2733 1442 2762 alibi
1467 2733 1577 2762 Cicero

880 2774 991 2803 utitur.
1015 2776 1067 2804 sed
1092 2783 1123 2805 et
1147 2774 1206 2804 alte
1229 2782 1354 2814 spectare
1374 2782 1420 2804 est
1436 2776 1467 2804 in
1485 2776 1577 2805 Som-

881 2816 934 2845 nio
956 2816 1040 2856 Scip.
1057 2827 1085 2848 e.
1103 2824 1133 2852 7.
1150 2819 1181 2848 in
1205 2820 1328 2855 eadem,
1353 2827 1416 2856 qua
1443 2818 1494 2847 hic
1518 2825 1576 2847 est.

880 2861 1045 2891 sententia.

890 2913 963 2951 S4
