1778 3095
555 189 735 227 LIBER
755 188 1099 226 SECUNDUS.
1461 195 1538 229 445

110 295 249 351 petitu
269 311 484 339 accessum
506 295 559 337 ad
581 310 645 336 res
667 296 882 344 salutares,
904 310 928 336 a
947 295 1154 360 pestiferis
1183 308 1423 337 recessum:
1458 297 1537 339 ho—

110 352 214 393 mini
251 354 331 395 hoc
365 353 556 408 amplius,
592 352 706 407 quod
740 351 901 392 addidit
931 352 1151 402 rationem,
1186 366 1270 407 qua
1299 364 1541 406 regerentur

109 409 240 450 animi
261 411 484 466 appetitus,
505 409 577 464 qui
599 417 635 444 47
650 419 738 449 tum
762 409 1084 457 remitterentur,
1101 419 1193 449 tum
1209 408 1535 450 continerentur.

110 465 300 507 Quartus
322 475 460 507 autem
481 465 652 520 gradus,
671 474 712 505 et
731 465 958 505 altissimus
979 473 1018 496 48
1034 473 1097 505 est
1117 479 1279 528 eorum,
1301 465 1373 528 qui
1394 474 1539 506 natura
1558 476 1620 523 13

109 521 211 563 boni
238 524 525 578 sapientesque
557 522 818 576 gignuntur:
850 521 1004 576 quibus
1032 535 1056 560 a
1084 521 1289 576 principio
1310 521 1539 562 innascitur

110 578 217 619 ratio
236 590 348 619 recta
369 588 662 651 constansque,
684 593 739 633 qu
730 593 777 618 ae
806 592 930 632 supra
955 577 1171 618 hominem
1194 586 1234 611 49
1248 577 1433 632 putanda
1460 586 1539 628 est,

110 631 273 690 deoque
293 635 557 684 tribuenda,
548 636 589 674 id
611 644 688 684 est,
709 634 898 675 mundo:
929 634 970 675 in
1000 649 1086 689 quo
1117 648 1284 674 necesse
1313 642 1376 674 est
1401 633 1539 688 perfe-

110 700 223 731 ctam
253 691 367 732 illam
397 701 522 746 atque
553 692 787 732 absolutam
817 691 951 732 inesse
973 691 1191 731 rationem.
1251 691 1404 745 Neque
1426 690 1536 731 enim
1550 709 1599 741 35

110 745 194 787 dici
213 757 366 802 potest,
388 748 429 788 in
451 747 537 788 ulla
558 762 694 788 rerum
724 747 985 788 institutione
1007 762 1090 788 non
1112 761 1202 788 esse
1224 746 1381 802 aliquid
1401 755 1538 787 extre-

112 816 228 843 mum
250 813 375 859 atque
405 804 652 859 perfectum.
712 805 774 844 Ut
803 804 913 844 enim
942 804 984 844 in
1016 804 1112 853 vite,
1130 813 1178 845 ut
1198 804 1239 844 in
1260 803 1421 867 pecude
1447 804 1541 854 (nisi

109 873 205 914 quae
236 875 293 900 vls
324 861 504 911 obstitit)
536 861 737 910 videmus,
768 870 958 901 naturam
990 876 1066 901 suo
1097 860 1282 923 quodam
1311 860 1458 900 itinere
1487 859 1542 901 ad

107 915 305 957 ultimum
335 932 430 972 perv
434 918 577 958 enire·
569 948 578 967 ,
610 927 737 972 atque
767 926 815 957 ut
844 917 1021 972 pictura,
1042 927 1085 958 et
1113 916 1284 967 fabrica,
1305 926 1540 971 ceteraeque

107 981 218 1012 artes
240 973 395 1014 habent
416 973 626 1037 quendam
647 973 829 1014 absoluti
852 973 989 1028 operis
1016 973 1243 1014 effectum:
1282 974 1338 1014 sic
1360 973 1401 1013 in
1424 973 1541 1014 omni

109 1037 271 1080 natura,
292 1044 339 1070 ac
361 1031 497 1071 multo
517 1030 641 1070 etiam
665 1030 816 1085 magiS,
839 1044 1006 1070 necesse
1026 1039 1089 1070 est
1110 1029 1268 1070 absolvi
1295 1029 1469 1085 aliquid,
1491 1043 1540 1071 ac

107 1085 267 1138 perfici.
327 1087 493 1127 Etenim
526 1087 673 1127 ceteris
711 1087 868 1127 naturis
903 1086 1038 1127 multa
1072 1095 1254 1136 externa,
1286 1101 1370 1141 quo
1400 1086 1542 1128 minus

107 1141 388 1194 perficiantur,
417 1152 593 1198 possunt
627 1143 858 1184 obsistere:
902 1143 1135 1187 universam
1170 1152 1310 1183 autem
1350 1152 1539 1183 naturam

107 1196 222 1237 nulla
253 1213 317 1240 res
354 1209 494 1253 potest
528 1199 758 1264 impedire3
791 1209 1012 1254 propterea
1048 1198 1162 1254 quod
1193 1214 1261 1239 om
1268 1214 1337 1239 nes
1374 1208 1542 1240 naturas

106 1250 198 1316 ipsa
217 1255 390 1296 cohibet
408 1267 451 1296 et
471 1257 672 1297 continet.
731 1256 946 1298 Quocirca
965 1270 1133 1296 necesse
1155 1264 1216 1295 est
1237 1269 1326 1296 esse
1343 1264 1542 1310 quartum

106 1307 244 1361 illum,
265 1323 308 1353 et
335 1312 585 1353 altissimum
616 1312 812 1376 gradum,
833 1327 918 1367 quo
947 1312 1062 1353 nulla
1087 1313 1145 1352 vis
1170 1312 1303 1366 possit
1328 1311 1539 1352 accedere.

110 1365 152 1406 Is
174 1378 315 1408 autem
337 1378 401 1409 cst
421 1369 622 1424 gradus,
616 1385 654 1409 m
678 1384 762 1424 quo
784 1383 923 1409 rerum
946 1369 1137 1409 omnium
1165 1384 1203 1408 n:
1205 1377 1312 1409 itura
1340 1369 1538 1423 ponitur:
1552 1377 1606 1415 36

107 1436 203 1477 quae
225 1426 426 1479 quoniam
448 1426 540 1466 talis
561 1434 638 1474 est,
660 1436 707 1466 ut
738 1426 880 1480 praesit
912 1426 1124 1475 omnibus,
1147 1434 1188 1465 et
1217 1439 1309 1465 eam
1337 1424 1451 1465 nulla
1476 1439 1583 1470 resp
1602 1438 1652 1462 ‹³2-

106 1480 240 1533 possit
267 1480 486 1545 impedire,
507 1496 672 1533 necesse
700 1494 778 1532 est,
797 1482 1104 1536 intelligentem
1138 1496 1226 1522 esse
1255 1481 1476 1545 mundum,
1497 1483 1581 1523 eta

107 1536 279 1590 quidem
310 1538 435 1578 etiam
468 1539 714 1593 sapientem.
775 1539 891 1581 Ouid
922 1549 1063 1579 autem
1095 1548 1158 1578 est
1187 1539 1389 1588 inscitius,
1413 1552 1540 1602 quam

106 1605 200 1632 eam
233 1602 440 1644 naturam,
472 1610 565 1650 quae
599 1609 747 1635 omnes
781 1610 844 1636 165
875 1595 927 1635 sit
958 1595 1190 1650 complexa,
1221 1609 1304 1636 non
1335 1595 1541 1650 optimam

106 1647 220 1689 dici:
250 1659 337 1700 aut,
358 1665 454 1691 cum
476 1652 529 1691 sit
549 1652 724 1706 optima,
748 1666 830 1691 non
859 1652 1043 1706 primum
1064 1652 1318 1692 animantem
1341 1666 1445 1702 esse,
1467 1652 1539 1692 de-

105 1703 202 1745 inde
224 1707 393 1747 rationis
414 1719 455 1748 et
477 1708 641 1748 consilii
663 1719 922 1762 compotem,
945 1718 1161 1762 postremo
1181 1709 1439 1772 sapientem
1434 1723 1443 1738 r
1450 1709 1539 1772 qui

104 1761 217 1802 enim
240 1772 379 1818 potest
400 1763 519 1805 aliter
538 1780 628 1805 esse
651 1764 838 1819 optima?
859 1778 994 1820 neque
1014 1765 1141 1815 6111111,
1159 1764 1192 1804 51
1215 1765 1406 1819 stirpium
1427 1764 1542 1804 511111-

104 1815 156 1858 115
179 1818 247 1870 511,
267 1830 340 1861 aut
359 1821 487 1861 etiam
507 1821 750 1869 bestiarum,
772 1822 934 1876 optima
955 1821 1142 1876 putanda
1163 1821 1216 1861 sit
1235 1804 1390 1884 potius,
1413 1836 1540 1876 quam

106 1873 359 1917 deterrima:
392 1892 467 1918 nec
490 1892 600 1928 vero,
621 1877 655 1917 si
684 1877 854 1918 rationis
888 1878 1093 1933 particeps
1126 1877 1193 1927 sit,
1217 1892 1291 1918 nec
1321 1877 1374 1918 sit
1399 1888 1540 1918 tamen

107 1944 133 1971 a
152 1931 356 1987 principio
378 1935 553 1988 sapiens,
577 1948 657 1974 non
681 1934 735 1974 sit
756 1934 936 1974 deterior
966 1934 1112 1974 mundi
1134 1935 1290 1989 potius,
1311 1949 1435 1989 quam
1461 1934 1541 1975 hu-

108 2001 233 2028 mana
251 1989 452 2030 conditio.
484 1990 614 2030 homo
635 1990 745 2030 enim
771 1991 934 2045 sapiens
954 1990 1038 2030 fieri
1060 2000 1230 2054 potest:
1262 1991 1444 2031 mundus
1466 2007 1542 2032 au-

106 2052 211 2095 tem,
247 2045 280 2085 si
313 2045 353 2086 in
389 2055 544 2087 aeterno
579 2047 779 2101 praeteriti
814 2046 1016 2102 temporis
1050 2048 1185 2111 spatio
1217 2048 1297 2088 fuit
1328 2048 1540 2103 insipiens,

109 2113 342 2157 numquam
365 2103 555 2157 piofecto
577 2103 822 2158 sapientiam
845 2113 1139 2159 consequetur.
1171 2105 1228 2144 ita
1259 2105 1336 2145 erit
1369 2104 1541 2145 homine

106 2156 301 2198 deterior.
361 2160 490 2200 Ouod
523 2161 721 2215 quoniam
749 2161 977 2201 absurdum
999 2171 1077 2211 est,
1099 2172 1141 2201 et
1162 2162 1324 2216 sapiens
1345 2176 1367 2201 a
1387 2161 1541 2217 princi-

105 2213 178 2268 pio
200 2202 398 2266 mundus,
421 2227 464 2257 et
493 2216 594 2257 deus
624 2217 840 2258 habendus
861 2226 938 2258 est.
998 2218 1151 2273 Neque
1181 2232 1294 2257 emm
1325 2227 1388 2258 est
1418 2217 1540 2273 quid·
1553 2235 1602 2274 37

107 2284 235 2325 quam
266 2271 380 2313 aliud
410 2282 562 2328 praeter
591 2274 811 2324 mundum,
833 2274 900 2314 cui
930 2273 1033 2314 nihil
1053 2275 1176 2323 absit,
1198 2274 1397 2329 quodque
1417 2274 1539 2314 undi-

106 2341 191 2382 que
221 2339 368 2383 aptum
400 2339 526 2385 atque
557 2331 791 2385 perfectum
822 2330 1121 2385 expletumque
1151 2331 1205 2371 sit
1235 2332 1428 2371 omnibus
1455 2331 1539 2371 suis

108 2385 292 2425 numeris
312 2395 354 2426 et
380 2387 582 2441 partibus.
644 2387 756 2427 Scite
776 2387 887 2427 enim
912 2386 1192 2442 Chrysippus,
1214 2398 1262 2428 ut
1281 2388 1419 2443 clypei
1440 2402 1539 2427 cau·
1560 2394 1624 2440 14

107 2453 166 2490 sa,
196 2440 488 2483 involuerum·
478 2459 488 2493 3
521 2443 712 2499 vaginam
745 2452 900 2493 autem,
934 2443 1090 2498 gladii:
1129 2444 1202 2494 sic,
1234 2452 1385 2498 praeter
1416 2460 1454 2484 111
1461 2458 1538 2484 un-

108 2494 226 2547 dum,
248 2508 386 2539 cetera
418 2500 560 2541 omnia
586 2500 764 2540 aliorum
796 2515 921 2541 causa
948 2515 1037 2540 6556
1058 2509 1272 2555 generata,
1293 2509 1341 2540 ut
1361 2515 1429 2541 eas
1450 2501 1538 2541 fru-

106 2565 184 2607 ges
203 2562 328 2609 atque
350 2556 524 2607 fructus,
547 2571 652 2612 quos
673 2566 783 2597 terra
803 2557 958 2612 gignit,
981 2556 1258 2598 animantium
1278 2571 1425 2608 causa3
1449 2557 1538 2598 ani-

147 2704 185 2733 47
213 2705 273 2727 tum
301 2697 512 2729 remitterentur
537 2707 597 2729 tum
627 2699 799 2729 contineren-
883 2706 923 2729 48
948 2706 988 2728 es!
1003 2700 1109 2740 eorum]
1129 2708 1170 2730 est
1184 2711 1200 2731 e
1217 2702 1296 2732 MSS.
1309 2703 1425 2733 addidit
1442 2704 1537 2735 Davi·

106 2740 165 2779 tur]
186 2741 205 2770 i.
222 2751 249 2770 e.
267 2742 362 2770 modo
379 2741 625 2780 impellerentur,
642 2744 737 2773 modo
754 2752 800 2772 re-
840 2742 915 2772 sius.
935 2743 1027 2773 bene.

104 2784 323 2823 primerentur.
348 2786 539 2824 metaphorae
551 2788 653 2816 ductae
668 2793 743 2815 sunt
759 2786 798 2814 ab
882 2793 923 2818 49
935 2785 1066 2824 putanda
1083 2786 1135 2824 est]
1156 2788 1337 2827 Suspicatus
1353 2798 1427 2818 sum
1444 2789 1537 2817 inter-

106 2827 208 2866 equis,
223 2829 277 2866 qui
301 2828 517 2864 remittuntur,
533 2837 611 2859 cum
626 2839 677 2859 eos
694 2838 800 2858 curre·
839 2828 919 2858 dum
930 2829 1061 2868 ponenda
1077 2837 1128 2867 est,
1144 2832 1230 2870 quod
1251 2830 1283 2858 τὸ
1306 2838 1392 2870 supra
1407 2831 1436 2860 h.
1451 2831 1535 2860 vide·

107 2878 139 2899 re
153 2870 301 2906 sinimus,
318 2870 429 2901 laxatis
445 2871 551 2907 frenis,
567 2879 598 2901 et
613 2873 798 2907 retinentur,
840 2877 892 2901 tur
906 2872 1071 2910 requirere.

107 2912 249 2949 adductis
264 2913 369 2943 frenis.
