1778 3095
590 160 773 199 LIBER
805 159 1049 208 PRIMUS.
1455 163 1537 204 413,

109 270 332 314 hominum
351 270 505 327 pietate
523 266 748 317 coleretur,
767 280 866 307 cum
896 273 940 306 et
965 272 1122 306 aeterna
1136 271 1262 314 esset,
1281 271 1325 305 et
1343 264 1536 308 beatissi-

109 344 193 370 ma.
224 329 352 369 habet
380 327 491 368 enim
522 323 826 364 venerationem
843 321 1020 378 justam,
1040 319 1246 377 quidquid
1265 321 1431 362 excellit
1454 339 1464 363 ι
1494 331 1538 364 et

109 394 247 428 metus
268 383 404 425 omnis
424 396 450 423 a
466 381 506 422 vi
525 388 651 436 atque
671 379 732 420 ira
752 377 928 420 deorum
958 378 1105 434 pulsus
1133 384 1258 418 esset.
1287 376 1539 432 intelligitur

109 442 238 492 enim,
258 456 284 481 a
301 440 436 488 beata,
457 435 770 492 immortalique
797 444 948 476 natura
976 442 1019 476 et
1053 434 1172 485 iram,
1192 441 1237 474 et
1261 433 1445 489 gratiam
1474 449 1540 475 se-

109 498 303 554 gregari:
335 495 487 551 quibus
517 492 705 544 remotis,
725 492 864 534 nullos
895 506 920 533 a
952 491 1113 546 superis
1135 489 1431 545 76impendere
1451 504 1544 531 me-

110 564 194 595 tus.
253 552 335 593 Sed
356 550 410 593 ad
430 550 539 591 hanc
559 549 891 591 confirmandam
915 548 1158 604 opinionem
1177 546 1360 603 anquirit
1378 546 1565 588 animus

111 620 155 652 et
174 611 369 660 formam,
391 615 434 649 et
452 607 594 656 vitam,
615 615 659 648 et
688 606 897 648 actionem
929 605 1097 656 mentis,
1117 612 1243 660 atque
1267 603 1546 658 agitationem

112 667 155 709 in
176 666 271 708 deo.

168 722 236 764 Ae
267 720 319 762 de
346 720 484 761 forma
512 718 683 776 quidem
709 718 862 775 partim
890 725 1039 759 natura
1058 731 1135 759 nos
1156 715 1371 767 admonet,
1390 715 1545 771 partim
1561 714 1628 762 18

113 779 220 821 ratio
242 777 382 819 docet.
414 791 510 817 nam
530 792 554 817 a
574 785 722 817 natura
745 775 952 817 habemus
976 788 1124 815 omnes
1144 773 1334 815 omnium
1352 772 1545 828 gentium
1555 783 1611 828 46

113 834 297 889 ‘speciem
328 833 488 874 nullam
522 834 661 884 aliam,
694 833 773 873 nisi
802 831 1048 882 humanam,
1076 830 1269 872 deorum.
1304 845 1399 886 quae
1431 828 1547 870 enim

112 890 195 933 alia
215 891 353 931 forma
371 890 553 931 occurrit
583 904 786 944 umquam
816 897 891 930 aut
913 887 1102 943 vigilanti
1121 888 1336 943 cuiquam,
1355 893 1431 928 aut
1448 885 1550 927 dor-

113 947 290 988 mienti?
325 946 423 997 Sed,
446 961 496 987 ne
516 946 659 987 omnia
676 954 923 986 revocentur
952 944 1006 985 ad
1035 944 1192 1000 primas
1212 943 1420 994 notiones,
1440 942 1550 986 ratio

114 1003 199 1047 hoe
220 1003 333 1044 idem
360 1003 452 1058 ipsa
480 1003 679 1044 declarat.
736 1003 851 1044 Nam
882 1015 981 1042 cum
1011 1000 1399 1056 praestantissimam
1428 1004 1612 1045 natu-47

115 1075 221 1111 ram,
237 1060 301 1102 vel
316 1060 413 1115 quia
433 1060 558 1101 beata
577 1068 659 1110 est,
680 1059 745 1100 vel
765 1058 864 1115 quia
883 1058 1149 1113 sempiterna,
1169 1056 1390 1098 convenire
1409 1056 1551 1098 videa-

115 1125 186 1159 tur
207 1116 380 1157 eandem
402 1131 493 1157 esse
514 1115 827 1171 pulcerrimam,
849 1129 945 1170 quae
969 1113 1226 1170 compositio
1246 1114 1550 1165 membrorum,
1561 1117 1596 1150 b.

116 1188 211 1230 quae
241 1173 523 1214 conformatio
553 1172 919 1221 lineamentorum,
945 1186 1040 1226 quae
1071 1170 1221 1225 figura,
1250 1185 1346 1226 quse
1376 1169 1554 1225 species,

116 1229 303 1270 humana
336 1238 477 1284 potest
510 1243 601 1271 esse
633 1229 848 1284 pulcrior?
892 1242 963 1268 vos
1003 1227 1190 1283 quidem,
1224 1226 1379 1278 Lucili,
1409 1225 1556 1266 soletis

122 1289 237 1340 (nam
271 1286 402 1326 Cotta
435 1300 555 1326 meus
588 1285 720 1326 modo
752 1285 850 1336 hoc,
881 1283 1012 1325 modo
1044 1283 1167 1337 illud)
1202 1297 1301 1324 cum
1330 1282 1557 1327 artificium,

119 1342 331 1398 effingitis,
352 1343 640 1397 fabricamque
660 1342 856 1392 divinam,
877 1356 1005 1396 quam
1027 1340 1110 1381 sint
1131 1341 1273 1381 onmia
1301 1340 1343 1381 in
1370 1339 1558 1384 hominis

120 1399 258 1454 figura
276 1414 360 1440 non
380 1398 511 1439 modo
531 1400 584 1441 ad
607 1413 745 1450 usum,
764 1412 907 1438 verum
929 1396 1056 1439 etiam
1083 1396 1138 1438 ad
1162 1404 1423 1438 venustatem
1444 1404 1558 1451 apta,

120 1455 371 1496 describere.
430 1455 565 1499 Quod
601 1456 636 1496 si
672 1454 861 1496 omnium
901 1453 1177 1494 animantium
1214 1454 1395 1494 formam
1431 1452 1556 1493 vincit
1565 1465 1620 1499 48

121 1512 306 1553 hominis
326 1512 476 1567 figura,
505 1512 608 1553 deus
638 1520 781 1552 autem
809 1511 998 1552 animans
1014 1519 1106 1551 est:
1137 1523 1186 1551 ea
1206 1510 1342 1564 figura
1362 1509 1558 1564 profecto

121 1577 201 1619 est,
221 1584 316 1624 quae
336 1568 591 1623 pulcerrima
611 1567 664 1608 sit
685 1568 877 1609 omnium
896 1583 906 1607 z
939 1566 1224 1622 quoniamque
1243 1566 1346 1607 deos
1366 1564 1560 1607 beatissi-

122 1640 217 1666 mos
239 1638 330 1666 esse
350 1633 530 1676 constat,
544 1625 692 1666 beatus
711 1632 854 1665 autem
869 1637 960 1664 esse
980 1623 1068 1664 sine
1087 1623 1239 1664 virtute
1257 1637 1382 1663 nemo
1402 1630 1563 1678 potest,

124 1695 201 1723 nec
222 1682 350 1722 virtus
371 1681 459 1722 sine
481 1681 644 1722 ratione
663 1689 872 1731 constare,
894 1694 970 1720 nec
990 1679 1097 1720 ratio
1118 1694 1297 1735 usquam
1319 1679 1467 1729 inesse,
1483 1679 1564 1720 nisi

123 1737 168 1786 in
197 1738 380 1779 hominis
410 1737 573 1794 figura:
620 1737 805 1778 hominis
840 1750 932 1778 esse
964 1735 1101 1792 specie
1132 1735 1234 1777 deos
1273 1735 1563 1776 confitendum

123 1802 201 1835 est.
261 1796 356 1836 Nec
387 1803 529 1835 tamen
558 1808 608 1835 ea
637 1794 798 1850 species
827 1808 981 1849 corpus
1011 1801 1089 1842 est,
1120 1791 1194 1834 sed
1224 1793 1343 1848 quasi
1376 1806 1529 1848 corpus
1551 1799 1629 1847 :49

125 1865 203 1892 nec
233 1850 362 1892 habet
391 1850 656 1905 sanguinem,
687 1850 760 1891 sed
790 1850 910 1906 quasi
940 1849 1202 1904 sanguinem.
1263 1851 1372 1890 Haec
1412 1863 1565 1904 quam-

127 1921 255 1962 quam
276 1916 320 1948 et
339 1907 506 1948 inventa
526 1915 623 1947 sunt
642 1907 821 1958 acutius,
842 1916 886 1947 et
907 1906 1020 1947 dicta
1051 1905 1247 1946 subtilius
1281 1906 1335 1947 ab
1364 1907 1565 1960 Epicuro,

128 1978 256 2019 quam
277 1971 326 2004 ut
346 1963 479 2019 quivis
499 1977 549 2003 ea
567 1964 701 2017 possit
721 1977 951 2018 agnoscere
968 1979 977 2004 ε
1010 1972 1152 2003 tamen
1174 1962 1307 2004 fretus
1327 1962 1568 2018 intelligen-

126 2020 189 2061 tia
216 2028 353 2061 vestra
382 2019 539 2060 dissero
569 2019 748 2071 brevius,
770 2034 897 2075 quam
923 2033 1050 2060 causa
1074 2018 1298 2061 desiderat.
1357 2018 1570 2074 Epicurus

128 2084 287 2126 autem,
310 2076 383 2131 qui
402 2091 466 2117 res
489 2076 677 2117 occultas
698 2085 741 2117 et
759 2076 926 2131 penitus
946 2076 1111 2117 abditas
1131 2090 1216 2116 non
1241 2075 1374 2117 modo
1395 2083 1432 2112 77
1451 2075 1568 2118 vide-

128 2142 195 2175 rat
220 2133 378 2183 animo,
400 2132 472 2172 sed
500 2133 628 2173 etiam
659 2133 717 2174 sic
748 2140 916 2183 tractat,
945 2140 995 2174 ut
1023 2147 1167 2183 manu,
1197 2131 1324 2174 docet
1351 2147 1444 2174 eam
1475 2146 1569 2174 esse

129 2189 214 2230 vim
243 2197 286 2230 et
316 2199 508 2230 naturam
538 2189 733 2240 deorum,
758 2198 806 2229 ut
835 2189 1019 2244 primum
1050 2204 1135 2229 non
1164 2203 1303 2240 sensu,
1325 2189 1401 2230 sed
1424 2197 1569 2230 mente

129 2254 352 2287 cernatur:
385 2259 462 2286 nec
493 2245 706 2286 soliditate
735 2245 934 2301 quadam,
965 2260 1042 2286 nec
1071 2245 1124 2286 ad
1155 2260 1394 2296 numerum,
1424 2254 1474 2286 ut
1503 2259 1569 2295 ea,

130 2317 226 2358 quae
249 2301 318 2342 ille
339 2311 512 2357 propter
538 2302 778 2343 firmitatem
798 2301 966 2358 ςερέμνια
985 2302 1184 2357 appellat,
1205 2301 1278 2342 sed
1297 2301 1570 2357 imaginibus,

132 2358 420 2409 similitudine,
440 2367 483 2399 et
505 2366 542 2395 78
560 2358 803 2399 transitione
821 2358 1028 2414 perceptis
1047 2374 1056 2398 :
1088 2373 1185 2399 cum
1217 2358 1378 2398 infinita
1407 2352 1654 2407 simini-19

132 2429 299 2456 marum
319 2415 552 2470 imaginum
586 2415 746 2470 species
777 2429 828 2456 ex
858 2414 1234 2456 innumerabilibus
1254 2414 1477 2456 individuis
1498 2429 1570 2455 ex-

135 2471 246 2522 istat,
279 2480 322 2512 et
351 2471 405 2512 ad
434 2471 536 2512 deos
566 2471 723 2523 affluat,
752 2486 853 2513 cum
883 2471 1076 2512 maximis
1105 2471 1390 2525 voluptatibus
1424 2471 1469 2512 in
1501 2486 1572 2513 eas

132 2527 341 2582 imagines
371 2538 558 2569 mentem
588 2528 808 2579 intentam,
829 2528 1083 2583 infixamque
1114 2537 1300 2568 nostram
1330 2526 1573 2583 intelligen-

135 2583 255 2633 tiam,
289 2598 436 2639 capere
467 2599 563 2640 quae
597 2585 651 2626 sit
680 2593 724 2626 et
752 2585 877 2625 beata
907 2594 1069 2634 natura,
1097 2594 1139 2625 et
1169 2592 1335 2625 aeterna.
1395 2585 1635 2627 Summa50

138 2654 235 2680 vero
255 2639 313 2680 vis
332 2640 558 2692 infinitatis,
580 2650 623 2682 et
641 2655 811 2696 magna,
833 2655 881 2681 ac
909 2641 1103 2696 diligenti
1126 2641 1485 2696 contemplatione
1505 2641 1569 2682 di-
1581 2652 1611 2681 p·
1628 2648 1677 2675 12·

138 2696 345 2757 gnissima
364 2705 427 2737 est
448 2713 459 2737 z
488 2698 531 2738 in
552 2712 635 2754 qua
654 2697 835 2754 intelligi
858 2711 1027 2741 neccsse
1045 2706 1123 2748 est,
1141 2711 1233 2738 eam
1255 2711 1345 2738 esse
1365 2706 1572 2747 naturam,
1581 2695 1610 2716 ²·

185 2808 225 2838 76
249 2801 420 2843 impendere]
439 2802 557 2832 Pendet
570 2804 611 2833 ab
625 2803 814 2843 intelligitur.
879 2804 1028 2842 idemque
1041 2810 1110 2843 post
1123 2810 1248 2840 tractat,
1257 2803 1392 2844 denique
1408 2804 1495 2834 docet.
1511 2803 1575 2834 hoc

185 2851 223 2880 77
241 2846 360 2875 viderat
375 2843 484 2884 animo]
500 2846 551 2876 Sic
568 2847 629 2876 Ms.
647 2847 754 2876 Guelf.
771 2857 837 2876 non
879 2857 897 2877 e
910 2848 1095 2885 conjectura
1110 2848 1141 2876 P.
1160 2847 1310 2876 Manutii.

142 2886 266 2927 viderit,
280 2895 315 2920 ut
326 2889 434 2931 vulgg.
449 2889 494 2919 Sic
507 2895 537 2919 et
548 2899 565 2925 e
582 2890 659 2921 MSS.
672 2889 836 2920 Davisius:
926 2895 965 2925 78
990 2888 1169 2928 transitione]
1188 2899 1217 2919 v.
1235 2889 1323 2920 Clav.
