1768 3095
251 87 327 124 164
554 91 626 129 DE
654 93 811 131 FINIB.
831 93 1120 133 BONOR..ET
1148 94 1357 136 MALOR.

204 198 235 228 b·
246 191 362 247 quod
391 193 445 236 sit
474 195 726 250 indifferens,
746 213 843 240 cum
875 198 1153 241 aestimatione
1183 200 1400 241 mediocri.
1429 199 1545 255 quod
1562 201 1684 244 enim·

243 247 305 290 illi
335 250 523 308 ἀδιάφορον
551 253 712 306 dicunt,
731 255 774 296 id
801 255 906 297 mihi
925 256 984 297 ita
1003 257 1271 309 occurrit,-ut
1297 255 1533 297 indifferens
1561 257 1677 300 dice-

243 318 346 346 rem.
377 322 513 364 neque
534 310 646 351 enim
667 311 774 353 illud
793 312 879 353 fieri
898 310 1064 367 poterat
1082 312 1336 363 ullomodo,
1355 320 1404 353 ut
1423 313 1527 353 nihil
1548 314 1673 356 relin-

242 373 442 418 queretur
468 365 510 407 in
538 366 700 419 mediis,
722 369 839 424 quod
869 377 942 409 aut
971 368 1204 410 secundum
1235 378 1428 410 naturam
1460 379 1584 420 esset,
1603 378 1683 412 aut-

241 430 417 462 contra:
449 437 541 474 nec,
570 438 668 465 cum
699 425 742 466 id
775 425 1093 480 relinqueretur,
1124 426 1227 467 nihil
1257 427 1298 467 in
1332 426 1397 467 his
1425 426 1541 481 poni,
1561 425 1678 482 quod

241 477 341 517 satis
376 478 625 521 aestimabile
659 490 815 522 esset»
837 495 913 521 nec
948 481 1030 521 hoc
1066 483 1220 536 posito,
1257 492 1372 523 2τιοη
1410 482 1550 538 aliqua
1585 497 1677 524 esse

178 539 230 572 54
240 534 480 588 praeposita.
550 538 685 578 Recte
721 537 852 592 igitur
891 537 981 578 haec
1022 536 1133 578 facta
1176 539 1389 580 distinctio
1430 548 1508 589 est,
1547 548 1674 595 atque

238 589 366 631 etiam
397 592 450 632 ab
480 593 546 643 iis,
566 608 651 648 quo
681 593 844 634 facilius
875 608 939 634 res
971 594 1146 649 perspici
1171 596 1318 650 possit,
1337 595 1418 637 hoc
1439 596 1574 636 simile
1595 610 1674 651 po-

202 657 204 659 ’
238 645 363 688 nitur.
424 650 486 689 Ut
517 649 644 699 enim,
664 650 875 705 inquiunt,
896 651 930 690 si
959 650 1040 690 hoc
1072 651 1280 706 fingamus
1299 666 1388 693 esse
1408 652 1526 707 quasi
1547 652 1670 694 finem

235 711 278 743 et
298 703 511 756 ultimum,
531 707 590 746 ita
602 707 746 762 jacere
767 706 983 756 talum,ut
1005 717 1143 748 rectus
1168 709 1333 749 assistat
1353 725 1362 748 ε
1394 709 1465 763 qui
1485 710 1544 750 ita
1563 708 1673 750 talus

233 759 314 801 erit
328 760 486 815 jactus,
506 771 552 803 ut
573 762 697 803 cadat
716 772 869 813 rectus,
892 764 1166 818 praepositum
1187 764 1387 819 quiddam
1417 765 1590 806 habebit
1619 765 1674 806 ad

235 815 361 857 finem
382 834 392 857 ε
421 818 493 873 qui
524 818 660 868 aliter,
680 829 825 861 contra
845 836 854 860 :
887 834 1021 875 neque
1053 830 1194 861 tamen
1216 821 1285 861 illa
1313 820 1558 876 praepositio
1580 821 1670 873 tali,

234 872 286 912 ad
314 888 574 930 eum,-quem
605 876 704 926 dixi,
723 877 847 917 finem
881 877 1129 932 pertinebit:
1162 878 1220 918 sic
1241 892 1304 928 ea,
1327 892 1420 933 quae
1443 886 1541 918 sunt
1561 891 1669 933 prae-

231 930 385 983 posita,
415 932 754 974 referuntur-illa
780 933 950 989 quidem
984 934 1037 974 ad
1071 935 1224 975 finem:
1257 934 1331 975 sed
1357 934 1410 975 ad
1439 934 1531 990 ejus
1559 934 1668 985 vim,

233 990 511 1044 naturamque
531 989 635 1030 nihil
655 990 878 1045 pertinent.

168 1056 216 1086 ,55
288 1044 590 1100 Sequitur-illa
615 1045 775 1097 divisio,
808 1058 856 1087 ut
886 1048 1096 1089 bonorum
1127 1048 1211 1088 alia
1241 1048 1322 1088 sint
1352 1047 1406 1087 ad
1434 1046 1539 1088 illud
1567 1047 1669 1089 ulti-

230 1113 348 1140 mum
380 1103 646 1156 pertinentia,
683 1104 759 1156 (sic
791 1104 903 1144 enim
935 1105 1116 1160 appello,
1150 1119 1244 1159 quae
1276 1106 1408 1144 τελικὰ
1439 1103 1666 1145 dicuntur:

229 1163 245 1187 ¹³
272 1171 369 1197 narn
392 1158 472 1199 hoc
493 1159 630 1215 ipsum
664 1160 947 1211 instituamus,
968 1171 1015 1202 ut
1035 1161 1206 1215 placuit,
1228 1160 1418 1215 pluribus
1438 1161 1571 1201 verbis
1602 1160 1667 1202 di-

228 1227 336 1264 cere,
357 1216 471 1270 quod
504 1231 589 1257 uno
614 1231 701 1257 -non
731 1218 963 1270 poterimus
984 1234 992 1257 ε
1023 1227 1071 1258 ut
1098 1233 1162 1258 res
1188 1217 1466 1271 intelligatur)
1492 1216 1572 1258 alia
1591 1231 1667 1259 au-

227 1279 313 1311 tem
339 1272 574 1322 efficientia,
595 1287 689 1327 quae
711 1273 851 1314 Graeci
870 1277 1054 1323 ποιητικὰ,
1074 1274 1155 1314 alia
1184 1284 1428 1329 utrumque.
1457 1272 1509 1314 de
1538 1273 1668 1329 perti-

227 1328 438 1378 inentibus,
461 1329 560 1370 nihil
580 1339 644 1369 est
663 1330 840 1380 bonum,
861 1339 1010 1386 praeter
1030 1331 1215 1371 actiones
1242 1329 1441 1371 honestas
1462 1347 1472 1371 :
1503 1329 1556 1371 de
1576 1329 1664 1371 effi-

225 1383 446 1436 cientibus,
468 1385 568 1426 nihil
600 1395 750 1440 praeter
775 1387 974 1428 amicum.
1035 1387 1115 1427 Sed
1147 1396 1189 1428 et
1218 1388 1495 1442 pertinentem
1517 1395 1560 1427 et
1577 1386 1667 1427 effi-

225 1440 405 1482 cientem
425 1443 673 1497 Sapientiam
696 1444 842 1484 volunt
863 1458 965 1484 esse.
999 1457 1093 1484 narn
1126 1444 1225 1498 quia
1246 1443 1458 1499 sapientia
1477 1451 1540 1484 est
1561 1458 1665 1484 con-

224 1497 390 1538 veniens
425 1499 551 1550 actio,
576 1508 598 1549 ἦ
610 1509 673 1539 est
708 1500 1037 1555 illo-pertinenti
1067 1514 1235 1555 genere,
1266 1499 1382 1554 quod
1417 1499 1516 1540 dixi.
1546 1499 1663 1555 quod

224 1561 366 1594 autem
387 1555 585 1596 honestas
612 1557 798 1597 actiones
829 1558 948 1598 affert
978 1566 1022 1599 et
1050 1556 1191 1606 efficit,
1216 1566 1230 1589 ⁵
1250 1557 1345 1597 ideo
1378 1556 1558 1597 efficiens
1579 1556 1665 1598 dici

208 1619 380 1665 potest.
585 1642 588 1643 γ
1012 1646 1017 1649 «
1614 1654 1617 1655 ⁷

148 1673 209 1726 17
283 1668 406 1717 Haec,
439 1683 533 1724 quae
570 1672 797 1726 praeposita
833 1670 1027 1720 dicimus,
1063 1670 1214 1724 partim
1255 1678 1353 1710 sunt
1387 1683 1460 1724 per
1495 1683 1539 1709 se
1572 1668 1665 1724 ipsa.

161 1741 213 1777 56
224 1726 466 1779 praeposita,
487 1727 640 1780 partim
675 1727 788 1782 quod
819 1727 978 1782 aliquid
1009 1726 1208 1778 efficiunt,
1234 1726 1386 1782 partim
1419 1734 1661 1781 utrumque.

225 1794 300 1834 per
326 1796 384 1832 se,
405 1791 451 1823 ut
481 1782 651 1837 quidam
684 1784 851 1825 habitus
884 1784 983 1835 oris,
1003 1793 1043 1824 et
1073 1782 1227 1833 vultus,
1247 1791 1293 1823 ut
1326 1791 1477 1831 Status,
1496 1791 1544 1823 ut
1566 1796 1659 1823 mo·

95 1861 124 1888 ρ,
143 1847 320 1883 mamus:
351 1838 393 1878 in
416 1839 568 1894 quibus
598 1849 696 1881 sunt
729 1850 771 1881 et
800 1840 1081 1896 praeponenda
1110 1839 1320 1895 quaedam,
1341 1847 1383 1880 et
1413 1838 1662 1895 rejicienda:

184 1905 211 1925 ³-
226 1892 307 1934 alia
327 1896 383 1935 ob
404 1909 496 1936 earn
518 1911 605 1937 rem
628 1898 852 1952 praeposita
883 1897 1093 1947 dicuntur,
1114 1896 1228 1952 quod
1249 1910 1299 1937 ex
1319 1910 1361 1936 se
1383 1894 1542 1951 aliquid
1571 1895 1660 1941 effi-

224 1950 350 2003 ciant,
382 1961 430 1992 ut
458 1953 663 2008 pecunia:
685 1954 776 1994 -alia
805 1964 945 1995 autem
978 1955 1033 1994 ob
1069 1962 1287 2008 utramque
1314 1967 1418 2003 rem,
1439 1960 1486 1993 ut
1505 1950 1660 2007 integri

160 2020 207 2058 57
224 2016 383 2057 sensus,
403 2019 450 2050 ut
473 2010 581 2050 bona
603 2009 800 2051 valitudo.
861 2011 929 2051 De
949 2011 1061 2051 bona
1080 2020 1220 2051 autem
1244 2010 1350 2050 fama
1380 2012 1522 2064 (quam
1544 2009 1657 2049 enim

221 2064 434 2119 appellant
456 2067 625 2118 ἐυδοξίαν,
647 2067 783 2121 aptius
816 2077 879 2108 est
911 2068 991 2108 hoe
1021 2067 1117 2107 loco
1147 2068 1301 2107 bonam
1334 2066 1488 2106 famam
1511 2064 1659 2120 appel-

176 2147 180 2151 ·
219 2120 320 2171 lare,
353 2135 477 2177 quan]
511 2123 708 2178 gloriam)
735 2123 999 2179 Chrysippus
1031 2123 1216 2179 quidem,
1248 2132 1291 2163 et
1321 2123 1556 2176 Diogenes,
1583 2121 1658 2162 de-

219 2186 351 2218 tracta
372 2179 569 2231 utilitate,
590 2196 641 2220 ne
662 2180 844 2236 digitum
867 2180 1052 2235 quidem,
1073 2181 1163 2236 ejus
1193 2193 1332 2228 causa,
1354 2177 1656 2234 porrigendum

218 2247 309 2275 esse
341 2235 550 2277 dicebant.
583 2237 736 2292 quibus
768 2251 850 2292 ego
881 2238 1145 2278 vehementer
1174 2236 1391 2276 assentior.
1420 2235 1491 2290 qui
1512 2242 1654 2277 autem

218 2301 315 2345 post
349 2306 421 2333 eos
459 2293 643 2344 fuerunt,
678 2309 774 2335 cum
812 2293 1071 2335 Carneadem
1108 2293 1310 2334 sustinere
1348 2306 1431 2333 non
1468 2299 1656 2346 possent,

219 2346 341 2399 hanc,
364 2364 491 2404 quam
522 2350 622 2401 dixi,
644 2351 798 2391 bonam
831 2351 1003 2400 famam,
1024 2350 1158 2405 ipsam
1191 2358 1360 2404 propter
1380 2362 1423 2389 se
1452 2348 1656 2403 praeposi-

217 2414 319 2454 tam,
341 2416 385 2445 et
415 2406 661 2447 sumendam
700 2421 791 2447 esse
821 2406 1029 2457 dixerunt,
1049 2420 1222 2460 esseque
1253 2403 1435 2445 hominis
1466 2403 1656 2458 ingenui,

215 2468 257 2499 et
281 2460 506 2502 liberaliter
536 2462 717 2513 educati,
740 2463 844 2503 velle
875 2464 982 2503 bene
1012 2462 1155 2504 audire
1177 2476 1201 2502 a
1231 2460 1489 2516 parentibuS‚
1509 2475 1653 2517 apro-

259 2582 274 2603 ρ
303 2585 353 2601 mn
384 2574 484 2614 aliqua
516 2585 570 2603 esse
602 2575 778 2614 praeposita‘*
806 2574 910 2611 Vulgo
956 2574 1041 2604 ionia
1065 2575 1160 2604 habet
1184 2574 1327 2604 eritillos
1351 2575 1437 2614 quod
1452 2584 1492 2605 ex
1508 2582 1550 2605 est
1564 2574 1595 2604 in
1609 2575 1654 2604 sa-

214 2624 258 2646 e=;t
294 2623 393 2652 essem,
424 2617 735 2657 manifeste-vitiose.
772 2626 805 2646 ut
839 2624 911 2646 ante
954 2626 1045 2647 ctum
1061 2618 1192 2647 videtur.

212 2653 366 2698 bihilpom'
381 2671 389 2687 .·
412 2659 457 2688 sic
473 2661 526 2689 hic
544 2671 599 2689 csse
613 2653 818 2690 scribendum
831 2667 886 2690 est.
1001 2668 1015 2691 5
1041 2660 1074 2702 f'd
1097 2660 1216 2700 effa-iens
1242 2659 1301 2689 dici
1322 2659 1427 2699 potest]
1455 2660 1488 2689 id
1509 2659 1654 2691 alienum

254 2709 271 2733 ι]
290 2713 356 2731 nam
372 2702 420 2731 hoc
433 2702 453 2731 i.
471 2702 505 2741 i.]
525 2703 576 2732 Sic
593 2704 661 2733 edd.
678 2713 724 2743 pr.
741 2710 811 2742 post
827 2703 910 2733 male
954 2711 1010 2733 est.
1043 2703 1203 2745 ‘Davisius
1224 2712 1264 2732 ex
1288 2713 1325 2733 eo
1346 2704 1419 2734 fecit
1439 2704 1499 2732 ideo
1521 2710 1558 2733 ut
1579 2710 1653 2733 ante

212 2745 334 2775 facturn
352 2745 482 2784 estjam.
524 2744 527 2745 ⁷
616 2755 618 2757 ·
708 2743 710 2745 ’
751 2754 755 2758 ·
956 2746 1141 2776 Lambinus.
1187 2746 1301 2785 Sicque
1324 2748 1436 2786 reperit
1458 2747 1491 2777 in
1514 2746 1578 2777 Ms.
1594 2747 1651 2777 ita-

255 2797 273 2818 4
298 2795 339 2816 est
363 2788 412 2816 illo
432 2788 593 2827 pertinenti
618 2787 732 2827 genere]
763 2788 910 2818 Davisius
954 2799 1016 2828 que
1032 2791 1141 2828 etipse
1157 2790 1200 2818 sic
1216 2789 1309 2820 edidi.

210 2832 327 2862 addidit
343 2832 391 2861 in:
409 2838 450 2861 est
462 2832 492 2860 in
508 2830 558 2860 illo
568 2838 601 2870 p.
616 2842 648 2870 g.
664 2831 713 2861 ed.
729 2831 778 2861 λυ.
796 2832 834 2861 de
851 2831 911 2861 Co-
932 2872 939 2873 ἶ
