<?xml version="1.0" encoding="UTF-8"?>
<!DOCTYPE html PUBLIC "-//W3C//DTD XHTML 1.0 Transitional//EN"
    "http://www.w3.org/TR/xhtml1/DTD/xhtml1-transitional.dtd">
<html xmlns="http://www.w3.org/1999/xhtml" xml:lang="en" lang="en">
 <head>
  <title>
</title>
<meta http-equiv="Content-Type" content="text/html;charset=utf-8" />
  <meta name='ocr-system' content='tesseract 3.04.00' />
  <meta name='ocr-capabilities' content='ocr_page ocr_carea ocr_par ocr_line ocrx_word'/>
</head>
<body>
  <div class='ocr_page' id='page_1' title='image "./p1operaomnia04ciceuoft_0318.png"; bbox 0 0 1778 3095; ppageno 0'>
   <div class='ocr_carea' id='block_1_1' title="bbox 225 104 1298 146">
    <p class='ocr_par' dir='ltr' id='par_1_1' title="bbox 225 104 1298 146">
     <span class='ocr_line' id='line_1_1' title="bbox 225 104 1298 146; baseline 0.008 -8"><span class='ocrx_word' id='word_1_1' title='bbox 225 106 303 139; x_wconf 81' lang='lat'>310</span> <span class='ocrx_word' id='word_1_2' title='bbox 569 104 822 144; x_wconf 88' lang='lat' dir='ltr'><strong>TUSCUL.</strong></span> <span class='ocrx_word' id='word_1_3' title='bbox 853 107 1298 146; x_wconf 77' lang='lat' dir='ltr'><strong>QUAESTIONUM</strong></span> 
     </span>
    </p>
   </div>
   <div class='ocr_carea' id='block_1_2' title="bbox 134 212 1658 2373">
    <p class='ocr_par' dir='ltr' id='par_1_2' title="bbox 134 212 1658 2373">
     <span class='ocr_line' id='line_1_2' title="bbox 225 212 1658 275; baseline 0.008 -22"><span class='ocrx_word' id='word_1_4' title='bbox 225 212 508 266; x_wconf 86' lang='lat' dir='ltr'>mediocritas,</span> <span class='ocrx_word' id='word_1_5' title='bbox 530 223 645 257; x_wconf 86' lang='lat' dir='ltr'>caret</span> <span class='ocrx_word' id='word_1_6' title='bbox 664 218 852 260; x_wconf 87' lang='lat' dir='ltr'>sanitate.</span> <span class='ocrx_word' id='word_1_7' title='bbox 884 218 1024 275; x_wconf 90' lang='lat' dir='ltr'>itaque</span> <span class='ocrx_word' id='word_1_8' title='bbox 1056 218 1255 274; x_wconf 77' lang='lat' dir='ltr'>praeclare</span> <span class='ocrx_word' id='word_1_9' title='bbox 1286 218 1432 270; x_wconf 83' lang='lat' dir='ltr'>nostri,</span> <span class='ocrx_word' id='word_1_10' title='bbox 1453 227 1492 252; x_wconf 80' lang='lat'>42</span> <span class='ocrx_word' id='word_1_11' title='bbox 1510 228 1558 262; x_wconf 88' lang='lat' dir='ltr'>ut</span> <span class='ocrx_word' id='word_1_12' title='bbox 1577 221 1658 264; x_wconf 79' lang='lat' dir='ltr'>alia</span> 
     </span>
     <span class='ocr_line' id='line_1_3' title="bbox 224 269 1657 332; baseline 0.006 -22"><span class='ocrx_word' id='word_1_13' title='bbox 224 269 374 321; x_wconf 89' lang='lat' dir='ltr'>multa,</span> <span class='ocrx_word' id='word_1_14' title='bbox 391 272 644 323; x_wconf 83' lang='lat' dir='ltr'>molestiam,</span> <span class='ocrx_word' id='word_1_15' title='bbox 666 274 1005 326; x_wconf 88' lang='lat' dir='ltr'>sollicitudinem,</span> <span class='ocrx_word' id='word_1_16' title='bbox 1026 290 1245 332; x_wconf 78' lang='lat' dir='ltr'>angorem,</span> <span class='ocrx_word' id='word_1_17' title='bbox 1265 284 1435 332; x_wconf 86' lang='lat' dir='ltr'>propter</span> <span class='ocrx_word' id='word_1_18' title='bbox 1462 277 1657 320; x_wconf 89' lang='lat' dir='ltr'>similitu-</span> 
     </span>
     <span class='ocr_line' id='line_1_4' title="bbox 161 325 1656 387; baseline 0.005 -20"><span class='ocrx_word' id='word_1_19' title='bbox 161 330 208 362; x_wconf 82' lang='lat'>23</span> <span class='ocrx_word' id='word_1_20' title='bbox 224 325 365 369; x_wconf 89' lang='lat' dir='ltr'>dinem</span> <span class='ocrx_word' id='word_1_21' title='bbox 385 343 611 384; x_wconf 87' lang='lat' dir='ltr'>corporum</span> <span class='ocrx_word' id='word_1_22' title='bbox 639 344 865 385; x_wconf 66' lang='lat' dir='ltr'>aegrorum,</span> <span class='ocrx_word' id='word_1_23' title='bbox 888 333 1180 387; x_wconf 64' lang='lat' dir='ltr'>aegritudinem</span> <span class='ocrx_word' id='word_1_24' title='bbox 1211 334 1543 374; x_wconf 85' lang='lat' dir='ltr'>nominaverunt.</span> <span class='ocrx_word' id='word_1_25' title='bbox 1574 334 1656 376; x_wconf 90' lang='lat' dir='ltr'>hoc</span> 
     </span>
     <span class='ocr_line' id='line_1_5' title="bbox 219 385 1656 446; baseline 0.005 -22"><span class='ocrx_word' id='word_1_26' title='bbox 219 385 532 439; x_wconf 86' lang='lat' dir='ltr'>propemodum</span> <span class='ocrx_word' id='word_1_27' title='bbox 550 387 676 427; x_wconf 87' lang='lat' dir='ltr'>verbo</span> <span class='ocrx_word' id='word_1_28' title='bbox 698 388 837 428; x_wconf 78' lang='lat' dir='ltr'>Graeei</span> <span class='ocrx_word' id='word_1_29' title='bbox 857 403 1028 429; x_wconf 84' lang='lat' dir='ltr'>omnem</span> <span class='ocrx_word' id='word_1_30' title='bbox 1048 390 1176 430; x_wconf 88' lang='lat' dir='ltr'>animi</span> <span class='ocrx_word' id='word_1_31' title='bbox 1203 390 1559 444; x_wconf 81' lang='lat' dir='ltr'>perturbationem</span> <span class='ocrx_word' id='word_1_32' title='bbox 1581 405 1656 446; x_wconf 88' lang='lat' dir='ltr'>ap-</span> 
     </span>
     <span class='ocr_line' id='line_1_6' title="bbox 220 440 1657 502; baseline 0.005 -21"><span class='ocrx_word' id='word_1_33' title='bbox 220 440 394 496; x_wconf 79' lang='lat' dir='ltr'>pellant.</span> <span class='ocrx_word' id='word_1_34' title='bbox 425 451 574 483; x_wconf 83' lang='lat' dir='ltr'>vocant</span> <span class='ocrx_word' id='word_1_35' title='bbox 604 444 713 483; x_wconf 86' lang='lat' dir='ltr'>enim</span> <span class='ocrx_word' id='word_1_36' title='bbox 746 445 876 494; x_wconf 67' lang='grc' dir='ltr'>πίιὸος,</span> <span class='ocrx_word' id='word_1_37' title='bbox 900 444 940 485; x_wconf 82' lang='lat' dir='ltr'>id</span> <span class='ocrx_word' id='word_1_38' title='bbox 969 455 1047 496; x_wconf 89' lang='lat' dir='ltr'>est,</span> <span class='ocrx_word' id='word_1_39' title='bbox 1068 446 1278 490; x_wconf 80' lang='lat' dir='ltr'><strong>morbum,</strong></span> <span class='ocrx_word' id='word_1_40' title='bbox 1307 446 1563 502; x_wconf 83' lang='lat' dir='ltr'><strong>quicumque</strong></span> <span class='ocrx_word' id='word_1_41' title='bbox 1593 455 1657 488; x_wconf 88' lang='lat' dir='ltr'>est</span> 
     </span>
     <span class='ocr_line' id='line_1_7' title="bbox 220 499 1653 559; baseline 0.005 -22"><span class='ocrx_word' id='word_1_42' title='bbox 220 507 364 538; x_wconf 86' lang='lat' dir='ltr'>motus</span> <span class='ocrx_word' id='word_1_43' title='bbox 384 499 425 538; x_wconf 90' lang='lat' dir='ltr'>in</span> <span class='ocrx_word' id='word_1_44' title='bbox 445 499 586 539; x_wconf 88' lang='lat' dir='ltr'>animo</span> <span class='ocrx_word' id='word_1_45' title='bbox 607 499 814 541; x_wconf 85' lang='lat' dir='ltr'>turbidus.</span> <span class='ocrx_word' id='word_1_46' title='bbox 874 502 969 542; x_wconf 86' lang='lat' dir='ltr'>Nos</span> <span class='ocrx_word' id='word_1_47' title='bbox 1000 502 1175 542; x_wconf 87' lang='lat' dir='ltr'>melius:</span> <span class='ocrx_word' id='word_1_48' title='bbox 1208 503 1332 558; x_wconf 81' lang='lat' dir='ltr'>aegris</span> <span class='ocrx_word' id='word_1_49' title='bbox 1364 503 1476 543; x_wconf 88' lang='lat' dir='ltr'>enim</span> <span class='ocrx_word' id='word_1_50' title='bbox 1501 518 1653 559; x_wconf 89' lang='lat' dir='ltr'>corpo-</span> 
     </span>
     <span class='ocr_line' id='line_1_8' title="bbox 219 555 1653 615; baseline 0.005 -21"><span class='ocrx_word' id='word_1_51' title='bbox 219 555 335 595; x_wconf 80' lang='lat' dir='ltr'>ribus</span> <span class='ocrx_word' id='word_1_52' title='bbox 366 555 580 595; x_wconf 75' lang='lat' dir='ltr'>simillima</span> <span class='ocrx_word' id='word_1_53' title='bbox 610 563 673 596; x_wconf 88' lang='lat' dir='ltr'>est</span> <span class='ocrx_word' id='word_1_54' title='bbox 701 557 829 597; x_wconf 89' lang='lat' dir='ltr'>animi</span> <span class='ocrx_word' id='word_1_55' title='bbox 861 557 1082 611; x_wconf 76' lang='lat' dir='ltr'>aegritudo,</span> <span class='ocrx_word' id='word_1_56' title='bbox 1112 567 1154 598; x_wconf 87' lang='lat' dir='ltr'>at</span> <span class='ocrx_word' id='word_1_57' title='bbox 1183 574 1267 599; x_wconf 92' lang='lat' dir='ltr'>non</span> <span class='ocrx_word' id='word_1_58' title='bbox 1296 559 1442 600; x_wconf 86' lang='lat' dir='ltr'>similis</span> <span class='ocrx_word' id='word_1_59' title='bbox 1469 570 1653 615; x_wconf 81' lang='lat' dir='ltr'>aegrota-</span> 
     </span>
     <span class='ocr_line' id='line_1_9' title="bbox 219 610 1654 672; baseline 0.006 -22"><span class='ocrx_word' id='word_1_60' title='bbox 219 610 346 651; x_wconf 86' lang='lat' dir='ltr'>tionis</span> <span class='ocrx_word' id='word_1_61' title='bbox 377 620 439 651; x_wconf 83' lang='lat' dir='ltr'>est</span> <span class='ocrx_word' id='word_1_62' title='bbox 471 611 617 660; x_wconf 89' lang='lat' dir='ltr'>libido,</span> <span class='ocrx_word' id='word_1_63' title='bbox 640 626 723 652; x_wconf 88' lang='lat' dir='ltr'>non</span> <span class='ocrx_word' id='word_1_64' title='bbox 754 613 1032 654; x_wconf 85' lang='lat' dir='ltr'>immoderata</span> <span class='ocrx_word' id='word_1_65' title='bbox 1062 614 1222 665; x_wconf 84' lang='lat' dir='ltr'>laetitia,</span> <span class='ocrx_word' id='word_1_66' title='bbox 1243 631 1337 670; x_wconf 88' lang='lat' dir='ltr'>quae</span> <span class='ocrx_word' id='word_1_67' title='bbox 1369 625 1431 657; x_wconf 86' lang='lat' dir='ltr'>est</span> <span class='ocrx_word' id='word_1_68' title='bbox 1461 618 1654 672; x_wconf 86' lang='lat' dir='ltr'>voluptas</span> 
     </span>
     <span class='ocr_line' id='line_1_10' title="bbox 218 667 1653 724; baseline 0.006 -18"><span class='ocrx_word' id='word_1_69' title='bbox 218 667 347 708; x_wconf 86' lang='lat' dir='ltr'>animi</span> <span class='ocrx_word' id='word_1_70' title='bbox 373 668 482 708; x_wconf 84' lang='lat' dir='ltr'>elata</span> <span class='ocrx_word' id='word_1_71' title='bbox 502 677 544 708; x_wconf 88' lang='lat' dir='ltr'>et</span> <span class='ocrx_word' id='word_1_72' title='bbox 566 669 764 722; x_wconf 78' lang='lat' dir='ltr'><strong>gestiens.</strong></span> <span class='ocrx_word' id='word_1_73' title='bbox 797 668 884 724; x_wconf 90' lang='lat' dir='ltr'>ipse</span> <span class='ocrx_word' id='word_1_74' title='bbox 914 669 1039 710; x_wconf 88' lang='lat' dir='ltr'>etiarn</span> <span class='ocrx_word' id='word_1_75' title='bbox 1073 680 1210 711; x_wconf 88' lang='lat' dir='ltr'>metus</span> <span class='ocrx_word' id='word_1_76' title='bbox 1231 686 1314 712; x_wconf 90' lang='lat' dir='ltr'>non</span> <span class='ocrx_word' id='word_1_77' title='bbox 1335 681 1398 713; x_wconf 91' lang='lat' dir='ltr'>est</span> <span class='ocrx_word' id='word_1_78' title='bbox 1418 674 1556 714; x_wconf 86' lang='lat' dir='ltr'>morbi</span> <span class='ocrx_word' id='word_1_79' title='bbox 1578 673 1653 714; x_wconf 89' lang='lat' dir='ltr'>ad-</span> 
     </span>
     <span class='ocr_line' id='line_1_11' title="bbox 216 724 1654 785; baseline 0.005 -21"><span class='ocrx_word' id='word_1_80' title='bbox 216 724 393 765; x_wconf 82' lang='lat' dir='ltr'>modum</span> <span class='ocrx_word' id='word_1_81' title='bbox 416 724 576 774; x_wconf 84' lang='lat' dir='ltr'>similis,</span> <span class='ocrx_word' id='word_1_82' title='bbox 597 739 853 780; x_wconf 83' lang='lat' dir='ltr'>quamquam</span> <span class='ocrx_word' id='word_1_83' title='bbox 875 725 1114 781; x_wconf 82' lang='lat' dir='ltr'>aegritudini</span> <span class='ocrx_word' id='word_1_84' title='bbox 1136 735 1200 767; x_wconf 89' lang='lat' dir='ltr'>est</span> <span class='ocrx_word' id='word_1_85' title='bbox 1225 727 1440 780; x_wconf 89' lang='lat' dir='ltr'>finitimus,</span> <span class='ocrx_word' id='word_1_86' title='bbox 1461 730 1533 770; x_wconf 89' lang='lat' dir='ltr'>sed</span> <span class='ocrx_word' id='word_1_87' title='bbox 1554 744 1654 785; x_wconf 91' lang='lat' dir='ltr'>pro-</span> 
     </span>
     <span class='ocr_line' id='line_1_12' title="bbox 217 780 1650 876; baseline 0.006 -56"><span class='ocrx_word' id='word_1_88' title='bbox 217 780 320 876; x_wconf 64' lang='lat' dir='ltr'>prie,</span> <span class='ocrx_word' id='word_1_89' title='bbox 341 790 389 821; x_wconf 93' lang='lat' dir='ltr'>ut</span> <span class='ocrx_word' id='word_1_90' title='bbox 417 782 638 836; x_wconf 76' lang='lat' dir='ltr'>aegrotatio</span> <span class='ocrx_word' id='word_1_91' title='bbox 659 781 700 821; x_wconf 86' lang='lat' dir='ltr'>in</span> <span class='ocrx_word' id='word_1_92' title='bbox 720 796 911 837; x_wconf 82' lang='lat' dir='ltr'>corpore,</span> <span class='ocrx_word' id='word_1_93' title='bbox 935 782 992 823; x_wconf 89' lang='lat' dir='ltr'>sic</span> <span class='ocrx_word' id='word_1_94' title='bbox 1024 783 1235 838; x_wconf 82' lang='lat' dir='ltr'>aegritudo</span> <span class='ocrx_word' id='word_1_95' title='bbox 1256 784 1297 823; x_wconf 93' lang='lat' dir='ltr'>in</span> <span class='ocrx_word' id='word_1_96' title='bbox 1318 785 1474 836; x_wconf 88' lang='lat' dir='ltr'>animo,</span> <span class='ocrx_word' id='word_1_97' title='bbox 1496 801 1650 828; x_wconf 90' lang='lat' dir='ltr'>nomen</span> 
     </span>
     <span class='ocr_line' id='line_1_13' title="bbox 249 838 1651 899; baseline 0.006 -22"><span class='ocrx_word' id='word_1_98' title='bbox 249 838 347 877; x_wconf 89' lang='lat' dir='ltr'>abet</span> <span class='ocrx_word' id='word_1_99' title='bbox 379 852 462 877; x_wconf 90' lang='lat' dir='ltr'>non</span> <span class='ocrx_word' id='word_1_100' title='bbox 496 838 733 894; x_wconf 84' lang='lat' dir='ltr'>sejunctum</span> <span class='ocrx_word' id='word_1_101' title='bbox 769 854 793 879; x_wconf 90' lang='lat' dir='ltr'>a</span> <span class='ocrx_word' id='word_1_102' title='bbox 824 838 986 880; x_wconf 89' lang='lat' dir='ltr'>dolore.</span> <span class='ocrx_word' id='word_1_103' title='bbox 1017 839 1175 880; x_wconf 88' lang='lat' dir='ltr'>doloris</span> <span class='ocrx_word' id='word_1_104' title='bbox 1208 840 1337 895; x_wconf 89' lang='lat' dir='ltr'>igitur</span> <span class='ocrx_word' id='word_1_105' title='bbox 1367 841 1493 898; x_wconf 88' lang='lat' dir='ltr'>hujus</span> <span class='ocrx_word' id='word_1_106' title='bbox 1528 844 1651 899; x_wconf 84' lang='lat' dir='ltr'>origo</span> 
     </span>
     <span class='ocr_line' id='line_1_14' title="bbox 216 893 1651 952; baseline 0.005 -19"><span class='ocrx_word' id='word_1_107' title='bbox 216 893 338 934; x_wconf 86' lang='lat' dir='ltr'>nobis</span> <span class='ocrx_word' id='word_1_108' title='bbox 371 893 618 949; x_wconf 82' lang='lat' dir='ltr'>explicanda</span> <span class='ocrx_word' id='word_1_109' title='bbox 650 905 727 945; x_wconf 88' lang='lat' dir='ltr'>est,</span> <span class='ocrx_word' id='word_1_110' title='bbox 749 896 791 936; x_wconf 90' lang='lat' dir='ltr'>id</span> <span class='ocrx_word' id='word_1_111' title='bbox 820 905 898 945; x_wconf 88' lang='lat' dir='ltr'>est,</span> <span class='ocrx_word' id='word_1_112' title='bbox 921 911 1047 937; x_wconf 86' lang='lat' dir='ltr'>causa</span> <span class='ocrx_word' id='word_1_113' title='bbox 1077 896 1260 938; x_wconf 82' lang='lat' dir='ltr'>efficiens</span> <span class='ocrx_word' id='word_1_114' title='bbox 1294 897 1587 952; x_wconf 71' lang='lat' dir='ltr'>aegritudinem</span> <span class='ocrx_word' id='word_1_115' title='bbox 1609 901 1651 941; x_wconf 88' lang='lat' dir='ltr'>in</span> 
     </span>
     <span class='ocr_line' id='line_1_15' title="bbox 216 950 1650 1008; baseline 0.005 -18"><span class='ocrx_word' id='word_1_116' title='bbox 216 950 371 1000; x_wconf 85' lang='lat' dir='ltr'>animo,</span> <span class='ocrx_word' id='word_1_117' title='bbox 393 959 608 1007; x_wconf 82' lang='lat' dir='ltr'>tamquam</span> <span class='ocrx_word' id='word_1_118' title='bbox 634 953 955 1007; x_wconf 78' lang='lat' dir='ltr'>aegrotationem</span> <span class='ocrx_word' id='word_1_119' title='bbox 987 953 1026 993; x_wconf 91' lang='lat' dir='ltr'>in</span> <span class='ocrx_word' id='word_1_120' title='bbox 1059 968 1249 1008; x_wconf 84' lang='lat' dir='ltr'>corpore.</span> <span class='ocrx_word' id='word_1_121' title='bbox 1282 969 1394 1005; x_wconf 91' lang='lat' dir='ltr'>nam,</span> <span class='ocrx_word' id='word_1_122' title='bbox 1412 964 1459 996; x_wconf 89' lang='lat' dir='ltr'>ut</span> <span class='ocrx_word' id='word_1_123' title='bbox 1479 956 1650 1008; x_wconf 87' lang='lat' dir='ltr'>medici,</span> 
     </span>
     <span class='ocr_line' id='line_1_16' title="bbox 214 1007 1651 1066; baseline 0.004 -19"><span class='ocrx_word' id='word_1_124' title='bbox 214 1020 341 1048; x_wconf 86' lang='lat' dir='ltr'>causa</span> <span class='ocrx_word' id='word_1_125' title='bbox 360 1007 498 1048; x_wconf 87' lang='lat' dir='ltr'>morbi</span> <span class='ocrx_word' id='word_1_126' title='bbox 528 1007 706 1058; x_wconf 84' lang='lat' dir='ltr'>inventa,</span> <span class='ocrx_word' id='word_1_127' title='bbox 729 1009 989 1050; x_wconf 87' lang='lat' dir='ltr'>curationem</span> <span class='ocrx_word' id='word_1_128' title='bbox 1021 1024 1112 1050; x_wconf 78' lang='lat' dir='ltr'>esse</span> <span class='ocrx_word' id='word_1_129' title='bbox 1141 1010 1351 1051; x_wconf 80' lang='lat' dir='ltr'>inventam</span> <span class='ocrx_word' id='word_1_130' title='bbox 1383 1021 1560 1066; x_wconf 86' lang='lat' dir='ltr'>putant:</span> <span class='ocrx_word' id='word_1_131' title='bbox 1591 1013 1651 1054; x_wconf 87' lang='lat' dir='ltr'>sic</span> 
     </span>
     <span class='ocr_line' id='line_1_17' title="bbox 215 1065 1651 1126; baseline 0.004 -22"><span class='ocrx_word' id='word_1_132' title='bbox 215 1077 307 1115; x_wconf 90' lang='lat' dir='ltr'>nos,</span> <span class='ocrx_word' id='word_1_133' title='bbox 329 1078 455 1105; x_wconf 86' lang='lat' dir='ltr'>causa</span> <span class='ocrx_word' id='word_1_134' title='bbox 487 1065 749 1120; x_wconf 80' lang='lat' dir='ltr'>aegritudinis</span> <span class='ocrx_word' id='word_1_135' title='bbox 780 1075 957 1121; x_wconf 84' lang='lat' dir='ltr'>reperta,</span> <span class='ocrx_word' id='word_1_136' title='bbox 979 1066 1175 1107; x_wconf 88' lang='lat' dir='ltr'>medendi</span> <span class='ocrx_word' id='word_1_137' title='bbox 1199 1067 1441 1108; x_wconf 85' lang='lat' dir='ltr'>facultatem</span> <span class='ocrx_word' id='word_1_138' title='bbox 1470 1069 1651 1126; x_wconf 88' lang='lat' dir='ltr'>reperie-</span> 
     </span>
     <span class='ocr_line' id='line_1_18' title="bbox 212 1134 321 1161; baseline 0.009 -1"><span class='ocrx_word' id='word_1_139' title='bbox 212 1134 321 1161; x_wconf 88' lang='lat' dir='ltr'>mus.</span> 
     </span>
     <span class='ocr_line' id='line_1_19' title="bbox 134 1178 1650 1236; baseline 0.003 -18"><span class='ocrx_word' id='word_1_140' title='bbox 134 1183 195 1229; x_wconf 84' lang='lat'>11</span> <span class='ocrx_word' id='word_1_141' title='bbox 269 1179 346 1218; x_wconf 88' lang='lat' dir='ltr'>Est</span> <span class='ocrx_word' id='word_1_142' title='bbox 366 1178 495 1233; x_wconf 87' lang='lat' dir='ltr'>igitur</span> <span class='ocrx_word' id='word_1_143' title='bbox 519 1193 645 1220; x_wconf 85' lang='lat' dir='ltr'>causa</span> <span class='ocrx_word' id='word_1_144' title='bbox 675 1179 811 1220; x_wconf 89' lang='lat' dir='ltr'>omnis</span> <span class='ocrx_word' id='word_1_145' title='bbox 846 1179 888 1220; x_wconf 90' lang='lat' dir='ltr'>in</span> <span class='ocrx_word' id='word_1_146' title='bbox 919 1179 1132 1235; x_wconf 87' lang='lat' dir='ltr'>opinione,</span> <span class='ocrx_word' id='word_1_147' title='bbox 1153 1195 1228 1221; x_wconf 91' lang='lat' dir='ltr'>nec</span> <span class='ocrx_word' id='word_1_148' title='bbox 1260 1195 1356 1221; x_wconf 88' lang='lat' dir='ltr'>vero</span> <span class='ocrx_word' id='word_1_149' title='bbox 1389 1180 1650 1236; x_wconf 78' lang='lat' dir='ltr'>aegritudinis</span> 
     </span>
     <span class='ocr_line' id='line_1_20' title="bbox 148 1234 1650 1292; baseline 0.003 -17"><span class='ocrx_word' id='word_1_150' title='bbox 148 1256 201 1289; x_wconf 84' lang='lat'>24</span> <span class='ocrx_word' id='word_1_151' title='bbox 212 1234 365 1285; x_wconf 89' lang='lat' dir='ltr'>solum,</span> <span class='ocrx_word' id='word_1_152' title='bbox 386 1235 458 1275; x_wconf 89' lang='lat' dir='ltr'>sed</span> <span class='ocrx_word' id='word_1_153' title='bbox 478 1235 605 1276; x_wconf 86' lang='lat' dir='ltr'>etiam</span> <span class='ocrx_word' id='word_1_154' title='bbox 626 1236 880 1292; x_wconf 89' lang='lat' dir='ltr'>reliquarum</span> <span class='ocrx_word' id='word_1_155' title='bbox 907 1237 1096 1277; x_wconf 80' lang='lat' dir='ltr'>omnium</span> <span class='ocrx_word' id='word_1_156' title='bbox 1127 1237 1492 1292; x_wconf 81' lang='lat' dir='ltr'>perturbationum</span> <span class='ocrx_word' id='word_1_157' title='bbox 1513 1254 1522 1278; x_wconf 72' lang='grc' dir='ltr'><strong><em>ε</em></strong></span> <span class='ocrx_word' id='word_1_158' title='bbox 1555 1253 1650 1292; x_wconf 87' lang='lat' dir='ltr'>quae</span> 
     </span>
     <span class='ocr_line' id='line_1_21' title="bbox 167 1293 1649 1350; baseline 0.001 -16"><span class='ocrx_word' id='word_1_159' title='bbox 167 1305 197 1334; x_wconf 89' lang='lat' dir='ltr'>b.</span> <span class='ocrx_word' id='word_1_160' title='bbox 212 1300 310 1331; x_wconf 91' lang='lat' dir='ltr'>sunt</span> <span class='ocrx_word' id='word_1_161' title='bbox 329 1305 482 1346; x_wconf 80' lang='lat' dir='ltr'>genere</span> <span class='ocrx_word' id='word_1_162' title='bbox 504 1302 719 1347; x_wconf 86' lang='lat' dir='ltr'>quattuor,</span> <span class='ocrx_word' id='word_1_163' title='bbox 741 1294 929 1348; x_wconf 84' lang='lat' dir='ltr'>partibus</span> <span class='ocrx_word' id='word_1_164' title='bbox 953 1293 1106 1348; x_wconf 86' lang='lat' dir='ltr'>plures.</span> <span class='ocrx_word' id='word_1_165' title='bbox 1137 1308 1233 1334; x_wconf 89' lang='lat' dir='ltr'>nam</span> <span class='ocrx_word' id='word_1_166' title='bbox 1264 1308 1360 1334; x_wconf 87' lang='lat' dir='ltr'>cum</span> <span class='ocrx_word' id='word_1_167' title='bbox 1393 1294 1531 1335; x_wconf 89' lang='lat' dir='ltr'>omnis</span> <span class='ocrx_word' id='word_1_168' title='bbox 1552 1308 1649 1350; x_wconf 91' lang='lat' dir='ltr'>per-</span> 
     </span>
     <span class='ocr_line' id='line_1_22' title="bbox 210 1348 1646 1405; baseline 0.003 -18"><span class='ocrx_word' id='word_1_169' title='bbox 210 1348 395 1388; x_wconf 83' lang='lat' dir='ltr'>turbatio</span> <span class='ocrx_word' id='word_1_170' title='bbox 430 1349 483 1389; x_wconf 91' lang='lat' dir='ltr'>sit</span> <span class='ocrx_word' id='word_1_171' title='bbox 519 1349 646 1389; x_wconf 87' lang='lat' dir='ltr'>animi</span> <span class='ocrx_word' id='word_1_172' title='bbox 681 1359 838 1401; x_wconf 89' lang='lat' dir='ltr'>motus,</span> <span class='ocrx_word' id='word_1_173' title='bbox 858 1350 923 1391; x_wconf 91' lang='lat' dir='ltr'>vel</span> <span class='ocrx_word' id='word_1_174' title='bbox 953 1350 1125 1391; x_wconf 84' lang='lat' dir='ltr'>rationis</span> <span class='ocrx_word' id='word_1_175' title='bbox 1154 1365 1314 1405; x_wconf 84' lang='lat' dir='ltr'>expers,</span> <span class='ocrx_word' id='word_1_176' title='bbox 1343 1351 1405 1391; x_wconf 89' lang='lat' dir='ltr'>vel</span> <span class='ocrx_word' id='word_1_177' title='bbox 1439 1351 1646 1392; x_wconf 87' lang='lat' dir='ltr'>rationem</span> 
     </span>
     <span class='ocr_line' id='line_1_23' title="bbox 166 1405 1648 1462; baseline 0.003 -18"><span class='ocrx_word' id='word_1_178' title='bbox 166 1432 168 1436; x_wconf 65' lang='lat'>,</span> <span class='ocrx_word' id='word_1_179' title='bbox 209 1418 451 1459; x_wconf 85' lang='lat' dir='ltr'>aspernans,</span> <span class='ocrx_word' id='word_1_180' title='bbox 473 1413 511 1437; x_wconf 71' lang='lat'>43</span> <span class='ocrx_word' id='word_1_181' title='bbox 531 1405 595 1446; x_wconf 89' lang='lat' dir='ltr'>vel</span> <span class='ocrx_word' id='word_1_182' title='bbox 617 1406 765 1447; x_wconf 87' lang='lat' dir='ltr'>rationi</span> <span class='ocrx_word' id='word_1_183' title='bbox 793 1422 879 1447; x_wconf 91' lang='lat' dir='ltr'>non</span> <span class='ocrx_word' id='word_1_184' title='bbox 901 1406 1117 1457; x_wconf 87' lang='lat' dir='ltr'>obediens,</span> <span class='ocrx_word' id='word_1_185' title='bbox 1138 1407 1256 1462; x_wconf 87' lang='lat' dir='ltr'>isque</span> <span class='ocrx_word' id='word_1_186' title='bbox 1276 1417 1419 1449; x_wconf 87' lang='lat' dir='ltr'>motus</span> <span class='ocrx_word' id='word_1_187' title='bbox 1439 1416 1512 1448; x_wconf 89' lang='lat' dir='ltr'>aut</span> <span class='ocrx_word' id='word_1_188' title='bbox 1530 1408 1648 1459; x_wconf 87' lang='lat' dir='ltr'>boni,</span> 
     </span>
     <span class='ocr_line' id='line_1_24' title="bbox 208 1462 1646 1519; baseline 0.003 -18"><span class='ocrx_word' id='word_1_189' title='bbox 208 1470 282 1502; x_wconf 88' lang='lat' dir='ltr'>aut</span> <span class='ocrx_word' id='word_1_190' title='bbox 316 1462 416 1502; x_wconf 90' lang='lat' dir='ltr'>mali</span> <span class='ocrx_word' id='word_1_191' title='bbox 451 1463 650 1517; x_wconf 89' lang='lat' dir='ltr'>opinione</span> <span class='ocrx_word' id='word_1_192' title='bbox 687 1472 726 1495; x_wconf 81' lang='lat'>44</span> <span class='ocrx_word' id='word_1_193' title='bbox 744 1464 922 1504; x_wconf 82' lang='lat' dir='ltr'>citetur:</span> <span class='ocrx_word' id='word_1_194' title='bbox 959 1463 1151 1504; x_wconf 83' lang='lat' dir='ltr'>bifariam</span> <span class='ocrx_word' id='word_1_195' title='bbox 1187 1473 1389 1519; x_wconf 86' lang='lat' dir='ltr'>quattuor</span> <span class='ocrx_word' id='word_1_196' title='bbox 1425 1465 1646 1519; x_wconf 89' lang='lat' dir='ltr'>perturba-</span> 
     </span>
     <span class='ocr_line' id='line_1_25' title="bbox 207 1517 1647 1576; baseline 0.002 -18"><span class='ocrx_word' id='word_1_197' title='bbox 207 1517 344 1559; x_wconf 87' lang='lat' dir='ltr'>tiones</span> <span class='ocrx_word' id='word_1_198' title='bbox 364 1519 580 1575; x_wconf 84' lang='lat' dir='ltr'>aequaliter</span> <span class='ocrx_word' id='word_1_199' title='bbox 601 1520 836 1561; x_wconf 75' lang='lat' dir='ltr'>distributae</span> <span class='ocrx_word' id='word_1_200' title='bbox 865 1529 974 1561; x_wconf 88' lang='lat' dir='ltr'>sunt.</span> <span class='ocrx_word' id='word_1_201' title='bbox 1007 1535 1103 1561; x_wconf 90' lang='lat' dir='ltr'>nam</span> <span class='ocrx_word' id='word_1_202' title='bbox 1134 1521 1229 1561; x_wconf 83' lang='lat' dir='ltr'>duae</span> <span class='ocrx_word' id='word_1_203' title='bbox 1261 1529 1358 1562; x_wconf 90' lang='lat' dir='ltr'>sunt</span> <span class='ocrx_word' id='word_1_204' title='bbox 1378 1535 1428 1561; x_wconf 84' lang='lat' dir='ltr'>ex</span> <span class='ocrx_word' id='word_1_205' title='bbox 1448 1521 1647 1576; x_wconf 88' lang='lat' dir='ltr'>opinione</span> 
     </span>
     <span class='ocr_line' id='line_1_26' title="bbox 206 1574 1645 1632; baseline 0.002 -17"><span class='ocrx_word' id='word_1_206' title='bbox 206 1574 337 1616; x_wconf 90' lang='lat' dir='ltr'>boni:</span> <span class='ocrx_word' id='word_1_207' title='bbox 370 1591 546 1631; x_wconf 86' lang='lat' dir='ltr'>quarum</span> <span class='ocrx_word' id='word_1_208' title='bbox 580 1576 723 1627; x_wconf 85' lang='lat' dir='ltr'>altera,</span> <span class='ocrx_word' id='word_1_209' title='bbox 756 1577 947 1632; x_wconf 84' lang='lat' dir='ltr'>voluptas</span> <span class='ocrx_word' id='word_1_210' title='bbox 975 1578 1175 1632; x_wconf 77' lang='lat' dir='ltr'>gestiens,</span> <span class='ocrx_word' id='word_1_211' title='bbox 1198 1577 1240 1617; x_wconf 89' lang='lat' dir='ltr'>id</span> <span class='ocrx_word' id='word_1_212' title='bbox 1272 1587 1349 1628; x_wconf 85' lang='lat' dir='ltr'>est,</span> <span class='ocrx_word' id='word_1_213' title='bbox 1379 1586 1530 1632; x_wconf 82' lang='lat' dir='ltr'>praeter</span> <span class='ocrx_word' id='word_1_214' title='bbox 1551 1592 1645 1619; x_wconf 88' lang='lat' dir='ltr'>mo-</span> 
     </span>
     <span class='ocr_line' id='line_1_27' title="bbox 207 1630 1643 1690; baseline 0.002 -18"><span class='ocrx_word' id='word_1_215' title='bbox 207 1630 309 1673; x_wconf 89' lang='lat' dir='ltr'>dum</span> <span class='ocrx_word' id='word_1_216' title='bbox 340 1632 449 1673; x_wconf 87' lang='lat' dir='ltr'>elata</span> <span class='ocrx_word' id='word_1_217' title='bbox 478 1633 638 1683; x_wconf 66' lang='lat' dir='ltr'>laetitia,</span> <span class='ocrx_word' id='word_1_218' title='bbox 660 1634 857 1689; x_wconf 89' lang='lat' dir='ltr'>opinione</span> <span class='ocrx_word' id='word_1_219' title='bbox 890 1634 1106 1689; x_wconf 79' lang='lat' dir='ltr'>praesentis</span> <span class='ocrx_word' id='word_1_220' title='bbox 1140 1634 1285 1688; x_wconf 86' lang='lat' dir='ltr'>magni</span> <span class='ocrx_word' id='word_1_221' title='bbox 1315 1634 1492 1690; x_wconf 86' lang='lat' dir='ltr'>alicujus</span> <span class='ocrx_word' id='word_1_222' title='bbox 1514 1634 1643 1676; x_wconf 89' lang='lat' dir='ltr'>boni:</span> 
     </span>
     <span class='ocr_line' id='line_1_28' title="bbox 207 1689 1646 1747; baseline 0.001 -17"><span class='ocrx_word' id='word_1_223' title='bbox 207 1697 246 1721; x_wconf 77' lang='grc'>45</span> <span class='ocrx_word' id='word_1_224' title='bbox 263 1689 393 1730; x_wconf 83' lang='lat' dir='ltr'>altera</span> <span class='ocrx_word' id='word_1_225' title='bbox 413 1690 637 1745; x_wconf 83' lang='lat' dir='ltr'>cupiditaS,</span> <span class='ocrx_word' id='word_1_226' title='bbox 657 1706 751 1745; x_wconf 85' lang='lat' dir='ltr'>quae</span> <span class='ocrx_word' id='word_1_227' title='bbox 773 1698 885 1731; x_wconf 83' lang='lat' dir='ltr'>reete</span> <span class='ocrx_word' id='word_1_228' title='bbox 906 1692 968 1731; x_wconf 86' lang='lat' dir='ltr'>vel</span> <span class='ocrx_word' id='word_1_229' title='bbox 997 1690 1129 1731; x_wconf 90' lang='lat' dir='ltr'>libido</span> <span class='ocrx_word' id='word_1_230' title='bbox 1151 1690 1234 1731; x_wconf 83' lang='lat' dir='ltr'>dici</span> <span class='ocrx_word' id='word_1_231' title='bbox 1256 1699 1396 1745; x_wconf 88' lang='lat' dir='ltr'>potest</span> <span class='ocrx_word' id='word_1_232' title='bbox 1415 1708 1424 1732; x_wconf 72' lang='grc' dir='ltr'>ε</span> <span class='ocrx_word' id='word_1_233' title='bbox 1456 1706 1550 1747; x_wconf 87' lang='lat' dir='ltr'>quae</span> <span class='ocrx_word' id='word_1_234' title='bbox 1581 1700 1646 1732; x_wconf 89' lang='lat' dir='ltr'>est</span> 
     </span>
     <span class='ocr_line' id='line_1_29' title="bbox 207 1745 1645 1802; baseline 0.001 -16"><span class='ocrx_word' id='word_1_235' title='bbox 207 1745 486 1787; x_wconf 87' lang='lat' dir='ltr'>immoderata</span> <span class='ocrx_word' id='word_1_236' title='bbox 505 1747 708 1802; x_wconf 84' lang='lat' dir='ltr'>appetitio</span> <span class='ocrx_word' id='word_1_237' title='bbox 726 1747 883 1802; x_wconf 89' lang='lat' dir='ltr'>opinati</span> <span class='ocrx_word' id='word_1_238' title='bbox 900 1747 1045 1802; x_wconf 85' lang='lat' dir='ltr'>magni</span> <span class='ocrx_word' id='word_1_239' title='bbox 1065 1747 1180 1796; x_wconf 86' lang='lat' dir='ltr'>boni,</span> <span class='ocrx_word' id='word_1_240' title='bbox 1201 1747 1353 1787; x_wconf 87' lang='lat' dir='ltr'>rationi</span> <span class='ocrx_word' id='word_1_241' title='bbox 1371 1762 1454 1788; x_wconf 90' lang='lat' dir='ltr'>non</span> <span class='ocrx_word' id='word_1_242' title='bbox 1476 1748 1645 1788; x_wconf 91' lang='lat' dir='ltr'>obtem-</span> 
     </span>
     <span class='ocr_line' id='line_1_30' title="bbox 144 1803 1643 1858; baseline 0.003 -18"><span class='ocrx_word' id='word_1_243' title='bbox 144 1808 193 1841; x_wconf 83' lang='lat'>25</span> <span class='ocrx_word' id='word_1_244' title='bbox 207 1816 372 1858; x_wconf 89' lang='lat' dir='ltr'>perans.</span> <span class='ocrx_word' id='word_1_245' title='bbox 432 1805 549 1858; x_wconf 83' lang='lat' dir='ltr'>Ergo</span> <span class='ocrx_word' id='word_1_246' title='bbox 580 1803 671 1844; x_wconf 83' lang='lat' dir='ltr'>haec</span> <span class='ocrx_word' id='word_1_247' title='bbox 702 1803 787 1844; x_wconf 88' lang='lat' dir='ltr'>duo</span> <span class='ocrx_word' id='word_1_248' title='bbox 809 1818 977 1858; x_wconf 84' lang='lat' dir='ltr'>genera,</span> <span class='ocrx_word' id='word_1_249' title='bbox 999 1804 1190 1858; x_wconf 83' lang='lat' dir='ltr'>voluptas</span> <span class='ocrx_word' id='word_1_250' title='bbox 1210 1804 1410 1858; x_wconf 82' lang='lat' dir='ltr'>gestiens,</span> <span class='ocrx_word' id='word_1_251' title='bbox 1431 1813 1474 1844; x_wconf 88' lang='lat' dir='ltr'>et</span> <span class='ocrx_word' id='word_1_252' title='bbox 1494 1803 1643 1856; x_wconf 88' lang='lat' dir='ltr'>libido,</span> 
     </span>
     <span class='ocr_line' id='line_1_31' title="bbox 205 1860 1644 1916; baseline 0 -16"><span class='ocrx_word' id='word_1_253' title='bbox 205 1860 417 1901; x_wconf 91' lang='lat' dir='ltr'>bonorum</span> <span class='ocrx_word' id='word_1_254' title='bbox 447 1860 646 1915; x_wconf 86' lang='lat' dir='ltr'>opinione</span> <span class='ocrx_word' id='word_1_255' title='bbox 667 1861 904 1910; x_wconf 84' lang='lat' dir='ltr'>turbantur,</span> <span class='ocrx_word' id='word_1_256' title='bbox 926 1869 973 1901; x_wconf 90' lang='lat' dir='ltr'>ut</span> <span class='ocrx_word' id='word_1_257' title='bbox 994 1860 1080 1901; x_wconf 92' lang='lat' dir='ltr'>duo</span> <span class='ocrx_word' id='word_1_258' title='bbox 1101 1860 1277 1915; x_wconf 88' lang='lat' dir='ltr'>reliqua,</span> <span class='ocrx_word' id='word_1_259' title='bbox 1296 1868 1434 1900; x_wconf 89' lang='lat' dir='ltr'>metus</span> <span class='ocrx_word' id='word_1_260' title='bbox 1456 1869 1498 1901; x_wconf 90' lang='lat' dir='ltr'>et</span> <span class='ocrx_word' id='word_1_261' title='bbox 1518 1861 1644 1916; x_wconf 85' lang='lat' dir='ltr'>aegri-</span> 
     </span>
     <span class='ocr_line' id='line_1_32' title="bbox 204 1916 1643 1972; baseline 0.001 -15"><span class='ocrx_word' id='word_1_262' title='bbox 204 1916 326 1967; x_wconf 91' lang='lat' dir='ltr'>tudo,</span> <span class='ocrx_word' id='word_1_263' title='bbox 357 1916 580 1957; x_wconf 88' lang='lat' dir='ltr'>malorum.</span> <span class='ocrx_word' id='word_1_264' title='bbox 613 1932 709 1957; x_wconf 89' lang='lat' dir='ltr'>nam</span> <span class='ocrx_word' id='word_1_265' title='bbox 742 1927 785 1958; x_wconf 88' lang='lat' dir='ltr'>et</span> <span class='ocrx_word' id='word_1_266' title='bbox 815 1926 967 1967; x_wconf 85' lang='lat' dir='ltr'>metus,</span> <span class='ocrx_word' id='word_1_267' title='bbox 1001 1917 1143 1971; x_wconf 88' lang='lat' dir='ltr'>opinio</span> <span class='ocrx_word' id='word_1_268' title='bbox 1171 1917 1316 1971; x_wconf 88' lang='lat' dir='ltr'>magni</span> <span class='ocrx_word' id='word_1_269' title='bbox 1347 1917 1448 1957; x_wconf 87' lang='lat' dir='ltr'>mali</span> <span class='ocrx_word' id='word_1_270' title='bbox 1477 1917 1643 1972; x_wconf 91' lang='lat' dir='ltr'>impen-</span> 
     </span>
     <span class='ocr_line' id='line_1_33' title="bbox 203 1972 1645 2030; baseline 0.002 -17"><span class='ocrx_word' id='word_1_271' title='bbox 203 1972 367 2024; x_wconf 87' lang='lat' dir='ltr'>dentis;</span> <span class='ocrx_word' id='word_1_272' title='bbox 400 1982 443 2015; x_wconf 88' lang='lat' dir='ltr'>et</span> <span class='ocrx_word' id='word_1_273' title='bbox 478 1973 703 2028; x_wconf 70' lang='lat' dir='ltr'>aegritudo,</span> <span class='ocrx_word' id='word_1_274' title='bbox 741 1982 805 2014; x_wconf 90' lang='lat' dir='ltr'>est</span> <span class='ocrx_word' id='word_1_275' title='bbox 839 1974 982 2030; x_wconf 92' lang='lat' dir='ltr'>opinio</span> <span class='ocrx_word' id='word_1_276' title='bbox 1018 1974 1163 2029; x_wconf 87' lang='lat' dir='ltr'>magni</span> <span class='ocrx_word' id='word_1_277' title='bbox 1196 1973 1297 2014; x_wconf 87' lang='lat' dir='ltr'>mali</span> <span class='ocrx_word' id='word_1_278' title='bbox 1330 1974 1572 2028; x_wconf 78' lang='lat' dir='ltr'>praesentis:</span> <span class='ocrx_word' id='word_1_279' title='bbox 1601 1983 1645 2016; x_wconf 87' lang='lat' dir='ltr'>et</span> 
     </span>
     <span class='ocr_line' id='line_1_34' title="bbox 203 2030 1645 2086; baseline 0 -15"><span class='ocrx_word' id='word_1_280' title='bbox 203 2030 375 2086; x_wconf 89' lang='lat' dir='ltr'>quidem</span> <span class='ocrx_word' id='word_1_281' title='bbox 409 2045 553 2071; x_wconf 87' lang='lat' dir='ltr'>recens</span> <span class='ocrx_word' id='word_1_282' title='bbox 590 2031 734 2086; x_wconf 88' lang='lat' dir='ltr'>opinio</span> <span class='ocrx_word' id='word_1_283' title='bbox 766 2031 859 2071; x_wconf 90' lang='lat' dir='ltr'>talis</span> <span class='ocrx_word' id='word_1_284' title='bbox 891 2030 1006 2080; x_wconf 84' lang='lat' dir='ltr'>mali,</span> <span class='ocrx_word' id='word_1_285' title='bbox 1026 2040 1075 2071; x_wconf 93' lang='lat' dir='ltr'>ut</span> <span class='ocrx_word' id='word_1_286' title='bbox 1104 2031 1146 2070; x_wconf 91' lang='lat' dir='ltr'>in</span> <span class='ocrx_word' id='word_1_287' title='bbox 1178 2045 1229 2071; x_wconf 93' lang='lat' dir='ltr'>eo</span> <span class='ocrx_word' id='word_1_288' title='bbox 1261 2039 1424 2071; x_wconf 87' lang='lat' dir='ltr'>rectum</span> <span class='ocrx_word' id='word_1_289' title='bbox 1455 2030 1645 2073; x_wconf 88' lang='lat' dir='ltr'>videatur</span> 
     </span>
     <span class='ocr_line' id='line_1_35' title="bbox 203 2087 1642 2143; baseline 0.001 -16"><span class='ocrx_word' id='word_1_290' title='bbox 203 2101 295 2128; x_wconf 90' lang='lat' dir='ltr'>esse</span> <span class='ocrx_word' id='word_1_291' title='bbox 315 2087 415 2142; x_wconf 89' lang='lat' dir='ltr'>angi</span> <span class='ocrx_word' id='word_1_292' title='bbox 433 2105 441 2128; x_wconf 89' lang='lat'>:</span> <span class='ocrx_word' id='word_1_293' title='bbox 473 2087 516 2128; x_wconf 90' lang='lat' dir='ltr'>id</span> <span class='ocrx_word' id='word_1_294' title='bbox 537 2097 679 2128; x_wconf 88' lang='lat' dir='ltr'>autem</span> <span class='ocrx_word' id='word_1_295' title='bbox 709 2096 786 2137; x_wconf 80' lang='lat' dir='ltr'>est,</span> <span class='ocrx_word' id='word_1_296' title='bbox 807 2096 855 2129; x_wconf 88' lang='lat' dir='ltr'>ut</span> <span class='ocrx_word' id='word_1_297' title='bbox 875 2088 923 2138; x_wconf 84' lang='lat' dir='ltr'>is,</span> <span class='ocrx_word' id='word_1_298' title='bbox 943 2088 1015 2143; x_wconf 89' lang='lat' dir='ltr'>qui</span> <span class='ocrx_word' id='word_1_299' title='bbox 1046 2087 1202 2138; x_wconf 87' lang='lat' dir='ltr'>doleat,</span> <span class='ocrx_word' id='word_1_300' title='bbox 1224 2095 1417 2142; x_wconf 84' lang='lat' dir='ltr'>oportere</span> <span class='ocrx_word' id='word_1_301' title='bbox 1447 2087 1642 2142; x_wconf 89' lang='lat' dir='ltr'>opinetur</span> 
     </span>
     <span class='ocr_line' id='line_1_36' title="bbox 203 2143 1640 2200; baseline -0.001 -16"><span class='ocrx_word' id='word_1_302' title='bbox 203 2158 247 2185; x_wconf 85' lang='lat' dir='ltr'>se</span> <span class='ocrx_word' id='word_1_303' title='bbox 270 2144 427 2185; x_wconf 89' lang='lat' dir='ltr'>dolere.</span> <span class='ocrx_word' id='word_1_304' title='bbox 460 2144 525 2185; x_wconf 88' lang='lat' dir='ltr'>his</span> <span class='ocrx_word' id='word_1_305' title='bbox 555 2153 698 2184; x_wconf 88' lang='lat' dir='ltr'>autem</span> <span class='ocrx_word' id='word_1_306' title='bbox 728 2144 1129 2199; x_wconf 84' lang='lat' dir='ltr'>perturbationibus,</span> <span class='ocrx_word' id='word_1_307' title='bbox 1155 2158 1258 2200; x_wconf 87' lang='lat' dir='ltr'>quas</span> <span class='ocrx_word' id='word_1_308' title='bbox 1282 2150 1321 2175; x_wconf 81' lang='lat'>46</span> <span class='ocrx_word' id='word_1_309' title='bbox 1338 2144 1380 2184; x_wconf 92' lang='lat' dir='ltr'>in</span> <span class='ocrx_word' id='word_1_310' title='bbox 1400 2143 1528 2184; x_wconf 82' lang='lat' dir='ltr'>vitam</span> <span class='ocrx_word' id='word_1_311' title='bbox 1559 2143 1640 2184; x_wconf 94' lang='lat' dir='ltr'>ho-</span> 
     </span>
     <span class='ocr_line' id='line_1_37' title="bbox 202 2199 1642 2257; baseline 0 -16"><span class='ocrx_word' id='word_1_312' title='bbox 202 2200 367 2242; x_wconf 89' lang='lat' dir='ltr'>minum</span> <span class='ocrx_word' id='word_1_313' title='bbox 390 2201 568 2242; x_wconf 88' lang='lat' dir='ltr'>stultitia</span> <span class='ocrx_word' id='word_1_314' title='bbox 590 2201 707 2256; x_wconf 85' lang='lat' dir='ltr'>quasi</span> <span class='ocrx_word' id='word_1_315' title='bbox 730 2201 933 2257; x_wconf 88' lang='lat' dir='ltr'>quasdam</span> <span class='ocrx_word' id='word_1_316' title='bbox 965 2201 1092 2242; x_wconf 80' lang='lat' dir='ltr'>furias</span> <span class='ocrx_word' id='word_1_317' title='bbox 1122 2200 1314 2241; x_wconf 87' lang='lat' dir='ltr'>immittit</span> <span class='ocrx_word' id='word_1_318' title='bbox 1333 2210 1459 2255; x_wconf 89' lang='lat' dir='ltr'>atque</span> <span class='ocrx_word' id='word_1_319' title='bbox 1480 2199 1642 2251; x_wconf 80' lang='lat' dir='ltr'>incitat,</span> 
     </span>
     <span class='ocr_line' id='line_1_38' title="bbox 202 2255 1640 2313; baseline 0.001 -16"><span class='ocrx_word' id='word_1_320' title='bbox 202 2258 401 2299; x_wconf 86' lang='lat' dir='ltr'>omnibus</span> <span class='ocrx_word' id='word_1_321' title='bbox 421 2257 576 2298; x_wconf 90' lang='lat' dir='ltr'>viribus</span> <span class='ocrx_word' id='word_1_322' title='bbox 601 2267 729 2313; x_wconf 87' lang='lat' dir='ltr'>atque</span> <span class='ocrx_word' id='word_1_323' title='bbox 760 2258 912 2313; x_wconf 87' lang='lat' dir='ltr'>opibus</span> <span class='ocrx_word' id='word_1_324' title='bbox 942 2256 1268 2312; x_wconf 86' lang='lat' dir='ltr'>repugnandum</span> <span class='ocrx_word' id='word_1_325' title='bbox 1291 2264 1369 2307; x_wconf 85' lang='lat' dir='ltr'>est,</span> <span class='ocrx_word' id='word_1_326' title='bbox 1391 2256 1424 2297; x_wconf 89' lang='lat' dir='ltr'>si</span> <span class='ocrx_word' id='word_1_327' title='bbox 1444 2255 1640 2298; x_wconf 87' lang='lat' dir='ltr'>volumus</span> 
     </span>
     <span class='ocr_line' id='line_1_39' title="bbox 202 2312 1640 2373; baseline -0.002 -16"><span class='ocrx_word' id='word_1_328' title='bbox 202 2314 300 2366; x_wconf 84' lang='lat' dir='ltr'>hoc,</span> <span class='ocrx_word' id='word_1_329' title='bbox 323 2314 439 2373; x_wconf 88' lang='lat' dir='ltr'>quod</span> <span class='ocrx_word' id='word_1_330' title='bbox 466 2314 612 2357; x_wconf 90' lang='lat' dir='ltr'>datum</span> <span class='ocrx_word' id='word_1_331' title='bbox 646 2323 710 2355; x_wconf 85' lang='lat' dir='ltr'>est</span> <span class='ocrx_word' id='word_1_332' title='bbox 742 2315 852 2366; x_wconf 81' lang='lat' dir='ltr'>vitae,</span> <span class='ocrx_word' id='word_1_333' title='bbox 871 2313 1096 2370; x_wconf 83' lang='lat' dir='ltr'>tranquille</span> <span class='ocrx_word' id='word_1_334' title='bbox 1124 2312 1373 2370; x_wconf 87' lang='lat' dir='ltr'>placideque</span> <span class='ocrx_word' id='word_1_335' title='bbox 1403 2313 1640 2354; x_wconf 86' lang='lat' dir='ltr'>traducere.</span> 
     </span>
    </p>
   </div>
   <div class='ocr_carea' id='block_1_3' title="bbox 195 2456 1641 2844">
    <p class='ocr_par' dir='ltr' id='par_1_3' title="bbox 200 2456 1641 2542">
     <span class='ocr_line' id='line_1_40' title="bbox 243 2456 1641 2499; baseline -0.001 -8"><span class='ocrx_word' id='word_1_336' title='bbox 243 2468 282 2491; x_wconf 73' lang='lat'>42</span> <span class='ocrx_word' id='word_1_337' title='bbox 299 2467 331 2490; x_wconf 87' lang='lat' dir='ltr'>ut</span> <span class='ocrx_word' id='word_1_338' title='bbox 346 2459 408 2489; x_wconf 80' lang='lat' dir='ltr'>alia</span> <span class='ocrx_word' id='word_1_339' title='bbox 425 2458 532 2499; x_wconf 72' lang='lat' dir='ltr'>multa]</span> <span class='ocrx_word' id='word_1_340' title='bbox 556 2460 770 2490; x_wconf 82' lang='lat' dir='ltr'>Referendum</span> <span class='ocrx_word' id='word_1_341' title='bbox 793 2465 838 2489; x_wconf 83' lang='lat' dir='ltr'>est</span> <span class='ocrx_word' id='word_1_342' title='bbox 861 2460 899 2489; x_wconf 88' lang='lat' dir='ltr'>ad</span> <span class='ocrx_word' id='word_1_343' title='bbox 986 2466 1025 2490; x_wconf 86' lang='lat'>45</span> <span class='ocrx_word' id='word_1_344' title='bbox 1042 2457 1137 2487; x_wconf 82' lang='lat' dir='ltr'>altem</span> <span class='ocrx_word' id='word_1_345' title='bbox 1159 2456 1553 2499; x_wconf 74' lang='lat' dir='ltr'>cupiditas—obtemperans]</span> <span class='ocrx_word' id='word_1_346' title='bbox 1576 2459 1641 2490; x_wconf 91' lang='lat' dir='ltr'>Da-</span> 
     </span>
     <span class='ocr_line' id='line_1_41' title="bbox 200 2502 1639 2542; baseline 0 -9"><span class='ocrx_word' id='word_1_347' title='bbox 200 2503 544 2542; x_wconf 72' lang='lat' dir='ltr'>praecedenspraeclare.</span> <span class='ocrx_word' id='word_1_348' title='bbox 942 2502 1038 2531; x_wconf 81' lang='lat' dir='ltr'>visius</span> <span class='ocrx_word' id='word_1_349' title='bbox 1069 2511 1086 2530; x_wconf 91' lang='grc' dir='ltr'>θ</span> <span class='ocrx_word' id='word_1_350' title='bbox 1114 2502 1250 2540; x_wconf 84' lang='lat' dir='ltr'>vestigiis</span> <span class='ocrx_word' id='word_1_351' title='bbox 1282 2502 1360 2531; x_wconf 86' lang='lat' dir='ltr'>Mss.</span> <span class='ocrx_word' id='word_1_352' title='bbox 1390 2502 1483 2537; x_wconf 87' lang='lat' dir='ltr'>bene,</span> <span class='ocrx_word' id='word_1_353' title='bbox 1514 2503 1639 2541; x_wconf 90' lang='lat' dir='ltr'>opinor,</span> 
     </span>
    </p>

    <p class='ocr_par' dir='ltr' id='par_1_4' title="bbox 199 2544 1641 2671">
     <span class='ocr_line' id='line_1_42' title="bbox 244 2544 1638 2585; baseline -0.001 -8"><span class='ocrx_word' id='word_1_354' title='bbox 244 2553 281 2577; x_wconf 80' lang='grc'>48</span> <span class='ocrx_word' id='word_1_355' title='bbox 311 2546 364 2575; x_wconf 76' lang='lat' dir='ltr'>vel</span> <span class='ocrx_word' id='word_1_356' title='bbox 387 2545 494 2575; x_wconf 78' lang='lat' dir='ltr'>rationi</span> <span class='ocrx_word' id='word_1_357' title='bbox 520 2556 573 2574; x_wconf 80' lang='lat' dir='ltr'>non</span> <span class='ocrx_word' id='word_1_358' title='bbox 600 2544 740 2583; x_wconf 73' lang='lat' dir='ltr'>obediens]</span> <span class='ocrx_word' id='word_1_359' title='bbox 768 2546 900 2574; x_wconf 87' lang='lat' dir='ltr'>Videtur</span> <span class='ocrx_word' id='word_1_360' title='bbox 943 2545 1031 2575; x_wconf 84' lang='lat' dir='ltr'>hunc</span> <span class='ocrx_word' id='word_1_361' title='bbox 1048 2545 1157 2574; x_wconf 90' lang='lat' dir='ltr'>locum</span> <span class='ocrx_word' id='word_1_362' title='bbox 1174 2545 1414 2583; x_wconf 82' lang='lat' dir='ltr'>transpositione</span> <span class='ocrx_word' id='word_1_363' title='bbox 1431 2545 1476 2574; x_wconf 85' lang='lat' dir='ltr'>sic</span> <span class='ocrx_word' id='word_1_364' title='bbox 1493 2546 1638 2585; x_wconf 79' lang='lat' dir='ltr'>refingit:</span> 
     </span>
     <span class='ocr_line' id='line_1_43' title="bbox 199 2587 1641 2628; baseline -0.003 -9"><span class='ocrx_word' id='word_1_365' title='bbox 199 2599 266 2619; x_wconf 86' lang='lat' dir='ltr'>esse</span> <span class='ocrx_word' id='word_1_366' title='bbox 291 2589 501 2628; x_wconf 77' lang='lat' dir='ltr'>interpretatio</span> <span class='ocrx_word' id='word_1_367' title='bbox 525 2589 750 2618; x_wconf 83' lang='lat' dir='ltr'>antecedentis.</span> <span class='ocrx_word' id='word_1_368' title='bbox 782 2597 841 2617; x_wconf 85' lang='lat' dir='ltr'>nec</span> <span class='ocrx_word' id='word_1_369' title='bbox 866 2598 897 2617; x_wconf 91' lang='grc' dir='ltr'>θ-</span> <span class='ocrx_word' id='word_1_370' title='bbox 941 2587 1047 2624; x_wconf 84' lang='lat' dir='ltr'>altera,</span> <span class='ocrx_word' id='word_1_371' title='bbox 1064 2598 1130 2628; x_wconf 80' lang='lat' dir='ltr'>quae</span> <span class='ocrx_word' id='word_1_372' title='bbox 1153 2594 1193 2616; x_wconf 79' lang='lat' dir='ltr'>est</span> <span class='ocrx_word' id='word_1_373' title='bbox 1216 2587 1403 2616; x_wconf 80' lang='lat' dir='ltr'>immoderata</span> <span class='ocrx_word' id='word_1_374' title='bbox 1419 2588 1557 2626; x_wconf 76' lang='lat' dir='ltr'>appetitio</span> <span class='ocrx_word' id='word_1_375' title='bbox 1579 2588 1641 2627; x_wconf 82' lang='lat' dir='ltr'>opi-</span> 
     </span>
     <span class='ocr_line' id='line_1_44' title="bbox 200 2630 1638 2671; baseline -0.001 -9"><span class='ocrx_word' id='word_1_376' title='bbox 200 2633 269 2663; x_wconf 88' lang='lat' dir='ltr'>nim</span> <span class='ocrx_word' id='word_1_377' title='bbox 285 2632 325 2662; x_wconf 88' lang='lat' dir='ltr'>ab</span> <span class='ocrx_word' id='word_1_378' title='bbox 341 2642 377 2661; x_wconf 84' lang='lat' dir='ltr'>eo</span> <span class='ocrx_word' id='word_1_379' title='bbox 393 2642 486 2662; x_wconf 77' lang='lat' dir='ltr'>sensu</span> <span class='ocrx_word' id='word_1_380' title='bbox 502 2632 676 2671; x_wconf 85' lang='lat' dir='ltr'>quiequam</span> <span class='ocrx_word' id='word_1_381' title='bbox 693 2631 806 2661; x_wconf 81' lang='lat' dir='ltr'>differt.</span> <span class='ocrx_word' id='word_1_382' title='bbox 940 2630 1004 2659; x_wconf 83' lang='lat' dir='ltr'>nati</span> <span class='ocrx_word' id='word_1_383' title='bbox 1019 2631 1118 2669; x_wconf 83' lang='lat' dir='ltr'>magni</span> <span class='ocrx_word' id='word_1_384' title='bbox 1135 2630 1209 2666; x_wconf 84' lang='lat' dir='ltr'>boni,</span> <span class='ocrx_word' id='word_1_385' title='bbox 1227 2630 1333 2659; x_wconf 82' lang='lat' dir='ltr'>rationi</span> <span class='ocrx_word' id='word_1_386' title='bbox 1356 2641 1408 2659; x_wconf 74' lang='lat' dir='ltr'>non</span> <span class='ocrx_word' id='word_1_387' title='bbox 1430 2630 1638 2669; x_wconf 77' lang='lat' dir='ltr'>obtemperans,</span> 
     </span>
    </p>

    <p class='ocr_par' dir='ltr' id='par_1_5' title="bbox 195 2672 1640 2844">
     <span class='ocr_line' id='line_1_45' title="bbox 242 2672 1594 2714; baseline -0.001 -9"><span class='ocrx_word' id='word_1_388' title='bbox 242 2682 282 2705; x_wconf 82' lang='lat'>44</span> <span class='ocrx_word' id='word_1_389' title='bbox 305 2674 424 2714; x_wconf 79' lang='lat' dir='ltr'>citetur]</span> <span class='ocrx_word' id='word_1_390' title='bbox 450 2674 596 2704; x_wconf 81' lang='lat' dir='ltr'>Davisius</span> <span class='ocrx_word' id='word_1_391' title='bbox 618 2684 634 2704; x_wconf 90' lang='lat' dir='ltr'>e</span> <span class='ocrx_word' id='word_1_392' title='bbox 655 2674 836 2712; x_wconf 81' lang='lat' dir='ltr'>conjectura</span> <span class='ocrx_word' id='word_1_393' title='bbox 863 2674 895 2703; x_wconf 90' lang='lat' dir='ltr'>in</span> <span class='ocrx_word' id='word_1_394' title='bbox 938 2673 992 2704; x_wconf 80' lang='lat' dir='ltr'>vel</span> <span class='ocrx_word' id='word_1_395' title='bbox 1004 2673 1146 2712; x_wconf 80' lang='lat' dir='ltr'>cupiditas</span> <span class='ocrx_word' id='word_1_396' title='bbox 1164 2680 1238 2703; x_wconf 80' lang='lat' dir='ltr'>recte</span> <span class='ocrx_word' id='word_1_397' title='bbox 1253 2672 1305 2702; x_wconf 80' lang='lat' dir='ltr'>vel</span> <span class='ocrx_word' id='word_1_398' title='bbox 1318 2672 1406 2702; x_wconf 83' lang='lat' dir='ltr'>libido</span> <span class='ocrx_word' id='word_1_399' title='bbox 1421 2673 1480 2702; x_wconf 82' lang='lat' dir='ltr'>dici</span> <span class='ocrx_word' id='word_1_400' title='bbox 1489 2680 1594 2712; x_wconf 86' lang='lat' dir='ltr'>potest.</span> 
     </span>
     <span class='ocr_line' id='line_1_46' title="bbox 196 2715 1640 2756; baseline -0.001 -8"><span class='ocrx_word' id='word_1_401' title='bbox 196 2720 246 2750; x_wconf 87' lang='lat' dir='ltr'>ed.</span> <span class='ocrx_word' id='word_1_402' title='bbox 270 2725 300 2748; x_wconf 77' lang='lat'>2.</span> <span class='ocrx_word' id='word_1_403' title='bbox 330 2719 415 2748; x_wconf 84' lang='lat' dir='ltr'>dedit</span> <span class='ocrx_word' id='word_1_404' title='bbox 441 2717 593 2746; x_wconf 78' lang='lat' dir='ltr'>excitetur.</span> <span class='ocrx_word' id='word_1_405' title='bbox 621 2724 688 2756; x_wconf 71' lang='lat' dir='ltr'>ego·</span> <span class='ocrx_word' id='word_1_406' title='bbox 704 2717 893 2747; x_wconf 86' lang='lat' dir='ltr'>correxerim</span> <span class='ocrx_word' id='word_1_407' title='bbox 981 2721 1021 2746; x_wconf 83' lang='lat'>46</span> <span class='ocrx_word' id='word_1_408' title='bbox 1045 2716 1075 2744; x_wconf 83' lang='lat' dir='ltr'>in</span> <span class='ocrx_word' id='word_1_409' title='bbox 1091 2715 1353 2755; x_wconf 74' lang='lat' dir='ltr'>vita—immittit]</span> <span class='ocrx_word' id='word_1_410' title='bbox 1378 2715 1409 2745; x_wconf 87' lang='lat' dir='ltr'>in</span> <span class='ocrx_word' id='word_1_411' title='bbox 1431 2715 1528 2745; x_wconf 79' lang='lat' dir='ltr'>vitam</span> <span class='ocrx_word' id='word_1_412' title='bbox 1545 2717 1640 2746; x_wconf 79' lang='lat' dir='ltr'>corri-</span> 
     </span>
     <span class='ocr_line' id='line_1_47' title="bbox 195 2759 1639 2799; baseline -0.001 -9"><span class='ocrx_word' id='word_1_413' title='bbox 195 2763 318 2797; x_wconf 75' lang='lat' dir='ltr'>cieatur,</span> <span class='ocrx_word' id='word_1_414' title='bbox 345 2762 369 2791; x_wconf 92' lang='lat' dir='ltr'>si</span> <span class='ocrx_word' id='word_1_415' title='bbox 397 2767 505 2791; x_wconf 87' lang='lat' dir='ltr'>tamen</span> <span class='ocrx_word' id='word_1_416' title='bbox 531 2760 636 2789; x_wconf 78' lang='lat' dir='ltr'>citetur</span> <span class='ocrx_word' id='word_1_417' title='bbox 660 2769 723 2789; x_wconf 91' lang='lat' dir='ltr'>non</span> <span class='ocrx_word' id='word_1_418' title='bbox 750 2759 892 2799; x_wconf 85' lang='lat' dir='ltr'>placeat:</span> <span class='ocrx_word' id='word_1_419' title='bbox 939 2760 983 2799; x_wconf 84' lang='lat' dir='ltr'>git</span> <span class='ocrx_word' id='word_1_420' title='bbox 997 2759 1157 2789; x_wconf 80' lang='lat' dir='ltr'>Davisius.</span> <span class='ocrx_word' id='word_1_421' title='bbox 1203 2759 1360 2799; x_wconf 75' lang='lat' dir='ltr'>Buherius</span> <span class='ocrx_word' id='word_1_422' title='bbox 1375 2759 1514 2790; x_wconf 84' lang='lat' dir='ltr'>defendit</span> <span class='ocrx_word' id='word_1_423' title='bbox 1528 2759 1639 2799; x_wconf 84' lang='lat' dir='ltr'>vulga-</span> 
     </span>
     <span class='ocr_line' id='line_1_48' title="bbox 195 2803 1322 2844; baseline -0.002 -10"><span class='ocrx_word' id='word_1_424' title='bbox 195 2805 289 2844; x_wconf 88' lang='lat' dir='ltr'>idque</span> <span class='ocrx_word' id='word_1_425' title='bbox 317 2810 362 2834; x_wconf 86' lang='lat' dir='ltr'>est</span> <span class='ocrx_word' id='word_1_426' title='bbox 386 2804 522 2835; x_wconf 88' lang='lat' dir='ltr'>verbum</span> <span class='ocrx_word' id='word_1_427' title='bbox 547 2803 692 2834; x_wconf 84' lang='lat' dir='ltr'>Ciceroni</span> <span class='ocrx_word' id='word_1_428' title='bbox 720 2803 752 2834; x_wconf 92' lang='lat' dir='ltr'>in</span> <span class='ocrx_word' id='word_1_429' title='bbox 779 2803 839 2833; x_wconf 85' lang='lat' dir='ltr'>hac</span> <span class='ocrx_word' id='word_1_430' title='bbox 863 2812 894 2835; x_wconf 85' lang='lat' dir='ltr'>re</span> <span class='ocrx_word' id='word_1_431' title='bbox 939 2808 1032 2834; x_wconf 87' lang='lat' dir='ltr'>tum:</span> <span class='ocrx_word' id='word_1_432' title='bbox 1057 2812 1121 2834; x_wconf 89' lang='lat' dir='ltr'>non</span> <span class='ocrx_word' id='word_1_433' title='bbox 1138 2812 1214 2833; x_wconf 80' lang='lat' dir='ltr'>sane</span> <span class='ocrx_word' id='word_1_434' title='bbox 1230 2803 1322 2833; x_wconf 85' lang='lat' dir='ltr'>bene.</span> 
     </span>
    </p>
   </div>
   <div class='ocr_carea' id='block_1_4' title="bbox 194 2848 350 2879">
    <p class='ocr_par' dir='ltr' id='par_1_6' title="bbox 194 2848 350 2879">
     <span class='ocr_line' id='line_1_49' title="bbox 194 2848 350 2879; baseline 0 -1"><span class='ocrx_word' id='word_1_435' title='bbox 194 2848 350 2879; x_wconf 80' lang='lat' dir='ltr'>usitatius.</span> 
     </span>
    </p>
   </div>
  </div>
 </body>
</html>
