1778 3095
214 118 291 155 266
556 118 811 156 TUSCUL.
843 116 1289 158 QUAESTIONUM

212 223 361 275 oculis,
390 223 537 266 odiosa
566 225 762 276 eaecitas3
792 226 947 277 liberis,
986 226 1157 268 orbitas.
1192 227 1300 268 valet
1332 226 1413 267 hoc
1443 227 1484 267 in
1513 227 1639 269 vivis:

214 289 479 322 mortuorum
511 292 651 323 autem
683 297 767 323 non
798 283 928 325 modo
963 285 1056 325 vitae
1091 284 1341 333 commodis,
1375 282 1447 324 sed
1479 297 1530 323 ne
1560 283 1642 325 vita

215 337 385 393 quidem
418 339 508 393 ipsa
540 339 763 403 quisquam
791 350 916 381 caret.
951 340 1002 381 de
1036 341 1211 381 mortuis
1241 341 1407 396 loquor,
1437 339 1509 395 qui
1539 339 1642 381 nulli

215 403 326 434 sunt.
365 409 456 444 nOS‚
489 396 572 459 qui·
596 410 756 446 sumUS,
795 412 896 437 num
937 406 1008 438 aut
1047 404 1087 429 f0
1100 398 1297 438 cornibus
1333 410 1538 460 carenmS,
1569 405 1643 436 aut

214 451 360 506 pennis
379 452 392 490 ?
416 452 483 501 sit,
505 452 575 507 qui
590 451 631 492 id
649 452 824 492 dixerit:
843 464 956 493 certe
977 468 1115 494 nemo.
1136 453 1234 509 quid
1254 454 1341 494 ita?
1366 452 1464 509 quia
1483 467 1580 493 cum
1602 452 1644 493 id

215 522 301 547 non
322 507 490 558 habeas,
512 508 627 572 quod
657 508 735 548 tibi
770 523 846 549 nee
879 524 973 559 usu,
1011 524 1086 550 nec
1118 519 1265 550 natura
1295 509 1348 550 sit
1377 518 1539 564 aptum,
1560 523 1643 549 non

155 565 204 598 88
217 578 372 614 careas,
393 564 517 605 etiam
550 580 583 605 si
613 565 781 615 sentias,
816 574 858 605 te
891 580 974 605 non
1007 565 1174 606 habere.
1235 568 1332 607 Hoc
1366 564 1640 621 premendum

216 620 342 660 etiam
365 628 490 675 atque
509 621 635 661 etiam
657 630 720 661 est
741 631 1055 675 argumentum,
1085 623 1330 663 confirmato
1362 623 1449 673 illo,
1472 621 1524 662 de
1543 635 1644 677 quo,

216 676 251 717 si
270 677 468 717 mortales
488 677 616 717 animi
648 686 758 727 sunt,
789 677 981 717 dubitare
1012 692 1095 718 non
1125 693 1364 733 possumus,
1385 679 1485 742 quin
1504 687 1646 720 tantus

216 732 407 774 interitus
427 733 468 773 in
487 742 621 773 moite
641 733 707 782 sit,
736 744 784 773 ut
814 748 865 773 ne
896 734 1070 774 minima
1100 734 1270 789 quidem
1301 735 1482 790 suspicio
1503 749 1649 775 sensus

216 789 420 844 relinqua
409 804 486 829 ur.
508 789 589 829 hoc
610 789 738 843 igitur
758 790 889 844 probe
911 790 1110 840 stabilito,
1133 799 1175 830 et
1193 791 1289 841 fixo,
1312 791 1416 831 illud
1436 791 1650 832 excutien-

217 845 319 885 dum
340 854 416 895 est,
446 855 492 885 ut
521 845 688 896 sciatur,
720 846 821 901 quid
853 846 906 886 sit
941 861 1093 898 carere,
1128 861 1177 887 ne
1212 847 1472 903 relinquatur
1491 846 1649 903 aliquid

216 901 366 942 erroris
406 903 446 942 in
486 902 627 942 verbo.
688 901 842 943 Carere
883 903 1011 958 igitur
1044 903 1125 944 hoc
1161 903 1382 959 significat,
1423 917 1546 958 egere
1582 918 1649 953 eo,

218 957 334 1013 quod
355 957 509 998 habere
528 957 640 998 velis.
670 959 777 1000 inest
805 960 916 1000 enim
943 959 1083 1000 xelle
1074 975 1114 1000 m
1145 960 1339 1024 carendo,
1357 960 1434 1000 nisi
1456 974 1552 1003 cum
1575 960 1650 1010 sic,

162 1068 167 1072 Π
218 1023 436 1078 tamquam
457 1016 498 1055 in
519 1015 640 1065 febri,
661 1015 827 1079 dicitur,
848 1017 928 1057 alia
946 1016 1126 1072 quadam
1151 1017 1324 1057 notione
1350 1017 1476 1057 verbi.
1498 1016 1652 1057 dlcitur

219 1070 331 1111 enim
351 1071 433 1112 alio
463 1071 593 1112 modo
625 1072 751 1112 etiam
784 1087 938 1123 carere,
975 1087 1071 1113 cum
1109 1073 1265 1128 aliquid
1302 1088 1386 1113 non
1418 1073 1588 1124 habeas,
1607 1080 1650 1112 et

220 1142 304 1168 non
335 1128 490 1168 habere
520 1137 559 1168 te
591 1129 760 1178 sentias,
792 1129 918 1169 etiam
953 1129 985 1169 si
1022 1129 1063 1169 id
1101 1129 1221 1170 facile
1254 1130 1425 1184 patiare.
1458 1136 1493 1160 61
1511 1142 1650 1169 carere

219 1184 332 1224 enim
352 1184 393 1224 in
413 1184 527 1225 malo
550 1199 631 1224 non
654 1184 820 1226 dicitur.
852 1199 928 1226 nec
953 1185 1065 1225 enim
1095 1193 1204 1226 esset
1229 1185 1474 1226 dolendum.
1497 1185 1651 1226 dicitur

218 1240 338 1290 illud,
366 1241 480 1281 bono
505 1255 659 1291 carere,
694 1241 808 1296 quod
840 1250 903 1281 est
936 1241 1110 1282 malum.
1143 1241 1215 1283 sed
1250 1256 1300 1282 ne
1332 1242 1444 1281 rivus
1478 1241 1650 1297 quidem

219 1297 334 1337 bono
356 1306 484 1347 caret,
506 1297 540 1336 si
567 1311 617 1336 eo
649 1312 734 1337 non
767 1297 959 1353 indiget:
993 1297 1066 1337 sed
1101 1297 1142 1338 in
1177 1298 1267 1338 vivo
1301 1297 1479 1353 intelligi
1513 1306 1652 1338 tamen

175 1360 208 1392 b.
219 1361 375 1408 potest,
404 1367 537 1408 regno
567 1367 736 1394 carere:
767 1353 849 1395 dici
879 1364 1021 1395 autem
1053 1354 1173 1394 hoc
1165 1370 1207 1394 in
1243 1363 1283 1395 te
1314 1355 1413 1395 satis
1445 1353 1653 1395 subtiliter

220 1424 305 1450 non
326 1418 492 1464 potest:
522 1415 560 1440 ⁶2
573 1411 782 1465 potuisset
806 1410 847 1450 in
875 1411 1119 1466 Tarquinio,
1149 1425 1244 1452 cum
1273 1425 1407 1466 regno
1438 1420 1549 1452 esset
1579 1424 1652 1451 ex-

218 1465 385 1520 pulsus.
403 1476 445 1507 at
464 1467 505 1507 in
526 1476 696 1507 mortuo
718 1481 770 1507 ne
790 1467 970 1522 intelligi
988 1467 1157 1522 quidem
1186 1476 1341 1522 potest.
1364 1482 1504 1508 carere
1524 1467 1652 1517 enim,

221 1522 440 1564 sentientis
477 1532 565 1563 est:
612 1538 689 1564 nec
730 1536 874 1564 sensus
904 1524 944 1564 in
983 1533 1182 1564 mortuo.
1228 1538 1278 1564 ne
1312 1538 1453 1564 carere
1484 1523 1653 1588 quidem

157 1582 206 1622 89
220 1588 350 1634 igitur
380 1579 422 1620 in
459 1589 628 1620 mortuo
663 1589 740 1620 est.
800 1581 1072 1636 Quamquam
1109 1580 1208 1635 quid
1245 1595 1352 1635 opus
1387 1589 1450 1621 est
1490 1581 1531 1620 in
1571 1579 1654 1620 hoc

219 1635 523 1691 philosophari,
557 1651 653 1676 cum
691 1651 779 1677 rem
815 1651 897 1677 non
935 1651 1190 1692 magnopere
1224 1636 1493 1700 philosophia
1528 1650 1654 1700 egere

220 1691 464 1732 videamus?
499 1693 677 1734 Ouoties
705 1707 788 1733 non
818 1693 948 1734 modo
980 1693 1173 1734 ductores
1205 1693 1349 1743 nostri,
1382 1693 1455 1734 sed
1476 1692 1656 1734 universi

219 1749 345 1789 etiam
380 1749 584 1790 exercitus
621 1756 658 1780 63
673 1749 726 1789 ad
761 1764 844 1790 non
886 1750 1058 1790 dubiam
1096 1759 1274 1790 mortem
1317 1750 1653 1790 concurrerunt?

220 1819 314 1860 quae
334 1805 505 1861 quidem
527 1806 561 1845 si
581 1805 812 1856 timeretur,
834 1821 918 1846 non
941 1808 989 1846 L.
1011 1807 1183 1855 Brutus,
1215 1821 1358 1846 arcens
1388 1821 1485 1846 eum
1516 1804 1656 1846 reditu

219 1871 461 1917 tyrannum,
482 1876 609 1926 quem
628 1862 715 1917 ipse
746 1863 974 1917 expulerat,
1005 1863 1046 1902 in
1078 1862 1228 1917 proelio
1259 1861 1536 1903 concidisset:
1569 1876 1654 1903 non

220 1932 319 1959 cum
358 1918 518 1959 Latinis
553 1918 770 1959 decertans
800 1931 919 1973 pater
952 1919 1126 1968 Decius,
1164 1933 1259 1960 cum
1303 1918 1491 1960 Etruscis
1530 1918 1654 1969 filius,

220 1989 318 2014 cum
351 1975 511 2031 Pyrrho
541 1989 688 2030 nepos,
725 1989 768 2015 se
802 1975 989 2016 hostium
1021 1976 1113 2016 telis
1143 1975 1422 2031 objecissent:
1454 1990 1539 2016 non
1569 1989 1656 2016 uno

219 2030 334 2071 bello
354 2046 430 2085 pro
450 2031 584 2085 patria
612 2031 809 2072 cadentes
840 2032 1058 2087 Scipiones
1087 2032 1294 2087 Hispania
1322 2031 1506 2082 vidisset,
1529 2031 1654 2072 Paul-

220 2087 310 2128 lum
328 2096 369 2127 et
392 2087 621 2128 Geminum
656 2088 829 2139 Cannae,
860 2090 1049 2130 Venusia
1079 2089 1349 2140 Marcellum,
1368 2089 1507 2129 Latini
1528 2087 1652 2131 Albi-

222 2158 338 2194 num,
369 2144 530 2184 Lucani
562 2145 819 2185 Gracchum.
878 2145 998 2186 Num
1031 2145 1123 2201 quis
1154 2145 1303 2185 horum
1336 2145 1462 2186 miser
1491 2144 1648 2187 hodie.
1639 2145 1652 2172 ²

220 2214 273 2240 ne
303 2209 395 2241 tum
427 2200 599 2256 quidem
629 2212 727 2257 post
757 2202 951 2257 spiritum
981 2212 1245 2243 extremum:
1279 2216 1354 2242 nec
1377 2201 1487 2242 enim
1517 2208 1658 2255 potest

221 2271 313 2297 esse
333 2257 459 2297 miser
482 2272 703 2312 qulsquam
725 2273 849 2299 sensu
870 2268 1074 2314 peremto.
1133 2258 1194 2298 At
1221 2257 1265 2298 id
1295 2258 1434 2313 ipsum
1454 2257 1651 2298 odiosum

159 2325 212 2367 90
223 2323 299 2364 est,
322 2313 410 2354 sine
429 2328 554 2355 sensu
573 2328 678 2355 esse.
739 2315 963 2365 Odiosum,
991 2315 1024 2356 si
1056 2315 1097 2357 id
1128 2323 1237 2355 esset
1261 2328 1416 2355 carere.
1437 2328 1535 2355 cum
1557 2328 1654 2354 vero

265 2466 306 2491 60
337 2460 360 2489 si
399 2460 525 2489 corm'bus
563 2459 703 2498 caremus]
745 2459 856 2489 Delevi
896 2460 920 2488 si
1007 2464 1044 2489 63
1069 2459 1109 2487 ad
1122 2470 1150 2487 n.
1167 2459 1194 2488 d.
1213 2470 1250 2490 m.
1267 2456 1482 2498 concurrerunt]
1506 2459 1580 2489 Non
1605 2468 1658 2489 me

222 2503 403 2533 auctoribus
427 2503 495 2532 edd.
522 2509 594 2532 vett.
619 2510 687 2541 post
710 2510 782 2531 ante
806 2503 843 2531 sit
868 2504 919 2532 ad·
963 2503 1095 2532 offendit
1121 2509 1333 2538 concurri-runt,
1360 2503 1443 2541 quod
1467 2502 1581 2532 dicitur
1603 2512 1658 2542 pro

223 2548 355 2576 diderim
372 2552 434 2573 aut.
963 2546 1076 2584 cupide
1092 2554 1225 2574 currere.
1241 2555 1271 2574 v.
1289 2545 1376 2575 Clav.
1398 2546 1450 2574 sed
1469 2552 1574 2575 tamen
1592 2555 1656 2575 non

266 2594 303 2618 61
331 2599 426 2617 carere
450 2587 523 2616 enim
551 2587 582 2616 in
605 2587 678 2616 malo
703 2599 730 2617 n.
758 2587 801 2626 d.]
831 2588 918 2617 Edidi
963 2589 1138 2627 spernenda
1153 2594 1199 2616 est
1220 2594 1265 2617 tot
1287 2589 1356 2617 edd.
1380 2595 1445 2618 vett
1477 2588 1658 2625 auctoritas,

223 2641 263 2661 ex
290 2632 359 2661 edd.
386 2638 460 2660 vett.
488 2629 562 2658 mals
592 2640 646 2670 pro
670 2636 780 2667 morte;
804 2640 918 2668 quam-
963 2641 1035 2669 quae
1070 2637 1256 2659 cucurrerunt
1294 2631 1422 2660 habent.
1481 2630 1657 2669 Vulgatum

224 2684 324 2713 quarn
354 2683 419 2704 non
451 2673 592 2704 multum
629 2673 730 2703 refert.
762 2674 813 2702 sed
846 2674 918 2702 enim
962 2674 1082 2712 primus
1114 2673 1271 2703 Victorius
1306 2674 1402 2709 dedit,
1441 2674 1587 2703 consulto
1617 2683 1658 2703 an

224 2718 368 2756 ineptum
386 2723 440 2746 est.
487 2717 630 2755 Legerim
650 2723 754 2746 tamen.
961 2726 1128 2755 operarum
1146 2725 1258 2751 errore,
1277 2717 1403 2746 nescio:
1421 2726 1519 2755 quem
1530 2723 1659 2747 secutus

267 2764 306 2790 52
326 2766 418 2798 posset
456 2759 485 2787 in
520 2757 692 2801 Tarquinio]
732 2759 916 2797 Legendum
960 2766 1005 2789 est
1018 2759 1098 2788 Rob.
1115 2759 1223 2797 steph.
1240 2766 1270 2789 et
1282 2760 1356 2789 hinc
1373 2760 1434 2790 alii.
1481 2761 1534 2790 Est
1550 2766 1657 2789 tamen

224 2804 291 2833 sine
314 2803 411 2832 dubio
428 2801 588 2841 potuisset:
613 2802 743 2832 refertur
766 2802 853 2831 enim
872 2808 917 2831 to·
961 2809 990 2832 et
1007 2803 1038 2832 in
1057 2802 1118 2832 Ms.
1136 2801 1244 2831 Guelf.

224 2854 295 2876 tum
312 2847 350 2876 ad
366 2845 570 2885 praeteritum.
