1778 3095
542 88 731 127 LIBER
757 86 1084 126 SECUNDUS
1472 91 1546 126 281

123 202 267 257 inceps
287 215 375 251 eos,
396 198 467 255 qui
487 197 540 239 ab
560 196 625 238 his
642 194 823 252 profecti
842 202 952 246 sunt,
972 194 1123 249 legunt
1149 207 1311 244 omneS,
1332 195 1458 238 etiam
1479 197 1553 254 qui

125 258 195 300 illa
215 266 289 299 aut
309 271 393 298 non
414 254 663 310 approbant,
683 260 756 293 aut
785 266 870 292 non
900 250 1206 292 studiosissime
1227 261 1523 295 consectantur
1540 271 1550 296 ε

124 315 354 371 Epicurum
376 319 530 361 autem,
549 318 592 350 et
613 308 909 350 Metrodorum
934 322 1018 348 non
1037 307 1123 348 fere
1144 315 1296 362 praeter
1316 321 1415 349 suos
1437 310 1551 364 quis-

125 386 253 426 quam
272 371 314 411 in
334 381 480 409 manus
511 366 668 407 sumit?
702 365 760 406 sic
789 364 867 405 hos
895 364 1068 405 Latinos
1093 371 1128 396 13
1145 364 1173 404 ii
1195 363 1274 404 soli
1302 363 1460 419 legant,
1480 367 1551 420 qui

125 427 196 468 illa
215 435 325 467 recte
344 423 426 464 dici
452 430 617 478 putant.
647 421 769 463 nobis
799 430 942 462 autem
975 420 1150 471 videtur,
1171 420 1376 475 quidquid
1403 421 1552 463 litteris

126 483 359 531 mandetur,
394 479 437 520 id
473 488 510 511 14
525 477 812 520 commendari
851 477 1041 518 omnium
1079 477 1343 518 eruditorum
1381 477 1553 519 lectioni

125 541 284 581 decere.
315 550 404 585 nec,
425 535 460 576 si
478 535 556 591 ipsi
586 535 725 576 minus
753 533 953 590 consequi
981 548 1221 589 possumus,
1241 533 1393 574 iccirco
1413 534 1552 575 minus

124 596 168 636 id
198 595 255 635 ita
287 592 523 633 faciendum
553 607 643 633 esse
673 591 890 632 sentimus.
950 591 1098 646 Itaque
1126 589 1229 631 mihi
1252 604 1416 645 semper
1440 591 1588 638 Peri-9

123 650 399 707 pateticorum
421 649 749 704 Academiaeque
771 647 1048 698 consuetudo,
1069 646 1122 688 de
1143 646 1339 688 omnibus
1365 647 1488 688 rebus
1510 648 1553 688 in

122 706 348 748 contrarias
368 715 506 761 partes
526 705 770 755 disserendi,
790 719 874 745 non
904 705 961 744 ob
990 718 1083 744 eam
1111 718 1281 745 causam
1303 703 1439 744 solum
1462 704 1554 759 pla-

120 763 222 813 cuit,
245 762 360 818 quod
377 762 498 803 aliter
526 777 610 803 non
637 771 793 817 posset,
816 760 916 815 quid
936 762 977 801 in
998 774 1251 816 unaquaque
1271 774 1315 801 re
1335 760 1555 802 verisimile

121 829 244 870 esset,
264 819 461 861 inveniri:
493 818 566 859 sed
586 819 713 860 etiam
735 817 850 874 quod
871 827 980 857 esset
1010 832 1059 858 ea
1089 818 1273 858 maxima
1294 816 1459 858 dicendi
1480 832 1554 858 ex-

121 875 312 917 ercitatio
329 891 341 926 3
373 890 457 932 qua
484 875 677 931 princeps
698 889 798 916 usus
819 882 881 914 est
902 873 1169 924 Aristoteles,
1191 873 1342 914 deinde
1363 888 1461 915 eum
1483 874 1554 930 qui

121 933 254 974 secuti
274 941 386 973 sunt.
408 941 549 973 nostra
569 941 710 972 autern
731 930 936 971 memoria
958 930 1092 981 Philo,
1115 944 1239 985 quem
1263 944 1338 971 nos
1358 930 1553 986 frequen-

122 997 186 1030 ter
215 989 463 1040 audivimus,
483 988 662 1029 instituit
681 988 763 1029 alio
791 996 983 1042 tempore
1003 987 1221 1027 rhetorum
1239 996 1450 1042 praecepta
1469 996 1554 1028 tra-

122 1046 233 1096 dere,
254 1045 336 1086 alio
355 1045 723 1101 philosophorum,
744 1044 796 1085 ad
827 1058 953 1100 quam
976 1058 1053 1084 nos
1073 1043 1423 1084 consuetudinem
1446 1059 1469 1084 a
1490 1045 1552 1085 fa-

122 1103 354 1144 miliaribus
390 1102 542 1143 nostris
577 1101 764 1152 adducti,
800 1101 840 1141 in
874 1101 1130 1150 Tusculano,
1164 1099 1279 1156 quod
1310 1100 1457 1141 datum
1492 1109 1556 1141 est

123 1159 324 1214 temporis
353 1159 489 1210 nobis,
510 1160 552 1200 in
582 1173 633 1199 eo
666 1158 989 1199 consumsimus.
1020 1157 1162 1212 itaque
1192 1172 1286 1197 curn
1310 1165 1406 1197 ante
1427 1158 1554 1198 meri-

123 1216 234 1257 diem
270 1215 444 1256 dictioni
477 1230 645 1271 operam
680 1215 954 1264 dedissemus,
985 1213 1095 1254 sicut
1125 1213 1258 1269 pridie
1293 1214 1556 1255 feceramus:

124 1281 223 1328 post
242 1272 459 1312 meridiem
480 1272 521 1312 in
542 1271 821 1312 Academiam
843 1270 1150 1311 descendimus.
1182 1270 1223 1310 in
1255 1284 1338 1326 qua
1367 1270 1556 1326 disputa-

123 1329 284 1369 tionem
306 1328 493 1369 habitam
526 1344 610 1369 non
640 1328 757 1383 quasi
784 1335 997 1368 narrantes
1017 1326 1280 1382 exponimus,
1302 1326 1375 1367 sed
1397 1327 1554 1368 eisdem

122 1385 208 1426 fere
229 1385 377 1434 verbis,
398 1395 447 1426 ut
463 1396 620 1435 actum,
640 1385 985 1440 disputatumque
1007 1393 1084 1424 est.

182 1443 259 1482 Est
279 1441 408 1496 igitur
427 1442 739 1482 ambulantibus
761 1441 812 1481 ad
834 1440 946 1480 hunc
974 1439 1151 1481 modum
1180 1453 1318 1480 sermo
1339 1439 1409 1480 ille
1438 1439 1607 1491 nobis4

123 1498 354 1549 institutus,
375 1507 418 1538 et
441 1507 513 1537 15a
532 1497 606 1538 tali
621 1497 804 1552 quodam
825 1496 1022 1537 inductus
1040 1496 1226 1537 exordio.
1277 1497 1332 1536 A.
1351 1496 1449 1537 Dici
1472 1512 1556 1537 non
1573 1517 1621 1548 10

121 1562 276 1610 potest,
311 1569 435 1609 quam
467 1554 544 1595 sim
576 1554 770 1594 hesterna
801 1553 1086 1608 disputatione
1116 1562 1190 1593 tua
1218 1552 1466 1604 delectatus,
1492 1554 1556 1594 vel
1568 1574 1596 1603 p.
1616 1570 1684 1600 177-

124 1611 266 1666 potius
285 1611 469 1666 adjutus.
500 1611 579 1651 etsi
599 1610 711 1651 enim
742 1609 847 1650 mihi
879 1624 971 1650 sum
1003 1609 1211 1659 conscius,
1233 1624 1465 1665 numquam
1486 1624 1556 1650 me
1568 1617 1595 1640 ²¹·

124 1668 247 1708 nimis
284 1667 486 1722 cupidum
525 1667 653 1708 fuisse
691 1667 813 1716 vitae,
853 1675 994 1706 tamen
1030 1665 1310 1722 objiciebatur
1342 1666 1557 1707 interdum

123 1724 266 1766 animo
296 1732 434 1764 metus
466 1722 650 1779 quidam,
674 1733 716 1764 et
746 1723 881 1774 dolor,
902 1723 1121 1778 cogitanti,
1143 1723 1233 1763 fore
1263 1722 1488 1778 aliquando
1510 1723 1558 1763 fi-

124 1795 219 1821 nem
249 1780 374 1836 hujus
395 1780 516 1832 lucis,
535 1788 579 1821 et
598 1780 867 1821 amissionem
893 1780 1082 1821 omnium
1103 1780 1196 1820 vitae
1217 1779 1557 1820 commodorum.

125 1837 208 1878 hoc
228 1851 381 1892 genere
400 1837 605 1878 molestiae
636 1837 710 1887 sic,
730 1836 835 1877 mihi
855 1836 993 1886 crede,
1025 1851 1117 1877 sum
1148 1835 1364 1887 liberatus,
1384 1845 1433 1877 ut
1453 1836 1558 1877 nihil

127 1894 268 1934 minus
296 1893 527 1934 curandum
561 1902 725 1949 putem.
784 1895 850 1934 M.
886 1893 1068 1934 Minime
1101 1892 1256 1933 mirum
1291 1893 1335 1933 id
1371 1892 1557 1949 quidem.
1577 1909 1618 1941 ll

121 1950 241 1991 Nam
261 1949 387 1990 efficit
405 1949 488 1991 hoc
510 1949 804 2005 philosophia:
836 1949 1028 1990 medetur
1054 1950 1218 2000 animis,
1239 1949 1379 1990 inanes
1403 1949 1559 1991 sollici-

125 2006 292 2047 tudines
329 2006 526 2057 detrahit,
562 2006 862 2062 cupiditatibus
900 2006 1065 2057 liberat,
1102 2006 1220 2062 pellit
1256 2006 1444 2047 timores.
1487 2006 1560 2047 sed

126 2062 218 2104 haec
249 2063 339 2118 ejus
367 2063 426 2103 vis
457 2077 540 2103 non
571 2063 684 2103 idem
715 2071 857 2119 potest
886 2062 1000 2118 apud
1026 2077 1203 2104 omnes:
1239 2069 1275 2094 16
1290 2072 1433 2103 tamen
1454 2063 1562 2104 valet

126 2120 325 2168 multum,
344 2134 442 2160 cum
462 2129 527 2161 est
545 2119 741 2160 idoneam
771 2119 991 2174 complexa
1016 2127 1222 2160 naturam.
1282 2121 1428 2161 Fortes
1448 2119 1559 2160 enim

127 2190 212 2217 non
242 2175 373 2217 modo
400 2177 572 2217 fortuna
605 2175 785 2232 adjuvat,
817 2184 865 2217 ut
896 2184 961 2216 est
988 2176 1030 2216 in
1059 2184 1198 2216 vetere
1229 2176 1464 2231 proverbio,
1487 2176 1561 2217 sed

128 2233 265 2274 multo
295 2232 432 2288 magis
459 2233 581 2284 ratio,
611 2248 705 2288 quae
739 2231 990 2289 quibusdam
1012 2232 1131 2288 quasi
1161 2233 1382 2288 praeceptis
1408 2233 1561 2273 confir-

128 2298 217 2330 mat
235 2290 316 2330 vim
339 2289 610 2330 fortitudinis.
640 2298 681 2330 te
715 2298 861 2330 natura
888 2289 1101 2330 excelsum
1121 2288 1331 2344 quendam
1353 2288 1561 2340 videlicet,

128 2354 172 2386 et
203 2346 351 2396 altum,
381 2353 425 2387 et
452 2345 638 2387 humana
667 2345 969 2402 despicientem
1000 2344 1163 2400 genuit.
1194 2345 1336 2401 itaque
1366 2344 1488 2386 facile
1520 2345 1561 2386 in

129 2403 270 2444 animo
301 2403 401 2444 forti
434 2411 582 2444 contra
613 2412 795 2444 mortem
828 2402 974 2444 habita
1003 2401 1157 2443 insedit
1186 2402 1334 2443 oratio.
1366 2401 1440 2442 sed
1471 2401 1562 2443 haec

174 2518 252 2548 131'1'
274 2516 325 2546 soli
349 2515 461 2558 legunt]
487 2527 547 2548 scr.
563 2517 671 2558 legant.
695 2518 741 2548 sic
759 2517 824 2548 Ms.
913 2523 949 2547 15
975 2528 993 2545 a
1023 2515 1079 2545 tali
1108 2528 1138 2558 q.
1169 2515 1299 2546 inductus
1329 2515 1453 2554 exordio]
1488 2516 1561 2546 Non

130 2560 237 2591 Guelf.
867 2560 1002 2589 omnino
1018 2560 1170 2589 damnem
1186 2559 1328 2589 inductus.
1351 2560 1563 2589 diciturenim

175 2611 213 2634 14
232 2601 574 2643 commendari—decere]
601 2603 664 2633 Hic
689 2613 754 2633 non
777 2613 825 2633 se·
868 2603 949 2633 bene
964 2613 1053 2631 sermo
1074 2602 1194 2639 induci;
1218 2603 1272 2632 sed
1294 2603 1347 2632 hic
1371 2609 1479 2632 tamen
1496 2612 1564 2632 ma·

131 2655 210 2684 quor
224 2646 579 2685 Davisium‚1egentem
596 2646 717 2675 debere:
739 2647 826 2685 quod
869 2645 928 2675 lim
954 2645 1065 2675 ductus.
1090 2645 1120 2674 in
1144 2646 1247 2685 potuit
1268 2646 1354 2675 nasci
1380 2655 1398 2675 a
1421 2645 1508 2675 finali
1532 2646 1563 2675 in

133 2690 188 2718 etsi
204 2699 268 2718 non
292 2696 370 2719 esset
387 2690 694 2728 reprehendendum,
711 2690 736 2719 si
752 2689 827 2719 scri·
868 2688 1002 2730 quodam,
1019 2695 1057 2718 ut
1071 2698 1153 2727 saepe
1167 2689 1289 2718 factum
1305 2695 1438 2718 constat.

134 2732 241 2768 psisset
257 2731 367 2761 licere:
389 2738 497 2762 tamen
513 2732 608 2762 decere
623 2733 726 2771 aptius
742 2733 828 2762 vide·
915 2736 952 2761 16
970 2738 1064 2760 tamen
1079 2729 1178 2770 valet]
1197 2731 1248 2761 Sic
1262 2732 1332 2762 edd.
1348 2741 1395 2771 pr.
1411 2740 1475 2761 non
1493 2736 1564 2766 tum,

133 2780 205 2802 tur:
229 2783 338 2805 sensus
362 2782 428 2806 est:
456 2775 636 2812 convenire,
663 2782 828 2806 consenta-
871 2775 957 2813 quod
973 2781 1053 2805 esta
1069 2774 1217 2806 Corrado.

135 2824 234 2847 neum
250 2825 325 2846 esse.
