1778 3095
205 131 286 168 488
589 127 668 167 DE
695 127 961 168 NATURA
989 128 1256 170 DEORUM

161 235 382 290 4possim.
411 235 523 277 Tum
545 234 689 287 Cotta,
710 236 851 293 Quam
872 237 1007 279 simile
1028 237 1140 279 istud
1158 238 1226 289 sit,
1242 238 1391 294 inquit,
1413 244 1461 280 tu
1476 237 1639 283 viderisa

171 294 323 353 9Nam
344 307 427 349 ego
450 307 585 349 neque
605 293 646 334 in
667 294 816 345 causis,
847 295 882 335 si
910 295 1010 350 quid
1040 305 1105 336 est
1134 295 1315 344 effidem,
1345 295 1397 335 de
1427 310 1513 352 quo
1533 297 1642 339 inter

208 364 355 390 omnes
379 350 611 400 conveniat,
633 352 917 406 argumentari
947 352 1092 393 soleo:
1126 352 1399 408 perspicuitas
1429 353 1542 394 enim
1572 367 1641 394 ar-

205 406 527 461 gumentatione
547 407 758 448 elevatur:
790 423 880 457 nec,
903 409 935 448 si
958 409 999 449 id
1020 409 1198 450 facerem
1230 410 1270 449 in
1301 409 1436 450 causis
1462 409 1640 451 forensi-

205 463 302 514 bus,
324 462 435 503 idem
457 463 639 504 facerem
662 464 703 504 in
725 464 803 504 hac
824 465 1056 506 subtilitate
1078 466 1294 506 sermonis.
1356 465 1444 506 Cur
1463 475 1640 508 contue-

206 533 296 561 rere
318 527 457 560 autem
480 520 612 561 altero
631 520 773 570 oculo,
793 535 919 561 causa
937 536 1022 562 non
1043 531 1152 563 esset
1167 539 1179 573 3
1210 538 1308 564 cum
1327 522 1439 563 idem
1463 523 1641 564 obtutus

205 585 316 617 esset
349 577 587 627 amborum,
618 587 661 617 et
691 592 787 618 eum
821 592 961 617 rerum
993 589 1156 628 natura,
1177 595 1302 635 quam
1330 589 1376 620 tu
1405 579 1641 635 sapientem

205 646 296 673 esse
313 633 387 681 vis,
408 632 493 674 duo
523 634 684 674 lumina
717 634 770 673 ab
803 634 944 674 animo
974 634 1027 674 ad
1057 635 1202 675 oculos
1234 638 1444 691 perforata
1464 650 1539 677 nos
1566 635 1642 677 ha—

203 689 304 730 bere
325 690 537 730 voluisset.
597 690 680 730 Sed
702 690 799 744 quia
819 704 902 729 non
924 691 1178 741 confidebas,
1200 700 1285 732 tam
1308 707 1397 733 esse
1418 693 1460 734 id
1477 693 1639 749 perspi-

202 760 347 796 cuum,
373 756 532 801 9quam
562 754 610 786 tu
641 746 792 795 velles;
824 756 1045 801 propterea
1078 748 1222 788 multis
1251 750 1510 803 argumentis
1536 750 1639 790 deos

203 815 295 844 esse
315 803 468 843 docere
498 802 680 843 voluisti.
745 802 853 844 Mihi
883 803 993 844 enim
1024 819 1157 845 unum
1184 805 1283 844 satis
1311 816 1412 857 erat,
1435 807 1492 847 ita
1515 806 1639 847 nobis

203 858 385 913 majores
416 867 582 900 nostros
611 858 844 900 tradidisse.
903 861 986 901 Sed
1014 870 1061 902 tu
1093 861 1363 902 auctoritates
1391 863 1640 913 contemnis,

145 924 193 956 10
204 915 364 957 ratione
381 930 559 971 pugnas.
620 917 764 957 Patere
794 917 936 971 igitur,
958 918 1164 959 rationem
1197 932 1334 958 meam
1365 933 1462 959 cum
1481 927 1554 960 tua
1574 934 1640 960 ra·-

203 971 318 1012 tione
357 972 625 1014 contendere.
685 974 822 1014 Affers
858 973 949 1014 haec
989 975 1131 1015 omnia
1167 984 1431 1029 argumenta,
1467 990 1543 1017 cur
1580 975 1638 1016 dii

202 1028 285 1069 sint
304 1044 313 1069 z
345 1039 533 1085 remque,
551 1044 646 1070 mea
665 1031 870 1072 sententia
889 1031 1064 1072 minime
1093 1031 1280 1082 dubiam,
1302 1031 1639 1087 argumentando

201 1084 377 1127 dubiam
397 1086 512 1127 facis.
544 1086 737 1128 mandavi
758 1088 870 1128 enim
891 1088 1108 1128 memoriae
1129 1103 1212 1128 non
1238 1103 1457 1130 numerum
1480 1089 1636 1139 solum,

200 1141 277 1182 sed
312 1142 438 1183 etiam
474 1142 664 1184 ordinem
703 1155 1054 1199 argumentorum
1088 1154 1276 1186 tuorum.
1320 1147 1501 1200 primum
1540 1146 1637 1195 fuit,

201 1197 316 1239 Cum
337 1199 489 1239 caelum
520 1201 867 1255 suspexissemus,
895 1201 1036 1242 statim
1065 1216 1140 1242 nos
1171 1201 1422 1257 intelligere,
1441 1217 1531 1244 esse
1560 1202 1638 1244 ali-

199 1255 317 1311 quod
335 1270 504 1307 numen,
523 1271 609 1312 quo
631 1258 722 1297 haec
743 1267 957 1312 regantur.
1016 1259 1079 1299 Ex
1100 1258 1181 1298 hoc
1201 1257 1307 1299 illud
1326 1259 1469 1300 etiam.

250 1344 397 1396 Adspice
409 1345 466 1383 hoc
484 1346 625 1384 sublime
644 1347 800 1391 candens,
819 1362 915 1399 quem
935 1348 1095 1385 invocant
1113 1362 1220 1385 omnes
1240 1350 1372 1386 Jovem.

139 1437 183 1470 11
199 1430 333 1486 Quasi
352 1445 449 1472 vero
471 1431 691 1488 quisquam
716 1434 923 1484 nostrum,
944 1432 1072 1474 istum
1103 1433 1257 1488 potius,
1279 1448 1404 1489 quam
1428 1434 1638 1489 Capitoli-

197 1502 317 1537 num,
348 1489 498 1529 Jovem
529 1489 737 1544 appellet:
769 1499 841 1531 aut
871 1489 953 1530 hoc
985 1490 1255 1545 perspicuum
1288 1491 1355 1541 sit,
1385 1501 1636 1548 constetque

195 1544 306 1585 inter
323 1560 484 1595 omnes,
505 1560 578 1586 eos
599 1560 690 1587 esse
711 1546 829 1597 deos,
851 1561 957 1602 quos
976 1546 1053 1587 tibi
1074 1546 1277 1597 Velleius,
1294 1547 1503 1603 multique
1524 1563 1634 1604 prae-

195 1609 324 1651 terea,
361 1616 412 1642 ne
444 1602 678 1643 animantes
709 1603 881 1658 quidem
913 1618 1004 1644 esse
1032 1603 1278 1644 concedant.
1340 1605 1475 1644 Grave
1506 1605 1634 1646 etiam

195 1668 495 1713 argumentum
518 1659 595 1700 tibi
616 1659 846 1709 videbatur,
866 1660 998 1715 Quod
1019 1660 1161 1713 opinio
1194 1660 1245 1699 de
1275 1660 1353 1700 diis
1382 1661 1633 1702 immortali-

83 1729 115 1760 p.
133 1714 277 1756 ambus
308 1724 349 1755 et
377 1715 568 1755 omnium
598 1725 722 1766 esset,
745 1724 787 1756 et
817 1716 1006 1771 quotidie
1037 1725 1256 1756 cresceret.
1318 1717 1458 1757 Placet
1488 1717 1634 1772 igitur,

155 1773 334 1830 {tantas
366 1786 430 1812 res
462 1772 659 1826 opinione
688 1773 917 1813 stultorum
934 1772 1131 1828 judicari,
1153 1772 1269 1812 vobis
1291 1774 1538 1827 praesertim,
1561 1774 1635 1830 qui

150 1827 290 1869 Dillos
311 1829 480 1869 insanos
501 1843 590 1869 esse
612 1829 789 1870 dicatis?
823 1830 884 1869 At
914 1830 1023 1869 enim
1056 1838 1280 1883 praesentes
1308 1829 1493 1872 videmus
1515 1830 1633 1882 deos,

193 1893 243 1926 ut
261 1885 373 1939 apud
405 1885 615 1940 Regillum
650 1887 902 1934 Postumius,
924 1886 966 1925 in
987 1885 1145 1926 Salaria
1171 1886 1375 1926 Vatienus
1396 1905 1405 1928 :
1440 1898 1478 1921 10
1492 1889 1635 1929 nescio

193 1941 297 1997 quid
317 1942 443 1982 etiam
466 1942 519 1982 de
538 1943 774 1983 Locrorum
805 1941 918 1997 apud
938 1943 1115 1997 Sagram
1137 1942 1301 1997 proelio.
1361 1943 1483 1985 Quos
1503 1944 1636 1999 igitur

192 2006 242 2038 tu
263 1998 527 2053 Tyndaridas
549 1999 805 2054 appellabas,
827 1999 869 2039 id
900 2008 978 2048 est,
1006 1998 1200 2039 homines
1231 1999 1403 2041 homine
1434 2009 1568 2052 natos,
1590 2009 1635 2042 et

192 2069 302 2109 quos
336 2056 568 2104 Homerus,
600 2055 671 2110 qui
704 2070 849 2096 recens
881 2056 936 2095 ab
966 2056 1138 2096 illorum
1169 2064 1292 2096 aetate
1323 2057 1416 2106 fuit,
1446 2058 1633 2112 sepultos

192 2125 284 2152 esse
305 2111 409 2152 dicit
428 2112 761 2153 Lacedaemone:
794 2127 867 2153 eos
894 2121 941 2153 tu
968 2112 1193 2153 cantheriis
1222 2113 1343 2164 albis,
1364 2114 1487 2154 nullis
1515 2114 1632 2156 calo-

193 2167 332 2218 nibus,
353 2168 519 2209 obviam
540 2169 722 2209 Vatieno
742 2169 903 2210 venisse
932 2169 1160 2219 existimas,
1178 2177 1221 2210 et
1240 2169 1455 2210 victoriam
1484 2171 1632 2226 populi

195 2224 375 2265 Romani
406 2225 590 2266 Vatieno
621 2226 777 2280 potius,
810 2225 973 2266 homini
1004 2227 1176 2276 rustico,
1209 2241 1334 2282 quam
1367 2227 1432 2267 M.
1461 2226 1631 2276 Catoni,

194 2281 268 2336 qui
298 2290 389 2323 tum
420 2291 510 2323 erat
538 2282 746 2337 princeps,
768 2282 1049 2323 nuntiavisse?
1084 2284 1200 2338 Ergo
1230 2292 1272 2323 et
1303 2283 1406 2323 illud
1435 2283 1477 2323 in
1499 2283 1631 2334 silice,

194 2338 310 2392 quod
331 2338 458 2378 hodie
480 2347 652 2393 apparet
672 2339 785 2393 apud
817 2339 1046 2394 Regillum,
1069 2348 1284 2395 tamquam
1306 2339 1529 2394 vestigium
1551 2355 1630 2380 un-

135 2408 182 2440 12
194 2394 324 2448 gulae,
348 2394 538 2436 Castoris
558 2395 655 2451 equi
676 2395 810 2436 credis
831 2410 923 2436 esse
941 2396 954 2435 ?
985 2397 1143 2436 Nonne
1172 2395 1301 2436 mavis
1321 2395 1424 2436 illud
1445 2395 1631 2448 credere,

193 2450 309 2505 quod
330 2451 499 2505 probari
528 2459 681 2506 potest,
703 2452 866 2492 animos
897 2451 1195 2507 praeclarorum
1225 2451 1461 2503 hominum,
1485 2453 1630 2508 quales

192 2506 263 2547 isti
290 2507 545 2562 Tyndaridae
573 2508 758 2558 fuerunt,
783 2508 944 2548 divinos
972 2522 1076 2558 esse,
1098 2516 1140 2548 et
1171 2516 1364 2557 aeternos,
1384 2523 1510 2564 quam
1541 2524 1629 2561 eos,

193 2562 267 2618 qui
288 2563 418 2604 semel
439 2564 614 2604 cremati
642 2573 796 2614 essent,
816 2564 1017 2618 equitare,
1039 2572 1081 2604 et
1102 2564 1142 2604 in
1163 2564 1252 2604 acie
1282 2578 1471 2620 pugnare
1499 2574 1628 2621 potu-

191 2619 274 2660 isse
292 2621 306 2659 ?
339 2629 412 2660 aut
431 2620 465 2660 si
486 2619 568 2660 hoc
600 2620 687 2660 fieri
713 2619 903 2674 potuisse
923 2619 1041 2670 dicis,
1063 2619 1216 2661 doceas
1239 2630 1422 2676 oportet,
1444 2637 1626 2678 quomo-

135 2682 178 2714 13
195 2675 266 2726 do,
288 2690 364 2716 nec
383 2675 557 2716 fabellas
588 2676 717 2716 aniles
741 2676 944 2731 proferas.
1001 2677 1112 2717 Tum
1133 2677 1336 2729 Lucilius,
1357 2678 1428 2719 An
1449 2679 1540 2730 tibi,
1561 2679 1626 2720 in-

237 2784 256 2808 9
269 2786 355 2817 quam
371 2782 403 2805 tu
418 2775 525 2817 velles]
550 2778 602 2808 Sic
625 2778 694 2809 dedi
709 2788 764 2819 pro
779 2778 890 2819 vulga·
977 2787 1015 2811 10
1031 2779 1120 2809 nescio
1142 2779 1215 2821 quid
1235 2779 1322 2809 etiam
1346 2779 1381 2809 de
1396 2780 1433 2810 L.
1448 2792 1478 2810 a.
1495 2780 1528 2810 S.
1545 2786 1631 2820 proe-

193 2825 225 2849 to
247 2818 335 2855 velis,
351 2821 437 2858 quod
460 2822 610 2852 vitiosum
633 2832 712 2861 esse,
728 2831 889 2863 gramma-
931 2821 985 2863 lio]
1014 2823 1103 2852 nescio
1129 2823 1202 2864 quid
1224 2823 1338 2853 dicitur
1363 2825 1395 2853 in
1421 2829 1624 2856 contemtum

192 2863 254 2893 tica
269 2863 345 2894 ratio
360 2863 463 2894 docet.
931 2867 986 2899 rei.
1002 2866 1246 2908 intelligendum
1261 2872 1371 2898 autem
1385 2865 1509 2897 dicebas.
