1778 3095
282 107 361 150 498
665 102 743 139 DE
773 101 1033 138 NATURA
1061 101 1330 139 DEORUM

284 224 412 265 quam
444 209 674 251 rationibus
705 209 961 252 Stoicorum.
1023 210 1065 250 Si
1093 209 1204 250 enim
1232 225 1302 250 vos
1325 223 1488 264 sequar,
1510 208 1593 261 dic,
1615 208 1718 265 quid

284 266 323 307 ei
342 266 634 322 respondeam,
662 266 735 321 qui
762 281 830 307 me
864 267 922 307 sic
954 275 1077 321 roget
1096 282 1107 316 ;
1140 266 1185 306 Si
1206 266 1263 307 dii
1285 276 1395 316 sunt,
1416 274 1568 306 suntne
1589 266 1717 307 etiam

285 323 502 379 Nymphae
533 322 650 363 deae?
683 322 717 363 si
747 323 978 379 Nymphae,
1011 322 1172 363 Panisci
1201 323 1344 374 etiam,
1372 330 1413 362 et
1445 322 1614 378 Satyri?
1658 322 1717 363 Hi

285 387 425 420 autem
448 394 532 419 non
554 387 674 420 sunt:
707 394 758 420 ne
788 379 1005 435 Nymphae
1034 379 1205 434 quidem
1237 379 1326 419 deae
1356 378 1498 433 igitur.
1556 378 1618 419 At
1648 392 1718 419 ea-

283 451 377 477 rum
399 435 556 491 templa
577 445 673 476 sunt
693 435 860 491 publice
881 445 979 477 vota
997 444 1039 476 et
1066 435 1271 477 dedicata.
1332 435 1446 491 Quid
1475 435 1634 490 igitur?
1667 448 1719 476 ne

284 492 412 533 ceteri
432 491 602 548 quidem
624 507 726 548 ergo
747 492 819 542 dii,
842 507 1023 547 quorum
1045 492 1204 547 templa
1230 499 1327 533 sunt
1356 492 1561 533 dedicata.
1619 491 1719 546 Age

284 563 426 603 porro,
445 550 609 598 Jovern,
631 560 674 589 ct
695 550 947 603 Neptunum
969 548 1097 589 deum
1121 563 1330 589 numeras.
1361 563 1465 603 ergo
1487 548 1615 588 etiam
1636 547 1719 588 Or·-

287 620 377 656 CUS,
399 605 525 646 frater
544 619 706 655 eorum,
728 605 844 654 deus,
865 614 908 645 et
927 604 1003 654 illi,
1022 604 1094 658 qui
1118 605 1243 645 fluere
1264 604 1375 660 apud
1395 606 1551 646 inferos
1571 604 1721 645 dicun-

287 670 370 713 tur,
393 662 607 710 Acheron,
639 661 844 717 Cocytus,
872 660 1247 716 Pyriphlegethon,
1279 670 1370 702 tum
1403 661 1592 712 Charon,
1622 670 1715 702 tum

223 727 276 762 44
291 718 515 768 Cerberus,
551 718 608 758 dii
638 716 828 772 putandi.
895 717 957 757 At
991 716 1035 757 id
1066 716 1235 772 quidem
1268 718 1591 773 repudiandum.
1651 719 1721 758 Ne

289 776 426 817 Orcus
456 773 626 829 quidem
658 773 818 828 igitur?
851 772 968 829 Quid
994 772 1132 814 dicitis
1158 787 1263 828 ergo
1290 774 1342 815 de
1367 774 1596 815 fratribus?
1629 773 1721 814 haec

291 841 331 864 50
348 829 586 872 Carneades
606 829 760 880 aiebat,
781 844 864 870 non
895 838 943 870 ut
972 829 1076 870 deos
1106 828 1298 870 tolleret:
1328 830 1429 885 quid
1450 831 1563 876 enim
1583 829 1723 886 philo-

290 887 427 943 sopho
453 887 592 927 minus
619 886 896 928 conveniens?
929 885 1002 927 sed
1030 894 1079 927 ut
1110 885 1278 927 Stoicos
1298 886 1402 927 nihil
1421 886 1474 927 de
1493 887 1571 928 diis
1591 886 1724 942 expli-

288 958 383 985 care
404 943 681 984 convinceret.
733 944 882 999 Itaque
903 942 1216 999 insequebatur.
1263 942 1381 999 Quid
1403 943 1545 984 enim?
1569 943 1722 993 aiebat,

289 1001 323 1041 si
356 1000 385 1041 ii
416 1001 561 1041 fratres
591 1008 687 1040 sunt
718 999 759 1040 in
793 1014 969 1041 numero
1000 1000 1192 1050 deorum,
1218 1014 1318 1041 num
1348 999 1401 1040 de
1427 1008 1544 1055 patre
1575 1014 1722 1041 eorum

290 1058 472 1099 Saturno
494 1057 641 1112 negari
670 1058 840 1112 potest?
872 1071 999 1112 quern
1019 1056 1148 1112 vulgo
1170 1056 1351 1098 maxime
1371 1056 1425 1097 ad
1446 1056 1722 1098 Occidentem

289 1114 451 1155 colunt.
483 1114 553 1170 qui
591 1114 624 1154 si
652 1122 717 1153 est
750 1113 868 1164 deus,
899 1122 1061 1168 patrem
1092 1127 1262 1168 quoque
1288 1112 1394 1168 ejus,
1425 1113 1607 1164 Caelum,
1634 1127 1725 1154 esse

290 1170 416 1212 deum
449 1169 737 1212 confitendum
767 1177 843 1210 est.
903 1169 1033 1225 Quod
1064 1170 1098 1210 si
1126 1170 1184 1210 ita
1212 1178 1288 1220 est,
1317 1169 1425 1210 Caeli
1453 1184 1622 1225 quoque
1649 1183 1726 1225 pa·-

289 1236 430 1268 rentcs
451 1227 509 1268 dii
530 1226 711 1267 habendi
731 1235 842 1276 sunt,
863 1225 1031 1276 AEther,
1051 1234 1094 1266 et
1114 1226 1233 1276 Dies,
1250 1240 1482 1281 eorumque
1503 1227 1665 1276 fratres,
1682 1233 1725 1267 et

291 1298 454 1324 sorores
472 1299 481 1323 :
513 1283 587 1339 qui
610 1292 645 1315 ⁵1
665 1297 689 1323 a
707 1282 953 1338 genealogis
975 1283 1156 1338 antiquis
1185 1283 1245 1323 sic
1272 1283 1555 1333 nominantur,
1575 1282 1726 1333 Amor,

289 1340 443 1391 Dolor,
474 1341 635 1390 Metus,
667 1339 823 1389 Labor,
858 1338 1106 1390 Invidentia,
1140 1341 1307 1390 Fatum,
1337 1340 1557 1390 Senectus,
1587 1339 1726 1389 Mem,

289 1397 507 1447 Tenebrae,
529 1396 718 1448 Miseria,
739 1396 938 1452 Querela,
961 1396 1123 1447 Gratia,
1141 1397 1285 1448 Fraus,
1304 1396 1549 1447 Pertinacia,
1571 1396 1725 1447 Parcae,

291 1453 563 1509 Hesperides,
584 1453 758 1494 Somnia
780 1469 788 1493 :
819 1467 926 1509 quos
953 1467 1098 1494 omnes
1127 1453 1267 1494 Erebo
1289 1461 1331 1494 et
1358 1454 1501 1494 Nocte
1522 1460 1643 1493 natos
1664 1452 1725 1492 fe-

291 1522 403 1551 runt.
452 1512 544 1551 Aut
564 1510 695 1565 igitur
715 1509 806 1551 haec
827 1517 1017 1550 monstra
1035 1510 1253 1565 probanda
1273 1519 1386 1560 sunt,
1406 1518 1479 1551 aut
1499 1509 1635 1565 prima
1654 1507 1728 1549 illa

213 1567 279 1614 18
294 1566 492 1608 tollenda.
552 1566 698 1609 Quid?
730 1566 991 1622 Apollinem,
1011 1566 1268 1617 Vulcanum,
1300 1566 1580 1616 Mercurium,
1610 1573 1725 1606 cete-

225 1640 275 1673 45
293 1639 377 1675 ros,
398 1623 499 1664 deos
519 1638 610 1664 esse
629 1623 769 1664 dices:
802 1623 854 1664 de
874 1623 1077 1673 Hercule,
1097 1623 1359 1678 AEsculapio,
1380 1623 1551 1673 Libero,
1573 1621 1727 1662 Casto-

289 1695 348 1730 re,
372 1680 542 1721 Polluce
571 1679 813 1721 dubitabis?
845 1680 906 1720 At
936 1679 980 1720 hi
1010 1680 1180 1735 quidem
1212 1679 1409 1721 coluntur
1441 1693 1576 1734 aeque,
1597 1686 1725 1733 atque

287 1737 379 1787 illi3
411 1736 524 1791 apud
552 1736 759 1792 quosdam
794 1736 920 1777 etiam
949 1737 1086 1778 multo
1117 1737 1267 1791 magis.
1325 1738 1442 1790 Ergo
1470 1735 1529 1785 hi,
1549 1734 1608 1775 dii
1629 1742 1726 1775 sunt

288 1793 486 1843 habendi,
519 1793 768 1834 mortalibus
805 1792 891 1834 nati
925 1793 1160 1833 matribus?
1205 1792 1352 1849 Quid?
1395 1792 1617 1842 Aristaeus,
1654 1790 1728 1846 qui

288 1850 409 1891 olivae
437 1849 591 1891 dicitur
616 1850 820 1901 inventor,
841 1849 1053 1904 Apollinis
1076 1849 1182 1890 filius
1203 1865 1212 1889 ε
1247 1858 1284 1881 ⁵2
1302 1848 1508 1899 Theseus,
1528 1847 1603 1904 qui
1631 1848 1723 1889 Ne·

287 1907 411 1962 ptuni
431 1924 440 1948 :
471 1906 635 1962 reliqui,
656 1921 836 1962 quorum
858 1914 997 1961 patres
1018 1905 1091 1956 dii,
1112 1920 1196 1947 non
1225 1915 1347 1946 erunt
1374 1905 1418 1945 in
1446 1904 1623 1946 deorum
1644 1918 1723 1945 nu-

287 1965 436 2005 mero?
479 1963 610 2020 Quid,
645 1977 825 2019 quorum
863 1964 1047 2003 matres?
1090 1970 1127 1995 ⁵3
1146 1962 1296 2018 opinor
1332 1962 1461 2003 etiam
1493 1961 1645 2017 magis.
1677 1967 1725 2001 ut

286 2020 399 2062 enim
430 2021 472 2061 in
494 2022 591 2077 jure
611 2019 733 2071 civili,
756 2019 829 2075 qui
849 2027 913 2060 est
932 2028 1066 2060 matre
1085 2018 1230 2069 libera,
1252 2018 1359 2059 liber
1380 2026 1472 2060 estz
1503 2018 1603 2059 item
1626 2016 1728 2073 jure

287 2086 462 2128 naturae,
482 2077 555 2132 qui
580 2076 658 2117 dea
686 2085 820 2118 matre
849 2083 927 2126 est,
947 2076 1051 2117 deus
1081 2076 1134 2118 sit
1162 2090 1331 2117 neeesse
1351 2083 1429 2116 est.
1490 2076 1641 2130 Itaque
1660 2073 1725 2115 A-

286 2133 459 2176 chillem
479 2143 519 2166 ⁵4
534 2133 874 2190 Astypalaeenses
903 2132 1083 2174 insulani
1114 2142 1151 2165 ⁵⁵
1169 2132 1430 2174 sanctissime
1458 2131 1620 2174 colunt.
1651 2129 1724 2186 qui

332 2283 371 2307 50
397 2274 560 2305 Carneades
594 2272 705 2311 aiebat]
738 2272 866 2312 Vulgati
898 2271 983 2302 male

287 2318 404 2357 agebat,
429 2318 515 2357 quod
539 2324 570 2347 et
594 2317 655 2346 Ms.
683 2316 791 2346 Guelf.
814 2316 928 2345 habet:
952 2322 984 2345 at

284 2361 392 2400 plures
420 2361 498 2391 Mss.
523 2360 632 2396 aiebat,
658 2360 742 2399 quod
770 2366 801 2389 et
829 2359 986 2388 sententia

289 2405 427 2443 requirit.

335 2454 370 2477 51
405 2458 424 2475 a
458 2444 620 2484 genealogis
656 2441 802 2485 antiquis]
840 2444 983 2474 Verbum

285 2488 449 2528 genealogis
466 2488 546 2518 mihi
563 2497 688 2527 semper
701 2493 887 2526 suspectum
904 2488 982 2517 fuit:

286 2532 364 2570 quia
392 2533 437 2561 sic
467 2531 603 2567 dictum,
635 2540 750 2569 nempe
779 2530 817 2559 de
847 2530 896 2566 iis,
926 2530 982 2568 qui

286 2576 421 2604 deorum
437 2574 671 2614 generationes,⁴
685 2579 721 2602 ut
742 2573 912 2608 Hesiodus,
929 2582 984 2601 ex-

286 2623 452 2657 ponerent,
469 2615 617 2654 nuspiam
631 2615 739 2655 reperi.
784 2615 984 2654 Suspicatus-

286 2670 350 2699 que
372 2669 458 2695 sum,
481 2658 654 2697 legendum
677 2667 743 2688 esse
767 2656 899 2696 theologis
919 2666 983 2696 quo

288 2703 381 2733 verbo
411 2702 520 2732 Cicero
550 2702 618 2731 aliis
645 2701 734 2737 locis,
765 2701 798 2730 in
828 2701 891 2730 hoc
918 2700 983 2739 ipso

287 2745 381 2783 libro,
412 2746 449 2775 de
478 2745 538 2774 hac
569 2754 601 2774 re
631 2754 707 2774 usus
737 2750 796 2781 est,
822 2750 854 2773 et
881 2743 983 2773 Graeci

287 2799 411 2828 semper
428 2794 571 2818 utuntur.

328 2839 371 2863 ‘52
395 2831 525 2868 Theseus,
549 2830 600 2872 qui
623 2827 767 2870 Neptuni]
794 2829 858 2861 MS.
875 2828 983 2860 Guelf.

1026 2278 1056 2302 et
1079 2273 1131 2303 alii
1154 2274 1239 2312 apud
1262 2273 1431 2303 Davisium
1454 2274 1504 2303 ed.
1526 2273 1606 2303 Ven.
1631 2279 1723 2306 1494.

1028 2316 1202 2357 Theseusque
1216 2316 1357 2356 Neptuni,
1370 2316 1423 2346 alii
1439 2315 1568 2353 nescias,
1582 2317 1723 2355 Neptuni,

1027 2360 1114 2398 quod
1131 2359 1246 2398 recepit
1262 2360 1421 2389 Davisius.

1073 2408 1109 2432 53
1135 2400 1245 2441 opinor]
1279 2403 1329 2431 Sic
1361 2401 1424 2432 MS.
1455 2400 1562 2431 Guelf.
1595 2408 1625 2432 et
1654 2401 1720 2440 alii,

1027 2445 1104 2475 item
1121 2445 1190 2474 edd.
1206 2450 1280 2474 vett.
1296 2445 1452 2474 recentius
1468 2443 1585 2482 vulgati
1602 2444 1711 2484 opiner.

1072 2494 1111 2518 54
1134 2485 1376 2527 Asypalaeenses]
1395 2487 1472 2517 Haec
1485 2494 1531 2517 est
1554 2497 1626 2518 vera
1647 2487 1724 2518 scri-

1026 2537 1117 2569 ptura
1141 2537 1171 2559 et
1195 2531 1295 2560 forma
1320 2530 1459 2560 nominis
1475 2530 1515 2560 ab
1530 2530 1723 2571 Astypalaea,

1027 2573 1110 2611 quod
1143 2572 1289 2602 Davisius
1325 2580 1406 2603 recte
1445 2574 1551 2603 edidit.
1595 2573 1722 2613 Vulgati

1027 2615 1111 2645 male
1135 2615 1355 2656 Astypalenses:
1378 2625 1578 2656 quamquam
1604 2616 1723 2647 fluctu-

1027 2666 1081 2688 ant
1098 2667 1194 2688 varie.

1071 2708 1108 2732 55
1133 2700 1308 2730 sanctissime
1332 2701 1439 2742 colunt]
1464 2701 1516 2742 Sic
1532 2701 1597 2732 MS.
1613 2701 1721 2733 Guelf.

1026 2750 1066 2792 ut
1090 2743 1159 2791 jam
1183 2745 1278 2776 edidit
1300 2745 1487 2778 Lambinus.
1510 2744 1627 2787 Vulgg.
1656 2755 1723 2780 mn-

1025 2794 1192 2818 cttsnmum.
