<?xml version="1.0" encoding="UTF-8"?>
<!DOCTYPE html PUBLIC "-//W3C//DTD XHTML 1.0 Transitional//EN"
    "http://www.w3.org/TR/xhtml1/DTD/xhtml1-transitional.dtd">
<html xmlns="http://www.w3.org/1999/xhtml" xml:lang="en" lang="en">
 <head>
  <title>
</title>
<meta http-equiv="Content-Type" content="text/html;charset=utf-8" />
  <meta name='ocr-system' content='tesseract 3.04.00' />
  <meta name='ocr-capabilities' content='ocr_page ocr_carea ocr_par ocr_line ocrx_word'/>
</head>
<body>
  <div class='ocr_page' id='page_1' title='image "./p1operaomnia04ciceuoft_0625.png"; bbox 0 0 1778 3095; ppageno 0'>
   <div class='ocr_carea' id='block_1_1' title="bbox 491 114 1496 165">
    <p class='ocr_par' dir='ltr' id='par_1_1' title="bbox 491 114 1496 165">
     <span class='ocr_line' id='line_1_1' title="bbox 491 114 1496 165; baseline 0.001 -9"><span class='ocrx_word' id='word_1_1' title='bbox 491 117 672 156; x_wconf 90' lang='lat' dir='ltr'>LIBER</span> <span class='ocrx_word' id='word_1_2' title='bbox 707 114 1089 154; x_wconf 89' lang='lat' dir='ltr'>SINGULARIS.</span> <span class='ocrx_word' id='word_1_3' title='bbox 1420 119 1496 165; x_wconf 85' lang='lat'>617</span> 
     </span>
    </p>
   </div>
   <div class='ocr_carea' id='block_1_2' title="bbox 45 222 1567 2760">
    <p class='ocr_par' dir='ltr' id='par_1_2' title="bbox 45 222 1567 2760">
     <span class='ocr_line' id='line_1_2' title="bbox 73 222 1496 281; baseline 0 -14"><span class='ocrx_word' id='word_1_4' title='bbox 73 224 205 267; x_wconf 86' lang='lat' dir='ltr'>altera</span> <span class='ocrx_word' id='word_1_5' title='bbox 223 239 384 276; x_wconf 90' lang='lat' dir='ltr'>eorum,</span> <span class='ocrx_word' id='word_1_6' title='bbox 405 224 556 281; x_wconf 92' lang='lat' dir='ltr'>quibus</span> <span class='ocrx_word' id='word_1_7' title='bbox 575 223 813 265; x_wconf 88' lang='lat' dir='ltr'>viderentur</span> <span class='ocrx_word' id='word_1_8' title='bbox 833 223 918 264; x_wconf 90' lang='lat' dir='ltr'>sine</span> <span class='ocrx_word' id='word_1_9' title='bbox 935 222 1024 264; x_wconf 94' lang='lat' dir='ltr'>ullo</span> <span class='ocrx_word' id='word_1_10' title='bbox 1044 222 1131 264; x_wconf 88' lang='lat' dir='ltr'>fato</span> <span class='ocrx_word' id='word_1_11' title='bbox 1150 236 1240 263; x_wconf 89' lang='lat' dir='ltr'>esse</span> <span class='ocrx_word' id='word_1_12' title='bbox 1259 222 1496 267; x_wconf 88' lang='lat' dir='ltr'>animorum</span> 
     </span>
     <span class='ocr_line' id='line_1_3' title="bbox 73 278 1495 336; baseline 0 -13"><span class='ocrx_word' id='word_1_13' title='bbox 73 291 215 323; x_wconf 90' lang='lat' dir='ltr'>motus</span> <span class='ocrx_word' id='word_1_14' title='bbox 244 282 464 324; x_wconf 88' lang='lat' dir='ltr'>voluntarii</span> <span class='ocrx_word' id='word_1_15' title='bbox 482 298 491 323; x_wconf 75' lang='grc' dir='ltr'><strong><em>ε</em></strong></span> <span class='ocrx_word' id='word_1_16' title='bbox 525 280 802 336; x_wconf 80' lang='lat' dir='ltr'>Chrysippus,</span> <span class='ocrx_word' id='word_1_17' title='bbox 823 288 1037 335; x_wconf 88' lang='lat' dir='ltr'>tamquam</span> <span class='ocrx_word' id='word_1_18' title='bbox 1059 278 1214 320; x_wconf 84' lang='lat' dir='ltr'><strong>arbiter</strong></span> <span class='ocrx_word' id='word_1_19' title='bbox 1233 279 1495 333; x_wconf 80' lang='lat' dir='ltr'>honorarius,</span> 
     </span>
     <span class='ocr_line' id='line_1_4' title="bbox 72 335 1494 394; baseline -0.001 -14"><span class='ocrx_word' id='word_1_20' title='bbox 72 347 109 372; x_wconf 78' lang='lat'>⁴1</span> <span class='ocrx_word' id='word_1_21' title='bbox 128 338 314 380; x_wconf 90' lang='lat' dir='ltr'>medium</span> <span class='ocrx_word' id='word_1_22' title='bbox 337 339 456 380; x_wconf 87' lang='lat' dir='ltr'>ferire</span> <span class='ocrx_word' id='word_1_23' title='bbox 475 336 651 378; x_wconf 89' lang='lat' dir='ltr'>voluisse</span> <span class='ocrx_word' id='word_1_24' title='bbox 670 353 679 377; x_wconf 75' lang='grc' dir='ltr'><strong>ε</strong></span> <span class='ocrx_word' id='word_1_25' title='bbox 712 335 787 376; x_wconf 90' lang='lat' dir='ltr'>sed</span> <span class='ocrx_word' id='word_1_26' title='bbox 815 335 998 391; x_wconf 88' lang='lat' dir='ltr'>applicat</span> <span class='ocrx_word' id='word_1_27' title='bbox 1019 351 1062 376; x_wconf 90' lang='lat' dir='ltr'>se</span> <span class='ocrx_word' id='word_1_28' title='bbox 1082 336 1135 376; x_wconf 88' lang='lat' dir='ltr'>ad</span> <span class='ocrx_word' id='word_1_29' title='bbox 1155 350 1228 377; x_wconf 91' lang='lat' dir='ltr'>eos</span> <span class='ocrx_word' id='word_1_30' title='bbox 1247 336 1400 391; x_wconf 89' lang='lat' dir='ltr'>potius,</span> <span class='ocrx_word' id='word_1_31' title='bbox 1422 340 1494 394; x_wconf 91' lang='lat' dir='ltr'>qui</span> 
     </span>
     <span class='ocr_line' id='line_1_5' title="bbox 69 392 1493 437; baseline -0.002 0"><span class='ocrx_word' id='word_1_32' title='bbox 69 396 318 437; x_wconf 81' lang='lat' dir='ltr'><strong>necessitate</strong></span> <span class='ocrx_word' id='word_1_33' title='bbox 338 405 478 436; x_wconf 88' lang='lat' dir='ltr'>motus</span> <span class='ocrx_word' id='word_1_34' title='bbox 498 393 660 433; x_wconf 82' lang='lat' dir='ltr'>animos</span> <span class='ocrx_word' id='word_1_35' title='bbox 680 392 877 433; x_wconf 90' lang='lat' dir='ltr'>liberatos</span> <span class='ocrx_word' id='word_1_36' title='bbox 899 392 1057 432; x_wconf 89' lang='lat' dir='ltr'>volunt.</span> <span class='ocrx_word' id='word_1_37' title='bbox 1106 393 1223 433; x_wconf 85' lang='lat' dir='ltr'>Dum</span> <span class='ocrx_word' id='word_1_38' title='bbox 1244 400 1384 433; x_wconf 90' lang='lat' dir='ltr'>autem</span> <span class='ocrx_word' id='word_1_39' title='bbox 1405 409 1493 435; x_wconf 89' lang='lat' dir='ltr'>ver-</span> 
     </span>
     <span class='ocr_line' id='line_1_6' title="bbox 68 448 1492 503; baseline -0.001 -11"><span class='ocrx_word' id='word_1_40' title='bbox 68 451 132 493; x_wconf 92' lang='lat' dir='ltr'>bis</span> <span class='ocrx_word' id='word_1_41' title='bbox 152 452 286 495; x_wconf 87' lang='lat' dir='ltr'>utitur</span> <span class='ocrx_word' id='word_1_42' title='bbox 308 453 406 503; x_wconf 90' lang='lat' dir='ltr'>suis,</span> <span class='ocrx_word' id='word_1_43' title='bbox 427 449 633 492; x_wconf 83' lang='lat' dir='ltr'>delabitur</span> <span class='ocrx_word' id='word_1_44' title='bbox 662 449 704 490; x_wconf 91' lang='lat' dir='ltr'>in</span> <span class='ocrx_word' id='word_1_45' title='bbox 735 463 804 489; x_wconf 88' lang='lat' dir='ltr'>eas</span> <span class='ocrx_word' id='word_1_46' title='bbox 835 448 1115 497; x_wconf 80' lang='lat' dir='ltr'>difficultates,</span> <span class='ocrx_word' id='word_1_47' title='bbox 1137 457 1183 488; x_wconf 90' lang='lat' dir='ltr'>ut</span> <span class='ocrx_word' id='word_1_48' title='bbox 1204 450 1492 491; x_wconf 86' lang='lat' dir='ltr'>necessitatem</span> 
     </span>
     <span class='ocr_line' id='line_1_7' title="bbox 66 505 1556 561; baseline -0.001 -13"><span class='ocrx_word' id='word_1_49' title='bbox 66 507 142 549; x_wconf 87' lang='lat' dir='ltr'>fati</span> <span class='ocrx_word' id='word_1_50' title='bbox 171 509 389 550; x_wconf 87' lang='lat' dir='ltr'>confirmet</span> <span class='ocrx_word' id='word_1_51' title='bbox 412 506 576 548; x_wconf 90' lang='lat' dir='ltr'>invitus.</span> <span class='ocrx_word' id='word_1_52' title='bbox 634 506 777 561; x_wconf 86' lang='lat' dir='ltr'>Atque</span> <span class='ocrx_word' id='word_1_53' title='bbox 797 505 892 555; x_wconf 92' lang='lat' dir='ltr'>hoc,</span> <span class='ocrx_word' id='word_1_54' title='bbox 914 505 947 545; x_wconf 88' lang='lat' dir='ltr'>si</span> <span class='ocrx_word' id='word_1_55' title='bbox 968 505 1119 560; x_wconf 89' lang='lat' dir='ltr'>placet,</span> <span class='ocrx_word' id='word_1_56' title='bbox 1141 506 1264 560; x_wconf 91' lang='lat' dir='ltr'>quale</span> <span class='ocrx_word' id='word_1_57' title='bbox 1284 507 1337 546; x_wconf 90' lang='lat' dir='ltr'>sit</span> <span class='ocrx_word' id='word_1_58' title='bbox 1354 506 1490 547; x_wconf 87' lang='lat' dir='ltr'>videa-</span> <span class='ocrx_word' id='word_1_59' title='bbox 1503 513 1556 547; x_wconf 85' lang='lat'>40</span> 
     </span>
     <span class='ocr_line' id='line_1_8' title="bbox 65 561 1493 619; baseline 0 -15"><span class='ocrx_word' id='word_1_60' title='bbox 65 578 160 606; x_wconf 89' lang='lat' dir='ltr'>mus</span> <span class='ocrx_word' id='word_1_61' title='bbox 182 565 223 605; x_wconf 93' lang='lat' dir='ltr'>in</span> <span class='ocrx_word' id='word_1_62' title='bbox 244 564 566 614; x_wconf 82' lang='lat' dir='ltr'>assensionibus,</span> <span class='ocrx_word' id='word_1_63' title='bbox 588 577 690 619; x_wconf 91' lang='lat' dir='ltr'>quas</span> <span class='ocrx_word' id='word_1_64' title='bbox 710 562 846 618; x_wconf 89' lang='lat' dir='ltr'>prima</span> <span class='ocrx_word' id='word_1_65' title='bbox 866 561 1054 602; x_wconf 88' lang='lat' dir='ltr'>oratione</span> <span class='ocrx_word' id='word_1_66' title='bbox 1073 562 1259 602; x_wconf 82' lang='lat' dir='ltr'>tractavi.</span> <span class='ocrx_word' id='word_1_67' title='bbox 1290 577 1358 603; x_wconf 90' lang='lat' dir='ltr'>eas</span> <span class='ocrx_word' id='word_1_68' title='bbox 1380 563 1493 605; x_wconf 88' lang='lat' dir='ltr'>enim</span> 
     </span>
     <span class='ocr_line' id='line_1_9' title="bbox 67 617 1491 676; baseline 0.001 -16"><span class='ocrx_word' id='word_1_69' title='bbox 67 630 221 662; x_wconf 86' lang='lat' dir='ltr'>veteres</span> <span class='ocrx_word' id='word_1_70' title='bbox 240 621 314 671; x_wconf 91' lang='lat' dir='ltr'>illi,</span> <span class='ocrx_word' id='word_1_71' title='bbox 334 620 485 676; x_wconf 88' lang='lat' dir='ltr'>quibus</span> <span class='ocrx_word' id='word_1_72' title='bbox 506 620 648 661; x_wconf 89' lang='lat' dir='ltr'>omnia</span> <span class='ocrx_word' id='word_1_73' title='bbox 666 619 754 660; x_wconf 85' lang='lat' dir='ltr'>fato</span> <span class='ocrx_word' id='word_1_74' title='bbox 774 618 860 659; x_wconf 88' lang='lat' dir='ltr'>fieri</span> <span class='ocrx_word' id='word_1_75' title='bbox 880 617 1139 667; x_wconf 78' lang='lat' dir='ltr'>videbantur,</span> <span class='ocrx_word' id='word_1_76' title='bbox 1160 617 1198 658; x_wconf 89' lang='lat' dir='ltr'>vi</span> <span class='ocrx_word' id='word_1_77' title='bbox 1218 618 1338 669; x_wconf 90' lang='lat' dir='ltr'>effici,</span> <span class='ocrx_word' id='word_1_78' title='bbox 1358 627 1400 660; x_wconf 86' lang='lat' dir='ltr'>et</span> <span class='ocrx_word' id='word_1_79' title='bbox 1419 635 1491 661; x_wconf 88' lang='lat' dir='ltr'>ne—</span> 
     </span>
     <span class='ocr_line' id='line_1_10' title="bbox 62 674 1493 733; baseline 0 -16"><span class='ocrx_word' id='word_1_80' title='bbox 62 677 255 719; x_wconf 87' lang='lat' dir='ltr'>cessitate</span> <span class='ocrx_word' id='word_1_81' title='bbox 276 677 484 718; x_wconf 86' lang='lat' dir='ltr'>dicebant.</span> <span class='ocrx_word' id='word_1_82' title='bbox 506 677 579 733; x_wconf 89' lang='lat' dir='ltr'>qui</span> <span class='ocrx_word' id='word_1_83' title='bbox 598 685 738 717; x_wconf 89' lang='lat' dir='ltr'>autem</span> <span class='ocrx_word' id='word_1_84' title='bbox 762 675 815 716; x_wconf 88' lang='lat' dir='ltr'>ab</span> <span class='ocrx_word' id='word_1_85' title='bbox 835 675 898 715; x_wconf 90' lang='lat' dir='ltr'>his</span> <span class='ocrx_word' id='word_1_86' title='bbox 918 674 1231 724; x_wconf 83' lang='lat' dir='ltr'>dissentiebant,</span> <span class='ocrx_word' id='word_1_87' title='bbox 1248 675 1336 716; x_wconf 88' lang='lat' dir='ltr'>fato</span> <span class='ocrx_word' id='word_1_88' title='bbox 1353 690 1493 717; x_wconf 67' lang='lat' dir='ltr'>assen-²</span> 
     </span>
     <span class='ocr_line' id='line_1_11' title="bbox 62 731 1492 789; baseline 0 -16"><span class='ocrx_word' id='word_1_89' title='bbox 62 732 200 774; x_wconf 86' lang='lat' dir='ltr'>siones</span> <span class='ocrx_word' id='word_1_90' title='bbox 230 733 476 784; x_wconf 84' lang='lat' dir='ltr'>liberabant,</span> <span class='ocrx_word' id='word_1_91' title='bbox 506 733 799 789; x_wconf 83' lang='lat' dir='ltr'>negabantque</span> <span class='ocrx_word' id='word_1_92' title='bbox 829 732 917 772; x_wconf 89' lang='lat' dir='ltr'>fato</span> <span class='ocrx_word' id='word_1_93' title='bbox 946 731 1256 772; x_wconf 88' lang='lat' dir='ltr'>assensionibus</span> <span class='ocrx_word' id='word_1_94' title='bbox 1285 731 1492 784; x_wconf 87' lang='lat' dir='ltr'>adhibito,</span> 
     </span>
     <span class='ocr_line' id='line_1_12' title="bbox 62 787 1492 845; baseline 0.001 -16"><span class='ocrx_word' id='word_1_95' title='bbox 62 788 355 831; x_wconf 87' lang='lat' dir='ltr'>necessitatem</span> <span class='ocrx_word' id='word_1_96' title='bbox 386 791 438 830; x_wconf 91' lang='lat' dir='ltr'>ab</span> <span class='ocrx_word' id='word_1_97' title='bbox 469 789 533 831; x_wconf 88' lang='lat' dir='ltr'>his</span> <span class='ocrx_word' id='word_1_98' title='bbox 563 803 686 845; x_wconf 89' lang='lat' dir='ltr'>posse</span> <span class='ocrx_word' id='word_1_99' title='bbox 717 789 948 830; x_wconf 87' lang='lat' dir='ltr'>removeri:</span> <span class='ocrx_word' id='word_1_100' title='bbox 988 788 1101 844; x_wconf 89' lang='lat' dir='ltr'>iique</span> <span class='ocrx_word' id='word_1_101' title='bbox 1130 788 1187 829; x_wconf 87' lang='lat' dir='ltr'>ita</span> <span class='ocrx_word' id='word_1_102' title='bbox 1217 787 1492 831; x_wconf 82' lang='lat' dir='ltr'>disserebant.</span> 
     </span>
     <span class='ocr_line' id='line_1_13' title="bbox 61 844 1492 901; baseline 0 -16"><span class='ocrx_word' id='word_1_103' title='bbox 61 845 107 885; x_wconf 88' lang='lat' dir='ltr'>Si</span> <span class='ocrx_word' id='word_1_104' title='bbox 127 846 269 886; x_wconf 88' lang='lat' dir='ltr'>omnia</span> <span class='ocrx_word' id='word_1_105' title='bbox 289 847 376 887; x_wconf 88' lang='lat' dir='ltr'>fato</span> <span class='ocrx_word' id='word_1_106' title='bbox 398 847 517 897; x_wconf 89' lang='lat' dir='ltr'>fiunt,</span> <span class='ocrx_word' id='word_1_107' title='bbox 539 846 681 887; x_wconf 89' lang='lat' dir='ltr'>omnia</span> <span class='ocrx_word' id='word_1_108' title='bbox 701 845 805 886; x_wconf 90' lang='lat' dir='ltr'>fiunt</span> <span class='ocrx_word' id='word_1_109' title='bbox 824 859 950 886; x_wconf 91' lang='lat' dir='ltr'>causa</span> <span class='ocrx_word' id='word_1_110' title='bbox 969 844 1267 886; x_wconf 84' lang='lat' dir='ltr'>antecedente:</span> <span class='ocrx_word' id='word_1_111' title='bbox 1289 852 1345 896; x_wconf 85' lang='lat' dir='ltr'>et,</span> <span class='ocrx_word' id='word_1_112' title='bbox 1364 845 1397 885; x_wconf 88' lang='lat' dir='ltr'>si</span> <span class='ocrx_word' id='word_1_113' title='bbox 1418 860 1492 901; x_wconf 90' lang='lat' dir='ltr'>ap-</span> 
     </span>
     <span class='ocr_line' id='line_1_14' title="bbox 59 902 1491 958; baseline 0.001 -16"><span class='ocrx_word' id='word_1_114' title='bbox 59 902 245 957; x_wconf 79' lang='lat' dir='ltr'>petitus3</span> <span class='ocrx_word' id='word_1_115' title='bbox 281 903 351 943; x_wconf 88' lang='lat' dir='ltr'>illa</span> <span class='ocrx_word' id='word_1_116' title='bbox 379 903 520 953; x_wconf 88' lang='lat' dir='ltr'>etiarn,</span> <span class='ocrx_word' id='word_1_117' title='bbox 552 918 646 958; x_wconf 91' lang='lat' dir='ltr'>quae</span> <span class='ocrx_word' id='word_1_118' title='bbox 676 902 910 957; x_wconf 87' lang='lat' dir='ltr'>appetitum</span> <span class='ocrx_word' id='word_1_119' title='bbox 942 910 1187 956; x_wconf 89' lang='lat' dir='ltr'>sequuntur.</span> <span class='ocrx_word' id='word_1_120' title='bbox 1227 915 1331 957; x_wconf 86' lang='lat' dir='ltr'>ergo</span> <span class='ocrx_word' id='word_1_121' title='bbox 1361 902 1491 943; x_wconf 87' lang='lat' dir='ltr'>etiarn</span> 
     </span>
     <span class='ocr_line' id='line_1_15' title="bbox 59 957 1491 1014; baseline 0.001 -16"><span class='ocrx_word' id='word_1_122' title='bbox 59 959 333 999; x_wconf 87' lang='lat' dir='ltr'>assensiones.</span> <span class='ocrx_word' id='word_1_123' title='bbox 392 960 466 1010; x_wconf 87' lang='lat' dir='ltr'>At,</span> <span class='ocrx_word' id='word_1_124' title='bbox 490 959 523 999; x_wconf 92' lang='lat' dir='ltr'>si</span> <span class='ocrx_word' id='word_1_125' title='bbox 548 973 674 1000; x_wconf 90' lang='lat' dir='ltr'>causa</span> <span class='ocrx_word' id='word_1_126' title='bbox 697 958 909 1014; x_wconf 88' lang='lat' dir='ltr'>appetitus</span> <span class='ocrx_word' id='word_1_127' title='bbox 932 973 1014 998; x_wconf 91' lang='lat' dir='ltr'>non</span> <span class='ocrx_word' id='word_1_128' title='bbox 1035 968 1098 998; x_wconf 88' lang='lat' dir='ltr'>est</span> <span class='ocrx_word' id='word_1_129' title='bbox 1119 957 1198 998; x_wconf 87' lang='lat' dir='ltr'>sita</span> <span class='ocrx_word' id='word_1_130' title='bbox 1218 957 1259 998; x_wconf 87' lang='lat' dir='ltr'>in</span> <span class='ocrx_word' id='word_1_131' title='bbox 1284 958 1417 1008; x_wconf 88' lang='lat' dir='ltr'>nobis,</span> <span class='ocrx_word' id='word_1_132' title='bbox 1438 973 1491 999; x_wconf 89' lang='lat' dir='ltr'>ne</span> 
     </span>
     <span class='ocr_line' id='line_1_16' title="bbox 58 1013 1491 1071; baseline 0.001 -17"><span class='ocrx_word' id='word_1_133' title='bbox 58 1013 148 1069; x_wconf 89' lang='lat' dir='ltr'>ipse</span> <span class='ocrx_word' id='word_1_134' title='bbox 168 1015 337 1070; x_wconf 91' lang='lat' dir='ltr'>quidem</span> <span class='ocrx_word' id='word_1_135' title='bbox 372 1016 581 1071; x_wconf 90' lang='lat' dir='ltr'>appetitus</span> <span class='ocrx_word' id='word_1_136' title='bbox 611 1024 676 1056; x_wconf 91' lang='lat' dir='ltr'>est</span> <span class='ocrx_word' id='word_1_137' title='bbox 704 1015 745 1056; x_wconf 91' lang='lat' dir='ltr'>in</span> <span class='ocrx_word' id='word_1_138' title='bbox 777 1024 919 1055; x_wconf 87' lang='lat' dir='ltr'>nostra</span> <span class='ocrx_word' id='word_1_139' title='bbox 944 1023 1166 1069; x_wconf 87' lang='lat' dir='ltr'>potestate.</span> <span class='ocrx_word' id='word_1_140' title='bbox 1225 1015 1355 1070; x_wconf 70' lang='lat' dir='ltr'>Quod</span> <span class='ocrx_word' id='word_1_141' title='bbox 1377 1016 1411 1056; x_wconf 91' lang='lat' dir='ltr'>si</span> <span class='ocrx_word' id='word_1_142' title='bbox 1431 1015 1491 1056; x_wconf 86' lang='lat' dir='ltr'>ita</span> 
     </span>
     <span class='ocr_line' id='line_1_17' title="bbox 56 1071 1488 1128; baseline 0.001 -17"><span class='ocrx_word' id='word_1_143' title='bbox 56 1079 137 1121; x_wconf 90' lang='lat' dir='ltr'>est,</span> <span class='ocrx_word' id='word_1_144' title='bbox 159 1086 209 1111; x_wconf 91' lang='lat' dir='ltr'>ne</span> <span class='ocrx_word' id='word_1_145' title='bbox 228 1071 299 1111; x_wconf 90' lang='lat' dir='ltr'>illa</span> <span class='ocrx_word' id='word_1_146' title='bbox 321 1072 505 1127; x_wconf 87' lang='lat' dir='ltr'>quidem,</span> <span class='ocrx_word' id='word_1_147' title='bbox 526 1087 620 1128; x_wconf 89' lang='lat' dir='ltr'>quae</span> <span class='ocrx_word' id='word_1_148' title='bbox 640 1071 830 1127; x_wconf 88' lang='lat' dir='ltr'>appetitu</span> <span class='ocrx_word' id='word_1_149' title='bbox 860 1071 1110 1121; x_wconf 85' lang='lat' dir='ltr'>efficiuntur,</span> <span class='ocrx_word' id='word_1_150' title='bbox 1132 1078 1229 1111; x_wconf 90' lang='lat' dir='ltr'>sunt</span> <span class='ocrx_word' id='word_1_151' title='bbox 1249 1071 1327 1112; x_wconf 88' lang='lat' dir='ltr'>sita</span> <span class='ocrx_word' id='word_1_152' title='bbox 1348 1072 1389 1112; x_wconf 89' lang='lat' dir='ltr'>in</span> <span class='ocrx_word' id='word_1_153' title='bbox 1411 1087 1488 1112; x_wconf 91' lang='lat' dir='ltr'>no-</span> 
     </span>
     <span class='ocr_line' id='line_1_18' title="bbox 56 1126 1531 1184; baseline 0 -17"><span class='ocrx_word' id='word_1_154' title='bbox 56 1126 136 1168; x_wconf 90' lang='lat' dir='ltr'>bis.</span> <span class='ocrx_word' id='word_1_155' title='bbox 170 1142 252 1167; x_wconf 93' lang='lat' dir='ltr'>non</span> <span class='ocrx_word' id='word_1_156' title='bbox 276 1137 373 1168; x_wconf 86' lang='lat' dir='ltr'>sunt</span> <span class='ocrx_word' id='word_1_157' title='bbox 392 1128 524 1183; x_wconf 87' lang='lat' dir='ltr'>igitur</span> <span class='ocrx_word' id='word_1_158' title='bbox 544 1143 677 1184; x_wconf 88' lang='lat' dir='ltr'>neque</span> <span class='ocrx_word' id='word_1_159' title='bbox 697 1128 968 1179; x_wconf 88' lang='lat' dir='ltr'>assensiones,</span> <span class='ocrx_word' id='word_1_160' title='bbox 986 1141 1121 1182; x_wconf 91' lang='lat' dir='ltr'>neque</span> <span class='ocrx_word' id='word_1_161' title='bbox 1141 1128 1326 1168; x_wconf 86' lang='lat' dir='ltr'>actiones</span> <span class='ocrx_word' id='word_1_162' title='bbox 1346 1129 1388 1167; x_wconf 87' lang='lat' dir='ltr'>in</span> <span class='ocrx_word' id='word_1_163' title='bbox 1411 1143 1486 1168; x_wconf 86' lang='lat' dir='ltr'>no·</span> <span class='ocrx_word' id='word_1_164' title='bbox 1499 1130 1531 1160; x_wconf 85' lang='lat' dir='ltr'>b·</span> 
     </span>
     <span class='ocr_line' id='line_1_19' title="bbox 55 1184 1486 1241; baseline 0.001 -18"><span class='ocrx_word' id='word_1_165' title='bbox 55 1191 141 1223; x_wconf 90' lang='lat' dir='ltr'>stra</span> <span class='ocrx_word' id='word_1_166' title='bbox 161 1192 382 1238; x_wconf 84' lang='lat' dir='ltr'>potestate.</span> <span class='ocrx_word' id='word_1_167' title='bbox 417 1200 468 1226; x_wconf 83' lang='lat' dir='ltr'>ex</span> <span class='ocrx_word' id='word_1_168' title='bbox 488 1200 573 1241; x_wconf 92' lang='lat' dir='ltr'>quo</span> <span class='ocrx_word' id='word_1_169' title='bbox 595 1185 785 1235; x_wconf 86' lang='lat' dir='ltr'>efficitur,</span> <span class='ocrx_word' id='word_1_170' title='bbox 804 1192 852 1226; x_wconf 91' lang='lat' dir='ltr'>ut</span> <span class='ocrx_word' id='word_1_171' title='bbox 870 1200 945 1225; x_wconf 89' lang='lat' dir='ltr'>nec</span> <span class='ocrx_word' id='word_1_172' title='bbox 966 1184 1227 1225; x_wconf 84' lang='lat' dir='ltr'>laudationes</span> <span class='ocrx_word' id='word_1_173' title='bbox 1242 1184 1370 1239; x_wconf 86' lang='lat' dir='ltr'>justae</span> <span class='ocrx_word' id='word_1_174' title='bbox 1389 1184 1486 1235; x_wconf 85' lang='lat' dir='ltr'>sint,</span> 
     </span>
     <span class='ocr_line' id='line_1_20' title="bbox 56 1240 1485 1296; baseline 0.001 -16"><span class='ocrx_word' id='word_1_175' title='bbox 56 1254 133 1280; x_wconf 89' lang='lat' dir='ltr'>nec</span> <span class='ocrx_word' id='word_1_176' title='bbox 162 1240 502 1295; x_wconf 85' lang='lat' dir='ltr'>vituperationes,</span> <span class='ocrx_word' id='word_1_177' title='bbox 523 1256 597 1283; x_wconf 90' lang='lat' dir='ltr'>nec</span> <span class='ocrx_word' id='word_1_178' title='bbox 628 1242 825 1292; x_wconf 89' lang='lat' dir='ltr'>honores,</span> <span class='ocrx_word' id='word_1_179' title='bbox 846 1255 921 1282; x_wconf 88' lang='lat' dir='ltr'>nec</span> <span class='ocrx_word' id='word_1_180' title='bbox 953 1241 1169 1295; x_wconf 87' lang='lat' dir='ltr'>supplicia.</span> <span class='ocrx_word' id='word_1_181' title='bbox 1229 1241 1358 1296; x_wconf 64' lang='lat' dir='ltr'>Quod</span> <span class='ocrx_word' id='word_1_182' title='bbox 1387 1255 1485 1281; x_wconf 87' lang='lat' dir='ltr'>cum</span> 
     </span>
     <span class='ocr_line' id='line_1_21' title="bbox 55 1296 1485 1353; baseline 0.001 -17"><span class='ocrx_word' id='word_1_183' title='bbox 55 1296 251 1337; x_wconf 89' lang='lat' dir='ltr'>vitiosum</span> <span class='ocrx_word' id='word_1_184' title='bbox 287 1297 354 1347; x_wconf 89' lang='lat' dir='ltr'>sit,</span> <span class='ocrx_word' id='word_1_185' title='bbox 384 1299 656 1353; x_wconf 86' lang='lat' dir='ltr'>probabiliter</span> <span class='ocrx_word' id='word_1_186' title='bbox 683 1298 879 1339; x_wconf 87' lang='lat' dir='ltr'>concludi</span> <span class='ocrx_word' id='word_1_187' title='bbox 913 1307 1076 1353; x_wconf 87' lang='lat' dir='ltr'>putant,</span> <span class='ocrx_word' id='word_1_188' title='bbox 1107 1311 1191 1337; x_wconf 91' lang='lat' dir='ltr'>non</span> <span class='ocrx_word' id='word_1_189' title='bbox 1223 1297 1364 1337; x_wconf 88' lang='lat' dir='ltr'>omnia</span> <span class='ocrx_word' id='word_1_190' title='bbox 1397 1297 1485 1338; x_wconf 87' lang='lat' dir='ltr'>fato</span> 
     </span>
     <span class='ocr_line' id='line_1_22' title="bbox 55 1352 1567 1410; baseline 0.001 -18"><span class='ocrx_word' id='word_1_191' title='bbox 55 1352 156 1404; x_wconf 84' lang='lat' dir='ltr'>fieri,</span> <span class='ocrx_word' id='word_1_192' title='bbox 177 1368 455 1410; x_wconf 88' lang='lat' dir='ltr'>quaecumque</span> <span class='ocrx_word' id='word_1_193' title='bbox 476 1356 587 1396; x_wconf 89' lang='lat' dir='ltr'>fiant.</span> <span class='ocrx_word' id='word_1_194' title='bbox 635 1355 898 1410; x_wconf 87' lang='lat' dir='ltr'>Chrysippus</span> <span class='ocrx_word' id='word_1_195' title='bbox 918 1363 1057 1395; x_wconf 90' lang='lat' dir='ltr'>autem</span> <span class='ocrx_word' id='word_1_196' title='bbox 1082 1368 1177 1394; x_wconf 88' lang='lat' dir='ltr'>cum</span> <span class='ocrx_word' id='word_1_197' title='bbox 1197 1361 1238 1393; x_wconf 88' lang='lat' dir='ltr'>et</span> <span class='ocrx_word' id='word_1_198' title='bbox 1260 1353 1484 1394; x_wconf 89' lang='lat' dir='ltr'>necessita·</span> <span class='ocrx_word' id='word_1_199' title='bbox 1503 1355 1567 1402; x_wconf 82' lang='grc'>18</span> 
     </span>
     <span class='ocr_line' id='line_1_23' title="bbox 54 1409 1543 1465; baseline 0.002 -17"><span class='ocrx_word' id='word_1_200' title='bbox 54 1416 140 1449; x_wconf 89' lang='lat' dir='ltr'>tem</span> <span class='ocrx_word' id='word_1_201' title='bbox 162 1409 433 1465; x_wconf 87' lang='lat' dir='ltr'>improbaret,</span> <span class='ocrx_word' id='word_1_202' title='bbox 453 1421 494 1453; x_wconf 87' lang='lat' dir='ltr'>et</span> <span class='ocrx_word' id='word_1_203' title='bbox 522 1412 625 1453; x_wconf 86' lang='lat' dir='ltr'>nibil</span> <span class='ocrx_word' id='word_1_204' title='bbox 646 1411 770 1452; x_wconf 86' lang='lat' dir='ltr'>vellet</span> <span class='ocrx_word' id='word_1_205' title='bbox 788 1412 874 1452; x_wconf 88' lang='lat' dir='ltr'>sine</span> <span class='ocrx_word' id='word_1_206' title='bbox 895 1409 1129 1465; x_wconf 79' lang='lat' dir='ltr'>praepositis</span> <span class='ocrx_word' id='word_1_207' title='bbox 1149 1409 1284 1450; x_wconf 89' lang='lat' dir='ltr'>causis</span> <span class='ocrx_word' id='word_1_208' title='bbox 1306 1411 1482 1461; x_wconf 88' lang='lat' dir='ltr'>evenire,</span> <span class='ocrx_word' id='word_1_209' title='bbox 1495 1427 1543 1460; x_wconf 84' lang='lat'>41</span> 
     </span>
     <span class='ocr_line' id='line_1_24' title="bbox 53 1466 1483 1523; baseline 0.001 -18"><span class='ocrx_word' id='word_1_210' title='bbox 53 1478 274 1507; x_wconf 85' lang='lat' dir='ltr'>causarum</span> <span class='ocrx_word' id='word_1_211' title='bbox 291 1482 447 1522; x_wconf 86' lang='lat' dir='ltr'>genera</span> <span class='ocrx_word' id='word_1_212' title='bbox 466 1469 700 1523; x_wconf 80' lang='lat' dir='ltr'>distinguit,</span> <span class='ocrx_word' id='word_1_213' title='bbox 715 1477 762 1508; x_wconf 90' lang='lat' dir='ltr'>ut</span> <span class='ocrx_word' id='word_1_214' title='bbox 778 1477 821 1508; x_wconf 91' lang='lat' dir='ltr'>et</span> <span class='ocrx_word' id='word_1_215' title='bbox 841 1468 1130 1508; x_wconf 87' lang='lat' dir='ltr'>necessitatem</span> <span class='ocrx_word' id='word_1_216' title='bbox 1154 1466 1344 1521; x_wconf 83' lang='lat' dir='ltr'>effugiat,</span> <span class='ocrx_word' id='word_1_217' title='bbox 1359 1476 1403 1507; x_wconf 90' lang='lat' dir='ltr'>et</span> <span class='ocrx_word' id='word_1_218' title='bbox 1419 1481 1483 1507; x_wconf 90' lang='lat' dir='ltr'>re-</span> 
     </span>
     <span class='ocr_line' id='line_1_25' title="bbox 51 1521 1487 1579; baseline 0.002 -18"><span class='ocrx_word' id='word_1_219' title='bbox 51 1521 181 1562; x_wconf 87' lang='lat' dir='ltr'>tineat</span> <span class='ocrx_word' id='word_1_220' title='bbox 203 1523 350 1564; x_wconf 87' lang='lat' dir='ltr'>fatum.</span> <span class='ocrx_word' id='word_1_221' title='bbox 413 1525 647 1566; x_wconf 90' lang='lat' dir='ltr'>Causarum</span> <span class='ocrx_word' id='word_1_222' title='bbox 674 1525 800 1575; x_wconf 88' lang='lat' dir='ltr'>enim,</span> <span class='ocrx_word' id='word_1_223' title='bbox 825 1524 974 1579; x_wconf 90' lang='lat' dir='ltr'>inquit,</span> <span class='ocrx_word' id='word_1_224' title='bbox 996 1524 1088 1564; x_wconf 89' lang='lat' dir='ltr'>aliae</span> <span class='ocrx_word' id='word_1_225' title='bbox 1108 1531 1204 1563; x_wconf 87' lang='lat' dir='ltr'>sunt</span> <span class='ocrx_word' id='word_1_226' title='bbox 1226 1523 1421 1577; x_wconf 85' lang='lat' dir='ltr'>perfectae</span> <span class='ocrx_word' id='word_1_227' title='bbox 1443 1532 1487 1564; x_wconf 87' lang='lat' dir='ltr'>et</span> 
     </span>
     <span class='ocr_line' id='line_1_26' title="bbox 50 1577 1484 1637; baseline 0.001 -20"><span class='ocrx_word' id='word_1_228' title='bbox 50 1577 300 1633; x_wconf 88' lang='lat' dir='ltr'>principales</span> <span class='ocrx_word' id='word_1_229' title='bbox 320 1596 329 1619; x_wconf 90' lang='lat'>:</span> <span class='ocrx_word' id='word_1_230' title='bbox 361 1580 452 1620; x_wconf 84' lang='lat' dir='ltr'>aliae</span> <span class='ocrx_word' id='word_1_231' title='bbox 472 1581 715 1637; x_wconf 88' lang='lat' dir='ltr'>adjuvantes</span> <span class='ocrx_word' id='word_1_232' title='bbox 737 1590 779 1622; x_wconf 90' lang='lat' dir='ltr'>et</span> <span class='ocrx_word' id='word_1_233' title='bbox 799 1581 1013 1636; x_wconf 86' lang='lat' dir='ltr'>proximae.</span> <span class='ocrx_word' id='word_1_234' title='bbox 1072 1579 1363 1635; x_wconf 66' lang='lat' dir='ltr'>Quamobrem</span> <span class='ocrx_word' id='word_1_235' title='bbox 1386 1594 1484 1620; x_wconf 91' lang='lat' dir='ltr'>cum</span> 
     </span>
     <span class='ocr_line' id='line_1_27' title="bbox 49 1632 1486 1686; baseline 0.001 -12"><span class='ocrx_word' id='word_1_236' title='bbox 49 1632 243 1685; x_wconf 88' lang='lat' dir='ltr'>dicimus,</span> <span class='ocrx_word' id='word_1_237' title='bbox 264 1636 406 1676; x_wconf 86' lang='lat' dir='ltr'>omnia</span> <span class='ocrx_word' id='word_1_238' title='bbox 432 1637 521 1677; x_wconf 86' lang='lat' dir='ltr'>fato</span> <span class='ocrx_word' id='word_1_239' title='bbox 548 1638 633 1678; x_wconf 86' lang='lat' dir='ltr'>fieri</span> <span class='ocrx_word' id='word_1_240' title='bbox 664 1638 798 1678; x_wconf 90' lang='lat' dir='ltr'>causis</span> <span class='ocrx_word' id='word_1_241' title='bbox 827 1636 1185 1686; x_wconf 86' lang='lat' dir='ltr'>antecedentibus,</span> <span class='ocrx_word' id='word_1_242' title='bbox 1209 1650 1291 1676; x_wconf 92' lang='lat' dir='ltr'>non</span> <span class='ocrx_word' id='word_1_243' title='bbox 1317 1636 1398 1676; x_wconf 91' lang='lat' dir='ltr'>hoc</span> <span class='ocrx_word' id='word_1_244' title='bbox 1419 1636 1486 1676; x_wconf 84' lang='lat' dir='ltr'>in-</span> 
     </span>
     <span class='ocr_line' id='line_1_28' title="bbox 49 1689 1484 1748; baseline 0.003 -19"><span class='ocrx_word' id='word_1_245' title='bbox 49 1689 185 1745; x_wconf 84' lang='lat' dir='ltr'>telligi</span> <span class='ocrx_word' id='word_1_246' title='bbox 215 1691 420 1742; x_wconf 85' lang='lat' dir='ltr'>volumus,</span> <span class='ocrx_word' id='word_1_247' title='bbox 441 1692 576 1736; x_wconf 90' lang='lat' dir='ltr'>causis</span> <span class='ocrx_word' id='word_1_248' title='bbox 606 1694 816 1748; x_wconf 87' lang='lat' dir='ltr'>perfectis,</span> <span class='ocrx_word' id='word_1_249' title='bbox 837 1702 880 1733; x_wconf 91' lang='lat' dir='ltr'>et</span> <span class='ocrx_word' id='word_1_250' title='bbox 909 1692 1222 1748; x_wconf 89' lang='lat' dir='ltr'>principalibus,</span> <span class='ocrx_word' id='word_1_251' title='bbox 1243 1691 1315 1732; x_wconf 91' lang='lat' dir='ltr'>sed</span> <span class='ocrx_word' id='word_1_252' title='bbox 1347 1693 1484 1733; x_wconf 88' lang='lat' dir='ltr'>causis</span> 
     </span>
     <span class='ocr_line' id='line_1_29' title="bbox 50 1745 1482 1804; baseline 0.002 -18"><span class='ocrx_word' id='word_1_253' title='bbox 50 1745 360 1802; x_wconf 88' lang='lat' dir='ltr'>adjuvantibus,</span> <span class='ocrx_word' id='word_1_254' title='bbox 377 1749 723 1790; x_wconf 88' lang='lat' dir='ltr'>antecedentibus</span> <span class='ocrx_word' id='word_1_255' title='bbox 745 1758 787 1790; x_wconf 90' lang='lat' dir='ltr'>et</span> <span class='ocrx_word' id='word_1_256' title='bbox 808 1749 1022 1804; x_wconf 78' lang='lat' dir='ltr'>proximis.</span> <span class='ocrx_word' id='word_1_257' title='bbox 1063 1749 1211 1803; x_wconf 88' lang='lat' dir='ltr'>Itaque</span> <span class='ocrx_word' id='word_1_258' title='bbox 1232 1748 1292 1787; x_wconf 86' lang='lat' dir='ltr'>illi</span> <span class='ocrx_word' id='word_1_259' title='bbox 1314 1748 1482 1800; x_wconf 88' lang='lat' dir='ltr'>rationi,</span> 
     </span>
     <span class='ocr_line' id='line_1_30' title="bbox 50 1803 1482 1858; baseline 0.003 -16"><span class='ocrx_word' id='word_1_260' title='bbox 50 1817 178 1857; x_wconf 88' lang='lat' dir='ltr'>quam</span> <span class='ocrx_word' id='word_1_261' title='bbox 203 1803 346 1858; x_wconf 90' lang='lat' dir='ltr'>paullo</span> <span class='ocrx_word' id='word_1_262' title='bbox 373 1813 468 1845; x_wconf 88' lang='lat' dir='ltr'>ante</span> <span class='ocrx_word' id='word_1_263' title='bbox 495 1805 697 1855; x_wconf 88' lang='lat' dir='ltr'>conclusi,</span> <span class='ocrx_word' id='word_1_264' title='bbox 718 1805 776 1855; x_wconf 76' lang='lat' dir='ltr'>sic</span> <span class='ocrx_word' id='word_1_265' title='bbox 797 1805 992 1855; x_wconf 83' lang='lat' dir='ltr'>occurrit,</span> <span class='ocrx_word' id='word_1_266' title='bbox 1014 1805 1059 1845; x_wconf 92' lang='lat' dir='ltr'>Si</span> <span class='ocrx_word' id='word_1_267' title='bbox 1092 1805 1234 1844; x_wconf 87' lang='lat' dir='ltr'>omnia</span> <span class='ocrx_word' id='word_1_268' title='bbox 1258 1804 1346 1844; x_wconf 92' lang='lat' dir='ltr'>fato</span> <span class='ocrx_word' id='word_1_269' title='bbox 1367 1805 1482 1856; x_wconf 84' lang='lat' dir='ltr'>fiant,</span> 
     </span>
     <span class='ocr_line' id='line_1_31' title="bbox 49 1859 1479 1916; baseline 0.002 -18"><span class='ocrx_word' id='word_1_270' title='bbox 49 1859 169 1914; x_wconf 87' lang='lat' dir='ltr'>sequi</span> <span class='ocrx_word' id='word_1_271' title='bbox 189 1859 292 1901; x_wconf 86' lang='lat' dir='ltr'>illud</span> <span class='ocrx_word' id='word_1_272' title='bbox 312 1860 497 1916; x_wconf 86' lang='lat' dir='ltr'>quidem,</span> <span class='ocrx_word' id='word_1_273' title='bbox 518 1870 565 1902; x_wconf 89' lang='lat' dir='ltr'>ut</span> <span class='ocrx_word' id='word_1_274' title='bbox 584 1862 726 1902; x_wconf 84' lang='lat' dir='ltr'>onmia</span> <span class='ocrx_word' id='word_1_275' title='bbox 743 1861 879 1902; x_wconf 88' lang='lat' dir='ltr'>causis</span> <span class='ocrx_word' id='word_1_276' title='bbox 908 1861 1008 1901; x_wconf 89' lang='lat' dir='ltr'>fiant</span> <span class='ocrx_word' id='word_1_277' title='bbox 1035 1860 1277 1915; x_wconf 85' lang='lat' dir='ltr'>antepositis</span> <span class='ocrx_word' id='word_1_278' title='bbox 1294 1876 1306 1911; x_wconf 84' lang='lat'>3</span> <span class='ocrx_word' id='word_1_279' title='bbox 1338 1875 1479 1901; x_wconf 86' lang='lat' dir='ltr'>verum</span> 
     </span>
     <span class='ocr_line' id='line_1_32' title="bbox 48 1915 1481 1973; baseline 0.003 -18"><span class='ocrx_word' id='word_1_280' title='bbox 48 1929 133 1956; x_wconf 89' lang='lat' dir='ltr'>non</span> <span class='ocrx_word' id='word_1_281' title='bbox 153 1915 468 1971; x_wconf 88' lang='lat' dir='ltr'>principalibus,</span> <span class='ocrx_word' id='word_1_282' title='bbox 488 1928 530 1958; x_wconf 90' lang='lat' dir='ltr'>et</span> <span class='ocrx_word' id='word_1_283' title='bbox 550 1918 756 1972; x_wconf 87' lang='lat' dir='ltr'>perfectis,</span> <span class='ocrx_word' id='word_1_284' title='bbox 776 1917 848 1958; x_wconf 86' lang='lat' dir='ltr'>sed</span> <span class='ocrx_word' id='word_1_285' title='bbox 873 1916 938 1973; x_wconf 90' lang='lat' dir='ltr'>adj</span> <span class='ocrx_word' id='word_1_286' title='bbox 947 1917 1181 1965; x_wconf 82' lang='lat' dir='ltr'>uvantibus,</span> <span class='ocrx_word' id='word_1_287' title='bbox 1203 1926 1246 1956; x_wconf 85' lang='lat' dir='ltr'>et</span> <span class='ocrx_word' id='word_1_288' title='bbox 1266 1917 1481 1971; x_wconf 87' lang='lat' dir='ltr'>proximis.</span> 
     </span>
     <span class='ocr_line' id='line_1_33' title="bbox 48 1972 1480 2029; baseline 0.002 -18"><span class='ocrx_word' id='word_1_289' title='bbox 48 1986 143 2027; x_wconf 87' lang='lat' dir='ltr'>quae</span> <span class='ocrx_word' id='word_1_290' title='bbox 176 1972 211 2012; x_wconf 90' lang='lat' dir='ltr'>si</span> <span class='ocrx_word' id='word_1_291' title='bbox 239 1972 339 2027; x_wconf 85' lang='lat' dir='ltr'>ipsae</span> <span class='ocrx_word' id='word_1_292' title='bbox 361 1988 445 2013; x_wconf 91' lang='lat' dir='ltr'>non</span> <span class='ocrx_word' id='word_1_293' title='bbox 465 1974 546 2014; x_wconf 90' lang='lat' dir='ltr'>sint</span> <span class='ocrx_word' id='word_1_294' title='bbox 565 1975 606 2014; x_wconf 90' lang='lat' dir='ltr'>in</span> <span class='ocrx_word' id='word_1_295' title='bbox 629 1984 772 2015; x_wconf 89' lang='lat' dir='ltr'>nostra</span> <span class='ocrx_word' id='word_1_296' title='bbox 790 1982 1012 2029; x_wconf 90' lang='lat' dir='ltr'>potestate,</span> <span class='ocrx_word' id='word_1_297' title='bbox 1032 1988 1113 2013; x_wconf 83' lang='lat' dir='ltr'>non</span> <span class='ocrx_word' id='word_1_298' title='bbox 1136 1972 1337 2027; x_wconf 90' lang='lat' dir='ltr'>sequitur,</span> <span class='ocrx_word' id='word_1_299' title='bbox 1360 1982 1407 2013; x_wconf 91' lang='lat' dir='ltr'>ut</span> <span class='ocrx_word' id='word_1_300' title='bbox 1429 1987 1480 2014; x_wconf 91' lang='lat' dir='ltr'>ne</span> 
     </span>
     <span class='ocr_line' id='line_1_34' title="bbox 47 2028 1480 2085; baseline 0.001 -17"><span class='ocrx_word' id='word_1_301' title='bbox 47 2029 259 2083; x_wconf 85' lang='lat' dir='ltr'>appetitus</span> <span class='ocrx_word' id='word_1_302' title='bbox 280 2029 449 2084; x_wconf 87' lang='lat' dir='ltr'>quidem</span> <span class='ocrx_word' id='word_1_303' title='bbox 483 2031 535 2070; x_wconf 90' lang='lat' dir='ltr'>sit</span> <span class='ocrx_word' id='word_1_304' title='bbox 563 2031 603 2071; x_wconf 91' lang='lat' dir='ltr'>in</span> <span class='ocrx_word' id='word_1_305' title='bbox 635 2039 776 2071; x_wconf 89' lang='lat' dir='ltr'>nostra</span> <span class='ocrx_word' id='word_1_306' title='bbox 803 2038 1024 2085; x_wconf 88' lang='lat' dir='ltr'>potestate.</span> <span class='ocrx_word' id='word_1_307' title='bbox 1053 2037 1096 2069; x_wconf 89' lang='lat' dir='ltr'>at</span> <span class='ocrx_word' id='word_1_308' title='bbox 1118 2028 1199 2068; x_wconf 90' lang='lat' dir='ltr'>hoc</span> <span class='ocrx_word' id='word_1_309' title='bbox 1221 2038 1480 2083; x_wconf 87' lang='lat' dir='ltr'>sequeretur,</span> 
     </span>
     <span class='ocr_line' id='line_1_35' title="bbox 45 2083 1480 2142; baseline 0.001 -18"><span class='ocrx_word' id='word_1_310' title='bbox 45 2083 81 2124; x_wconf 87' lang='lat' dir='ltr'>si</span> <span class='ocrx_word' id='word_1_311' title='bbox 102 2085 246 2125; x_wconf 90' lang='lat' dir='ltr'>omnia</span> <span class='ocrx_word' id='word_1_312' title='bbox 271 2086 467 2140; x_wconf 86' lang='lat' dir='ltr'>perfectis</span> <span class='ocrx_word' id='word_1_313' title='bbox 498 2095 540 2127; x_wconf 90' lang='lat' dir='ltr'>et</span> <span class='ocrx_word' id='word_1_314' title='bbox 566 2087 865 2142; x_wconf 87' lang='lat' dir='ltr'>principalibus</span> <span class='ocrx_word' id='word_1_315' title='bbox 893 2086 1028 2126; x_wconf 88' lang='lat' dir='ltr'>causis</span> <span class='ocrx_word' id='word_1_316' title='bbox 1054 2084 1139 2125; x_wconf 86' lang='lat' dir='ltr'>fieri</span> <span class='ocrx_word' id='word_1_317' title='bbox 1160 2084 1409 2134; x_wconf 83' lang='lat' dir='ltr'>diceremus,</span> <span class='ocrx_word' id='word_1_318' title='bbox 1431 2094 1480 2126; x_wconf 88' lang='lat' dir='ltr'>ut</span> 
     </span>
     <span class='ocr_line' id='line_1_36' title="bbox 45 2140 1476 2198; baseline 0.001 -18"><span class='ocrx_word' id='word_1_319' title='bbox 45 2153 145 2181; x_wconf 90' lang='lat' dir='ltr'>cum</span> <span class='ocrx_word' id='word_1_320' title='bbox 164 2140 230 2182; x_wconf 88' lang='lat' dir='ltr'>hae</span> <span class='ocrx_word' id='word_1_321' title='bbox 249 2156 387 2183; x_wconf 84' lang='lat' dir='ltr'>causae</span> <span class='ocrx_word' id='word_1_322' title='bbox 408 2157 490 2183; x_wconf 91' lang='lat' dir='ltr'>non</span> <span class='ocrx_word' id='word_1_323' title='bbox 518 2152 654 2184; x_wconf 88' lang='lat' dir='ltr'>essent</span> <span class='ocrx_word' id='word_1_324' title='bbox 672 2144 715 2183; x_wconf 91' lang='lat' dir='ltr'>in</span> <span class='ocrx_word' id='word_1_325' title='bbox 736 2151 878 2183; x_wconf 84' lang='lat' dir='ltr'>nostra</span> <span class='ocrx_word' id='word_1_326' title='bbox 897 2149 1121 2198; x_wconf 87' lang='lat' dir='ltr'>potestate,</span> <span class='ocrx_word' id='word_1_327' title='bbox 1142 2155 1194 2180; x_wconf 90' lang='lat' dir='ltr'>ne</span> <span class='ocrx_word' id='word_1_328' title='bbox 1215 2141 1285 2181; x_wconf 90' lang='lat' dir='ltr'>ille</span> <span class='ocrx_word' id='word_1_329' title='bbox 1305 2141 1476 2196; x_wconf 91' lang='lat' dir='ltr'>quidem</span> 
     </span>
     <span class='ocr_line' id='line_1_37' title="bbox 45 2197 1539 2255; baseline 0.001 -19"><span class='ocrx_word' id='word_1_330' title='bbox 45 2206 157 2237; x_wconf 90' lang='lat' dir='ltr'>esset</span> <span class='ocrx_word' id='word_1_331' title='bbox 187 2197 229 2238; x_wconf 89' lang='lat' dir='ltr'>in</span> <span class='ocrx_word' id='word_1_332' title='bbox 257 2208 398 2240; x_wconf 90' lang='lat' dir='ltr'>nostra</span> <span class='ocrx_word' id='word_1_333' title='bbox 421 2207 644 2255; x_wconf 90' lang='lat' dir='ltr'>potestate.</span> <span class='ocrx_word' id='word_1_334' title='bbox 703 2199 996 2242; x_wconf 79' lang='lat' dir='ltr'>Quamobrem</span> <span class='ocrx_word' id='word_1_335' title='bbox 1017 2197 1090 2254; x_wconf 87' lang='lat' dir='ltr'>qui</span> <span class='ocrx_word' id='word_1_336' title='bbox 1111 2197 1169 2238; x_wconf 88' lang='lat' dir='ltr'>ita</span> <span class='ocrx_word' id='word_1_337' title='bbox 1187 2197 1321 2238; x_wconf 84' lang='lat' dir='ltr'>fatum</span> <span class='ocrx_word' id='word_1_338' title='bbox 1343 2197 1474 2238; x_wconf 90' lang='lat' dir='ltr'>intro·</span> <span class='ocrx_word' id='word_1_339' title='bbox 1486 2204 1539 2238; x_wconf 86' lang='lat'>42</span> 
     </span>
     <span class='ocr_line' id='line_1_38' title="bbox 47 2251 1475 2313; baseline 0.002 -21"><span class='ocrx_word' id='word_1_340' title='bbox 47 2251 222 2305; x_wconf 88' lang='lat' dir='ltr'>ducunt,</span> <span class='ocrx_word' id='word_1_341' title='bbox 253 2264 302 2296; x_wconf 91' lang='lat' dir='ltr'>ut</span> <span class='ocrx_word' id='word_1_342' title='bbox 327 2256 615 2297; x_wconf 88' lang='lat' dir='ltr'>necessitatem</span> <span class='ocrx_word' id='word_1_343' title='bbox 642 2255 891 2313; x_wconf 84' lang='lat' dir='ltr'>adjungant,</span> <span class='ocrx_word' id='word_1_344' title='bbox 920 2255 963 2296; x_wconf 87' lang='lat' dir='ltr'>in</span> <span class='ocrx_word' id='word_1_345' title='bbox 994 2269 1067 2296; x_wconf 88' lang='lat' dir='ltr'>eos</span> <span class='ocrx_word' id='word_1_346' title='bbox 1097 2253 1250 2294; x_wconf 89' lang='lat' dir='ltr'>valebit</span> <span class='ocrx_word' id='word_1_347' title='bbox 1276 2253 1347 2294; x_wconf 89' lang='lat' dir='ltr'>illa</span> <span class='ocrx_word' id='word_1_348' title='bbox 1371 2269 1475 2295; x_wconf 88' lang='lat' dir='ltr'>con-</span> 
     </span>
     <span class='ocr_line' id='line_1_39' title="bbox 46 2308 1477 2366; baseline 0.003 -18"><span class='ocrx_word' id='word_1_349' title='bbox 46 2308 194 2351; x_wconf 78' lang='lat' dir='ltr'>clusio,</span> <span class='ocrx_word' id='word_1_350' title='bbox 225 2311 298 2366; x_wconf 87' lang='lat' dir='ltr'>qui</span> <span class='ocrx_word' id='word_1_351' title='bbox 325 2321 467 2353; x_wconf 86' lang='lat' dir='ltr'>autem</span> <span class='ocrx_word' id='word_1_352' title='bbox 495 2327 641 2354; x_wconf 91' lang='lat' dir='ltr'>causas</span> <span class='ocrx_word' id='word_1_353' title='bbox 668 2312 963 2354; x_wconf 90' lang='lat' dir='ltr'>antecedentes</span> <span class='ocrx_word' id='word_1_354' title='bbox 982 2326 1066 2352; x_wconf 92' lang='lat' dir='ltr'>non</span> <span class='ocrx_word' id='word_1_355' title='bbox 1085 2309 1228 2351; x_wconf 87' lang='lat' dir='ltr'>dicent</span> <span class='ocrx_word' id='word_1_356' title='bbox 1253 2311 1477 2365; x_wconf 88' lang='lat' dir='ltr'>perfectas,</span> 
     </span>
     <span class='ocr_line' id='line_1_40' title="bbox 48 2366 1478 2424; baseline 0.004 -21"><span class='ocrx_word' id='word_1_357' title='bbox 48 2378 184 2420; x_wconf 88' lang='lat' dir='ltr'>neque</span> <span class='ocrx_word' id='word_1_358' title='bbox 212 2367 475 2423; x_wconf 84' lang='lat' dir='ltr'>principales,</span> <span class='ocrx_word' id='word_1_359' title='bbox 494 2369 536 2409; x_wconf 91' lang='lat' dir='ltr'>in</span> <span class='ocrx_word' id='word_1_360' title='bbox 565 2384 638 2410; x_wconf 91' lang='lat' dir='ltr'>eos</span> <span class='ocrx_word' id='word_1_361' title='bbox 668 2369 772 2410; x_wconf 89' lang='lat' dir='ltr'>nihil</span> <span class='ocrx_word' id='word_1_362' title='bbox 800 2368 966 2410; x_wconf 89' lang='lat' dir='ltr'>valebit.</span> <span class='ocrx_word' id='word_1_363' title='bbox 996 2367 1112 2424; x_wconf 91' lang='lat' dir='ltr'>quod</span> <span class='ocrx_word' id='word_1_364' title='bbox 1140 2366 1253 2408; x_wconf 89' lang='lat' dir='ltr'>enim</span> <span class='ocrx_word' id='word_1_365' title='bbox 1283 2367 1478 2409; x_wconf 88' lang='lat' dir='ltr'>dicantur</span> 
     </span>
     <span class='ocr_line' id='line_1_41' title="bbox 48 2421 1478 2482; baseline 0.002 -21"><span class='ocrx_word' id='word_1_366' title='bbox 48 2421 305 2464; x_wconf 86' lang='lat' dir='ltr'>assensiones</span> <span class='ocrx_word' id='word_1_367' title='bbox 324 2424 414 2466; x_wconf 73' lang='lat' dir='ltr'>&#39;fieri</span> <span class='ocrx_word' id='word_1_368' title='bbox 432 2427 568 2467; x_wconf 91' lang='lat' dir='ltr'>causis</span> <span class='ocrx_word' id='word_1_369' title='bbox 589 2425 848 2482; x_wconf 89' lang='lat' dir='ltr'>antepositis,</span> <span class='ocrx_word' id='word_1_370' title='bbox 863 2425 906 2466; x_wconf 92' lang='lat' dir='ltr'>id</span> <span class='ocrx_word' id='word_1_371' title='bbox 926 2426 1050 2481; x_wconf 90' lang='lat' dir='ltr'>quale</span> <span class='ocrx_word' id='word_1_372' title='bbox 1071 2424 1139 2475; x_wconf 90' lang='lat' dir='ltr'>sit,</span> <span class='ocrx_word' id='word_1_373' title='bbox 1154 2423 1276 2465; x_wconf 86' lang='lat' dir='ltr'>facile</span> <span class='ocrx_word' id='word_1_374' title='bbox 1296 2439 1321 2464; x_wconf 86' lang='lat' dir='ltr'>a</span> <span class='ocrx_word' id='word_1_375' title='bbox 1341 2438 1384 2465; x_wconf 88' lang='lat' dir='ltr'>se</span> <span class='ocrx_word' id='word_1_376' title='bbox 1403 2438 1478 2465; x_wconf 87' lang='lat' dir='ltr'>ex-</span> 
     </span>
     <span class='ocr_line' id='line_1_42' title="bbox 47 2476 1476 2539; baseline 0.003 -22"><span class='ocrx_word' id='word_1_377' title='bbox 47 2476 196 2532; x_wconf 85' lang='lat' dir='ltr'>plicari</span> <span class='ocrx_word' id='word_1_378' title='bbox 225 2486 385 2532; x_wconf 86' lang='lat' dir='ltr'>putant.</span> <span class='ocrx_word' id='word_1_379' title='bbox 416 2496 513 2523; x_wconf 88' lang='lat' dir='ltr'>nam</span> <span class='ocrx_word' id='word_1_380' title='bbox 533 2497 788 2539; x_wconf 90' lang='lat' dir='ltr'>quamquam</span> <span class='ocrx_word' id='word_1_381' title='bbox 812 2481 998 2523; x_wconf 89' lang='lat' dir='ltr'>assensio</span> <span class='ocrx_word' id='word_1_382' title='bbox 1024 2496 1106 2522; x_wconf 90' lang='lat' dir='ltr'>non</span> <span class='ocrx_word' id='word_1_383' title='bbox 1134 2480 1267 2536; x_wconf 87' lang='lat' dir='ltr'>possit</span> <span class='ocrx_word' id='word_1_384' title='bbox 1288 2480 1376 2521; x_wconf 90' lang='lat' dir='ltr'>fieri</span> <span class='ocrx_word' id='word_1_385' title='bbox 1397 2479 1476 2522; x_wconf 91' lang='lat' dir='ltr'>nisi</span> 
     </span>
     <span class='ocr_line' id='line_1_43' title="bbox 49 2535 1474 2594; baseline 0.004 -21"><span class='ocrx_word' id='word_1_386' title='bbox 49 2543 269 2575; x_wconf 87' lang='lat' dir='ltr'>commota</span> <span class='ocrx_word' id='word_1_387' title='bbox 296 2535 383 2576; x_wconf 88' lang='lat' dir='ltr'>viso</span> <span class='ocrx_word' id='word_1_388' title='bbox 400 2554 410 2578; x_wconf 73' lang='lat' dir='ltr'><em>z</em></span> <span class='ocrx_word' id='word_1_389' title='bbox 448 2547 589 2580; x_wconf 87' lang='lat' dir='ltr'>tamen</span> <span class='ocrx_word' id='word_1_390' title='bbox 615 2554 714 2580; x_wconf 91' lang='lat' dir='ltr'>cum</span> <span class='ocrx_word' id='word_1_391' title='bbox 735 2538 779 2580; x_wconf 90' lang='lat' dir='ltr'>id</span> <span class='ocrx_word' id='word_1_392' title='bbox 798 2539 931 2580; x_wconf 89' lang='lat' dir='ltr'>visum</span> <span class='ocrx_word' id='word_1_393' title='bbox 951 2539 1184 2594; x_wconf 84' lang='lat' dir='ltr'>proximam</span> <span class='ocrx_word' id='word_1_394' title='bbox 1205 2551 1377 2578; x_wconf 87' lang='lat' dir='ltr'>causam</span> <span class='ocrx_word' id='word_1_395' title='bbox 1398 2537 1474 2578; x_wconf 91' lang='lat' dir='ltr'>ha-</span> 
     </span>
     <span class='ocr_line' id='line_1_44' title="bbox 47 2588 1473 2648; baseline 0.002 -18"><span class='ocrx_word' id='word_1_396' title='bbox 47 2588 162 2641; x_wconf 89' lang='lat' dir='ltr'>beat,</span> <span class='ocrx_word' id='word_1_397' title='bbox 182 2604 266 2631; x_wconf 90' lang='lat' dir='ltr'>non</span> <span class='ocrx_word' id='word_1_398' title='bbox 292 2591 575 2648; x_wconf 88' lang='lat' dir='ltr'>principalem,</span> <span class='ocrx_word' id='word_1_399' title='bbox 600 2595 708 2637; x_wconf 89' lang='lat' dir='ltr'>hanc</span> <span class='ocrx_word' id='word_1_400' title='bbox 737 2595 865 2637; x_wconf 90' lang='lat' dir='ltr'>habet</span> <span class='ocrx_word' id='word_1_401' title='bbox 894 2595 1097 2636; x_wconf 89' lang='lat' dir='ltr'>rationem</span> <span class='ocrx_word' id='word_1_402' title='bbox 1122 2596 1186 2647; x_wconf 91' lang='lat' dir='ltr'>(ut</span> <span class='ocrx_word' id='word_1_403' title='bbox 1208 2593 1473 2648; x_wconf 87' lang='lat' dir='ltr'>Chrysippus</span> 
     </span>
     <span class='ocr_line' id='line_1_45' title="bbox 49 2645 1474 2707; baseline 0.001 -18"><span class='ocrx_word' id='word_1_404' title='bbox 49 2645 154 2699; x_wconf 90' lang='lat' dir='ltr'>vult)</span> <span class='ocrx_word' id='word_1_405' title='bbox 177 2661 303 2703; x_wconf 89' lang='lat' dir='ltr'>quam</span> <span class='ocrx_word' id='word_1_406' title='bbox 337 2648 496 2691; x_wconf 88' lang='lat' dir='ltr'>dudum</span> <span class='ocrx_word' id='word_1_407' title='bbox 526 2651 721 2702; x_wconf 85' lang='lat' dir='ltr'>diximus,</span> <span class='ocrx_word' id='word_1_408' title='bbox 741 2667 840 2703; x_wconf 88' lang='lat' dir='ltr'>non,</span> <span class='ocrx_word' id='word_1_409' title='bbox 861 2660 909 2694; x_wconf 89' lang='lat' dir='ltr'>ut</span> <span class='ocrx_word' id='word_1_410' title='bbox 936 2651 1008 2693; x_wconf 89' lang='lat' dir='ltr'>illa</span> <span class='ocrx_word' id='word_1_411' title='bbox 1037 2650 1207 2707; x_wconf 87' lang='lat' dir='ltr'>quidem</span> <span class='ocrx_word' id='word_1_412' title='bbox 1230 2650 1314 2690; x_wconf 86' lang='lat' dir='ltr'>fieri</span> <span class='ocrx_word' id='word_1_413' title='bbox 1340 2648 1474 2703; x_wconf 90' lang='lat' dir='ltr'>possit</span> 
     </span>
     <span class='ocr_line' id='line_1_46' title="bbox 52 2701 1471 2760; baseline 0.001 -18"><span class='ocrx_word' id='word_1_414' title='bbox 52 2701 166 2744; x_wconf 86' lang='lat' dir='ltr'>nulla</span> <span class='ocrx_word' id='word_1_415' title='bbox 185 2704 223 2744; x_wconf 93' lang='lat' dir='ltr'>vi</span> <span class='ocrx_word' id='word_1_416' title='bbox 241 2704 496 2748; x_wconf 86' lang='lat' dir='ltr'>extrinsecus</span> <span class='ocrx_word' id='word_1_417' title='bbox 523 2709 715 2759; x_wconf 88' lang='lat' dir='ltr'>excitata,</span> <span class='ocrx_word' id='word_1_418' title='bbox 739 2713 926 2760; x_wconf 90' lang='lat' dir='ltr'>(necesse</span> <span class='ocrx_word' id='word_1_419' title='bbox 954 2717 1018 2749; x_wconf 91' lang='lat' dir='ltr'>est</span> <span class='ocrx_word' id='word_1_420' title='bbox 1041 2707 1168 2757; x_wconf 89' lang='lat' dir='ltr'>enim,</span> <span class='ocrx_word' id='word_1_421' title='bbox 1188 2704 1471 2746; x_wconf 88' lang='lat' dir='ltr'>assensionem</span> 
     </span>
    </p>
   </div>
   <div class='ocr_carea' id='block_1_3' title="bbox 105 2821 1413 2919">
    <p class='ocr_par' dir='ltr' id='par_1_3' title="bbox 105 2821 1413 2919">
     <span class='ocr_line' id='line_1_47' title="bbox 105 2821 1413 2867; baseline 0.001 -15"><span class='ocrx_word' id='word_1_422' title='bbox 105 2828 144 2853; x_wconf 76' lang='lat'>41</span> <span class='ocrx_word' id='word_1_423' title='bbox 169 2821 291 2853; x_wconf 83' lang='lat' dir='ltr'>medium</span> <span class='ocrx_word' id='word_1_424' title='bbox 299 2824 398 2864; x_wconf 80' lang='lat' dir='ltr'>ferire</span> <span class='ocrx_word' id='word_1_425' title='bbox 411 2823 548 2867; x_wconf 77' lang='lat' dir='ltr'>voluisse]</span> <span class='ocrx_word' id='word_1_426' title='bbox 565 2825 682 2858; x_wconf 84' lang='lat' dir='ltr'>Pendet</span> <span class='ocrx_word' id='word_1_427' title='bbox 696 2835 737 2857; x_wconf 80' lang='lat' dir='ltr'>ex</span> <span class='ocrx_word' id='word_1_428' title='bbox 751 2825 841 2856; x_wconf 80' lang='lat' dir='ltr'>initio</span> <span class='ocrx_word' id='word_1_429' title='bbox 856 2824 986 2865; x_wconf 78' lang='lat' dir='ltr'>capitis:</span> <span class='ocrx_word' id='word_1_430' title='bbox 1008 2823 1055 2856; x_wconf 81' lang='lat' dir='ltr'>Ac</span> <span class='ocrx_word' id='word_1_431' title='bbox 1069 2823 1141 2855; x_wconf 77' lang='lat' dir='ltr'><em>mibi</em></span> <span class='ocrx_word' id='word_1_432' title='bbox 1156 2822 1269 2865; x_wconf 84' lang='lat' dir='ltr'>quidem</span> <span class='ocrx_word' id='word_1_433' title='bbox 1283 2822 1413 2854; x_wconf 73' lang='lat' dir='ltr'>videtur.</span> 
     </span>
     <span class='ocr_line' id='line_1_48' title="bbox 105 2879 901 2919; baseline 0.004 -3"><span class='ocrx_word' id='word_1_434' title='bbox 105 2886 220 2917; x_wconf 76' lang='lat' dir='ltr'>vos..</span> <span class='ocrx_word' id='word_1_435' title='bbox 243 2889 312 2919; x_wconf 91' lang='lat' dir='ltr'>1v.</span> <span class='ocrx_word' id='word_1_436' title='bbox 334 2890 374 2919; x_wconf 79' lang='lat' dir='ltr'>P.</span> <span class='ocrx_word' id='word_1_437' title='bbox 392 2891 427 2919; x_wconf 85' lang='lat'>1.</span> <span class='ocrx_word' id='word_1_438' title='bbox 779 2879 806 2905; x_wconf 68' lang='lat'>&#39;³¹‘</span> <span class='ocrx_word' id='word_1_439' title='bbox 830 2890 859 2919; x_wconf 80' lang='lat' dir='ltr'>R</span> <span class='ocrx_word' id='word_1_440' title='bbox 880 2891 901 2919; x_wconf 87' lang='lat' dir='ltr'>r</span> 
     </span>
    </p>
   </div>
  </div>
 </body>
</html>
