1778 3095
580 116 760 155 LIBER
789 115 1084 153 QUINTUS.
1483 121 1556 152 21'1

127 239 203 268 cur
223 225 303 268 ista
324 241 367 268 se
386 239 451 267 res
479 224 538 265 ita
566 223 733 274 habeat,
756 231 804 264 ut
836 222 935 274 dixi,
956 222 1154 286 deinceps
1184 221 1561 265 demonstrandum

126 292 206 323 est
237 283 511 344 quamobrem
542 280 755 321 ordiamur
775 280 829 320 ab
848 294 914 330 eo,
936 278 1051 334 quod
1070 279 1256 334 primum
1285 280 1423 332 posui.
1446 280 1562 334 quod

128 339 242 380 idem
275 353 417 394 reapse
448 351 631 392 primum
660 346 738 388 est,
770 346 819 377 ut
852 336 1152 391 intelligamus,
1174 349 1300 375 omne
1330 335 1484 375 animal
1515 351 1559 376 se

127 395 266 451 ipsum
298 395 485 449 diligere.
520 393 638 458 quod
672 406 930 448 quamquam
969 392 1275 433 dubitationem
1313 405 1396 431 non
1431 391 1560 432 habet

132 455 213 506 (est
231 452 340 492 enim
359 450 562 491 infixum
552 465 594 490 1n
616 451 706 505 ipsa
727 461 888 500 natura,
909 448 1285 504 comprehenditur
1305 448 1390 487 suis
1416 447 1560 503 cujus·

131 522 211 564 que
231 508 433 557 sensibus,
454 507 527 556 sic,
547 516 609 557 ut,
630 515 777 547 contra
810 507 844 547 si
872 507 965 562 quis
993 505 1130 545 dicere
1161 504 1274 555 velit,
1299 519 1383 544 non
1412 504 1600 550 audia-p.
1617 517 1652 542 12³
1644 519 1688 544 1.

130 566 212 617 tur)
242 574 397 614 tamen,
428 578 480 604 ne
510 538 612 619 quid
645 563 1031 618 praetermittamus,
1059 561 1240 603 rationes
1274 575 1457 616 quoque,
1483 564 1586 601 cura

128 621 209 661 hoc
227 620 288 660 ita
307 620 373 671 sit,
393 620 622 661 afferendas
642 630 760 675 puto.
806 620 897 661 Etsi
917 620 990 675 qui
1017 628 1160 674 potest
1183 617 1377 672 intelligi,
1394 627 1467 658 aut
1487 632 1561 658 co-
1571 620 1622 656 28

126 676 265 731 gitari,
286 691 378 718 esse
409 677 582 733 aliquod
613 677 783 726 animal,
813 677 929 732 quod
959 691 1002 717 se
1032 675 1198 716 oderit?
1232 689 1297 715 res
1323 688 1358 714 e
1350 675 1435 714 11111
1460 688 1562 715 con-

125 742 295 774 current
323 734 556 775 contrariae.
588 748 684 774 nam
715 748 813 775 cum
844 734 1057 797 appetitus
1085 732 1154 773 ille
1181 731 1310 772 animi
1329 731 1491 795 aliquid
1508 731 1562 772 ad

127 802 170 829 se
190 789 354 831 trahere
374 790 551 845 coeperit
579 790 788 840 consulto,
811 789 925 845 quod
946 789 1026 830 sibi
1045 789 1171 840 obsit,
1191 788 1290 844 quia
1309 788 1362 828 sit
1383 788 1491 828 sibi
1482 788 1561 828 lni-

127 845 287 888 micus:
319 862 415 888 cum
449 847 490 887 id
524 862 598 887 sua
625 861 751 888 causa
772 846 922 896 taciet3
954 855 996 887 et
1016 846 1152 887 oderit
1180 860 1238 895 se,
1258 853 1301 885 et
1320 844 1445 885 simul
1464 844 1561 885 dili-

126 910 230 958 get:
243 903 376 968 quod
409 904 497 944 fie1i
534 919 618 944 non
652 913 807 959 potest.
838 917 1007 944 necesse
1037 912 1101 943 est
1129 902 1317 958 quidem,
1347 910 1382 932 41
1402 902 1435 941 si
1468 902 1561 956 quis

128 959 209 1000 sibi
241 959 329 1015 ipse
359 960 554 1001 inimicus
585 969 662 1011 est,
696 975 810 1009 eum,
832 975 927 1015 quae
957 960 1070 1000 bona
1100 968 1212 1008 sunt,
1242 958 1354 998 mala
1383 967 1561 1013 putare:

128 1015 241 1057 bona
260 1025 421 1069 contra,
445 1032 538 1073 quae
557 1017 695 1058 mala:
727 1027 770 1057 et
789 1032 884 1073 quae
910 1015 1165 1080 appe-tenda,-
1184 990 1360 1070 filgere:
1393 1022 1438 1055 et
1466 1030 1561 1071 quae

127 1072 344 1138 fugienda,
366 1084 586 1130 appetere:
618 1089 713 1138 quae
733 1073 820 1114 sine
839 1073 970 1114 dubio
991 1073 1084 1113 vitae
1106 1081 1203 1113 sunt
1223 1072 1395 1112 eversio.
1426 1085 1564 1136 neque

129 1130 258 1181 enim,
277 1130 310 1171 si
331 1131 522 1172 nonnulli
543 1131 817 1186 reperiuntur,
838 1131 910 1186 qui
940 1139 1014 1171 aut
1039 1130 1227 1194 laqueos,
1248 1138 1321 1169 aut
1338 1128 1419 1168 alia
1438 1129 1565 1169 exitia

130 1197 334 1241 quaerant,
355 1197 393 1220 42
405 1197 492 1238 aut,
512 1197 558 1229 ut
580 1188 649 1228 ille
666 1187 778 1243 apud
793 1188 829 1228 'I
832 1188 1052 1237 erentium,
1073 1187 1145 1242 qui
1164 1185 1347 1226 decrevit
1365 1185 1566 1240 tantisper

131 1258 172 1283 se
192 1243 326 1284 minus
346 1245 456 1300 injur
460 1245 512 1286 ioe
532 1260 600 1285 suo
620 1244 917 1301 gmttofacere,
938 1246 1002 1297 (ut
1017 1243 1076 1284 ait
1093 1244 1197 1298 ipse)
1223 1242 1316 1282 dum
1325 1242 1414 1298 fiat
1429 1243 1565 1293 miser,

131 1307 170 1331 43
188 1299 382 1342 inimicus
403 1303 491 1357 ipse
511 1301 589 1342 sibi
610 1302 822 1357 putandus
843 1310 920 1341 est.
969 1300 1052 1341 Sed
1071 1300 1141 1340 alii
1163 1299 1309 1339 dolore
1328 1313 1425 1339 mov
1428 1312 1565 1363 entur,
1578 1311 1636 1352 29

131 1357 202 1398 alii
223 1358 481 1413 cupiditate:
513 1357 730 1399 iracundia
755 1358 881 1398 etiam
903 1356 1026 1397 multi
1045 1357 1298 1397 efferuntur:
1331 1364 1374 1396 et
1394 1370 1492 1396 cum
1524 1355 1565 1395 in

130 1413 242 1454 mala
269 1415 448 1455 scientes
475 1415 653 1465 irruunt,
675 1425 816 1455 tamen
846 1428 889 1453 se
918 1413 1079 1468 optime
1101 1412 1183 1453 sibi
1209 1412 1428 1453 consulere
1457 1412 1569 1453 arbi-

131 1478 322 1511 trantu-r:
354 1471 495 1527 itaque
515 1471 674 1522 dicunt,
696 1485 772 1511 nec
794 1470 1007 1521 dubitant,-

237 1562 336 1605 Mihi
353 1568 404 1604 sic>
418 1581 499 1605 usus
518 1577 567 1604 est
579 1583 590 1604 .·
622 1567 685 1604 tibi
703 1573 740 1604 m
758 1576 837 1618 opus
856 1575 904 1603 est
911 1567 1027 1615 facto,
1037 1557 1125 1615 face
1140 1581 1152 1601 .’

131 1652 258 1704 161111,
280 1653 352 1709 qui
383 1653 462 1709 ipsi
492 1653 570 1694 sibi
598 1652 759 1694 bellum
791 1651 1066 1693 indixissent:
1099 1651 1275 1693 cruciari
1298 1650 1401 1701 dies,
1423 1659 1569 1693 noctes

131 1711 318 1766 torqueri
350 1710 530 1752 vellent..
564 1724 658 1750 nec
670 1723 767 1750 vero
798 1723 888 1750 sese
913 1709 992 1764 ipsi
1013 1717 1258 1749 accusarent
1277 1709 1333 1749 ob
1353 1723 1443 1749 eam
1469 1723 1570 1750 cau-

131 1782 235 1832 sam,
257 1766 371 1822 quod
393 1782 482 1808 sese
502 1767 613 1807 male
632 1766 755 1807 rebus
786 1766 872 1807 suis
901 1766 1162 1807 consuluisse
1188 1764 1389 1806 dicerent.
1421 1780 1568 1806 eorum

132 1824 246 1865 enim
265 1824 357 1864 haec
376 1833 441 1864 est
461 1823 644 1879 querela,
665 1823 737 1878 qui
759 1822 837 1864 sibi
859 1823 944 1863 cari
974 1832 1086 1874 sunt,
1108 1831 1147 1854 44
1165 1836 1340 1878 seseque
1370 1822 1570 1877 diligunt.

132 1882 291 1936 Ouare,
312 1881 660 1936 quotiescumque
679 1880 843 1920 dicetur
862 1879 973 1920 male
1003 1879 1055 1920 de
1087 1894 1131 1920 se
1163 1879 1257 1935 quis
1282 1879 1448 1930 mereri,
1447 1856 1570 1920 0sibi-

135 1951 217 1992 que
245 1951 334 1977 esse
364 1937 574 1987 inimicus,
604 1946 730 1992 atque
763 1936 911 1986 hostis,
932 1936 1058 1978 vitam
1091 1936 1273 1992 denique
1298 1936 1477 1992 fugere:
1508 1936 1573 1976 in—

132 1992 350 2048 telligatur
378 1994 564 2048 aliquam
597 1994 767 2034 subesse
797 1993 1009 2049 ejusmodi
1038 2008 1224 2043 causam,
1243 2001 1291 2034 ut
1318 2007 1369 2033 ex
1398 2007 1449 2033 eo
1478 1992 1577 2047 ipso

132 2050 267 2104 possit
286 2049 481 2105 intelligi,
503 2050 582 2090 sibi
603 2065 816 2106 quemque
835 2061 925 2091 esse
955 2064 1115 2091 carum.
1175 2051 1268 2091 Nec
1291 2064 1387 2090 vero
1408 2049 1452 2090 i'd
1471 2050 1569 2089 satis
1582 2065 1639 2096 30

134 2114 213 2156 est,
234 2106 446 2147 neminem
478 2118 582 2157 esse,
605 2122 677 2162 qul
698 2107 787 2161 ipse
817 2120 860 2147 se
890 2106 1055 2147 oderit:
1086 2103 1161 2148 sed
1189 2106 1294 2147 illud
1316 2121 1486 2162 quoque
1509 2106 1572 2146 in-

136 2162 415 2217 {elligendum
447 2171 525 2212 est,
560 2164 771 2204 neminem
802 2176 907 2214 esse,
933 2163 1025 2219 qui,
1047 2173 1133 2219 q'uo
1164 2163 1295 2204 modo
1324 2178 1367 2204 se
1402 2163 1571 2212 habeat,

135 2219 238 2260 nihil
260 2234 336 2261 sua
354 2229 522 2260 censeat
542 2220 758 2261 interesse.
790 2220 965 2261 tolletur
986 2220 1099 2261 enim
1123 2220 1334 2275 appetitus
1357 2220 1500 2269 animi,
1522 2220 1569 2268 si,

134 2286 182 2316 ut
201 2276 242 2316 111
265 2276 313 2317 iis
334 2277 474 2327 rebus,
497 2277 604 2317 inter
634 2292 736 2341 quas
771 2277 874 2317 1111111
903 2277 1090 2326 interest,
1114 2286 1306 2317 neutram
1337 2276 1383 2316 in
1406 2285 1616 2330 par.temb

133 2333 424 2396 propensiores
459 2333 606 2384 simus,
642 2335 744 2375 item
775 2334 816 2374 in
850 2333 1183 2389 nobismetipsis,
1208 2332 1571 2388 quemadmodum

134 2388 271 2430 affecti
313 2389 458 2441 simus,
493 2390 598 2431 nihil
635 2400 779 2431 nostra
814 2390 1113 2431 arbitrabimur
1152 2390 1367 2430 interesse.
1426 2390 1572 2444 Atque
1592 2393 1654 2441 11

134 2445 262 2486 etiam
283 2446 403 2497 illud,
425 2447 459 2487 si
481 2447 573 2502 quis
595 2447 731 2488 dicere
752 2447 865 2499 velit,
886 2445 1192 2503 perabsurdum
1217 2446 1298 2486 sit:
1328 2446 1387 2487 ita
1409 2445 1530 2500 diligi
1551 2459 1576 2485 a

178 2602 216 2624 41
236 2595 260 2624 si
275 2594 338 2636 quis
353 2594 406 2624 sibi
426 2595 484 2634 ipse
507 2594 640 2625 ininiIcus
655 2593 710 2632 est]
729 2588 834 2633 Vulgo
921 2597 960 2624 4⁶3
979 2592 1110 2623 inimicus
1126 2593 1186 2633 ipse
1201 2593 1256 2623 sibi
1274 2593 1421 2633 putandus
1437 2592 1493 2634 est]
1512 2587 1576 2624 Da·

136 2645 184 2667 est
209 2638 263 2667 ,ihi
291 2638 346 2676 ipsi
372 2646 481 2668 contra
503 2637 703 2668 latinitatem.
728 2639 761 2667 in
783 2638 833 2667 ed.
876 2637 974 2667 visius
997 2638 1109 2676 corrigi
1133 2637 1203 2667 vult
1230 2637 1341 2666 inimici
1366 2638 1419 2666 sibi
1447 2639 1501 2676 ipsi
1519 2646 1576 2677 pu-

138 2681 217 2710 Ven.
244 2687 335 2713 1494.
363 2689 410 2711 est
432 2688 560 2711 tantum
586 2682 640 2710 sihi
666 2688 701 2711 et
719 2681 766 2710 sic
788 2687 838 2710 est
878 2680 961 2709 tandi
976 2687 1052 2710 sunt.
1069 2690 1157 2716 sane,
1173 2689 1237 2709 non
1263 2682 1394 2710 refertur
1410 2682 1471 2710 hoc
1487 2682 1525 2710 ad
1542 2681 1579 2710 il-

140 2722 247 2771 paullo
259 2731 337 2762 post.
353 2725 407 2753 sed
423 2733 501 2753 mox
517 2730 562 2753 est
577 2725 673 2754 etiam
686 2723 740 2752 sibi
756 2724 832 2762 ipse:
878 2723 948 2753 lum
973 2715 1055 2762 apud
1079 2724 1280 2761 Terentium,
1297 2725 1352 2754 sed
1369 2724 1407 2753 ad
1422 2724 1578 2763 superius

140 2765 270 2794 inimicus
287 2767 341 2795 sibi
357 2767 415 2802 ipse
427 2767 572 2806 putandus
588 2774 638 2798 est.
880 2765 1021 2803 nonnulli,
1035 2767 1098 2808 qui.

183 2814 221 2836 4:⁴2
238 2815 300 2845 aut,
318 2816 348 2838 ut
364 2809 414 2838 ille
429 2809 508 2848 apu'd
523 2808 603 2850 Ten]
622 2809 767 2839 Davisius
785 2815 836 2838 aut
923 2816 962 2838 44
981 2820 1092 2850 seseque
1109 2807 1248 2848 diligunt]
1270 2809 1320 2837 Sic
1337 2816 1382 2838 est
1399 2810 1430 2838 in
1448 2808 1515 2838 edd.
1533 2818 1577 2846 pr

141 2849 235 2879 deleti
253 2852 330 2881 vult.
349 2860 440 2882 recte.
880 2859 963 2881 reete
978 2863 1018 2881 se.
1021 2863 1100 2892 eque
1125 2852 1151 2881 V
1157 2852 1230 2890 ulgo
1247 2851 1330 2882 male
1347 2862 1413 2880 sese.

838 2905 909 2935 ΡΖ
