1778 3095
505 77 509 81 ·
568 66 753 108 LIBER
780 65 1132 103 SECUNDUS.
1497 71 1580 114 299

144 186 424 228 moverentur,
445 190 556 231 saepe
575 175 742 224 dixisse,
760 173 883 215 Nihil
910 172 1002 228 agis
1022 172 1174 214 dolor:
1205 175 1394 229 quamvis
1415 176 1471 217 sis
1489 192 1586 219 mo-

143 233 290 284 lestus,
328 247 559 289 numquam
597 240 640 272 te
680 245 771 272 esse
808 229 1044 271 confitebor
1076 229 1253 271 malum.
1313 230 1648 289 Omninoque62

143 303 291 335 omnes
323 290 424 332 clari
456 297 500 329 et
533 287 745 329 nobilitati
773 287 938 328 labores
971 286 1285 328 contemnendo
1320 287 1426 328 fiunt
1456 290 1582 332 etiam

143 347 396 410 tolerabiles.
449 344 755 409 ⁵Videmusne,
785 352 834 385 ut
862 343 976 400 apud
1004 343 1231 398 magistros
1271 358 1419 384 eorum
1457 344 1583 387 ludo-
1596 333 1668 387 26

142 417 254 473 rum,
283 403 354 459 qui
387 401 588 457 Gymnici
620 401 906 451 nominantur,
939 414 1121 455 magnus
1154 400 1290 441 honos
1320 400 1388 451 sit,
1419 400 1584 445 nullum

143 459 196 500 ab
230 459 293 510 iis,
326 459 397 514 qui
431 459 474 498 in
509 457 552 498 id
588 467 802 499 certamen
840 457 1110 507 descendant,
1149 456 1322 498 devitari
1359 457 1583 500 dolorem?

144 515 256 571 apud
276 530 381 570 quos
400 525 545 556 autem
573 514 764 565 venandi,
794 523 837 555 et
866 513 1082 569 equitandi
1111 513 1202 554 laus
1231 514 1362 569 viget,
1383 514 1454 569 qui
1475 514 1585 556 hanc

139 580 370 626 petessunt,
396 571 589 612 6nullum
618 571 788 626 fugiunt
816 571 1023 613 dolorem.
1080 570 1198 614 Ouid
1228 570 1281 610 de
1311 571 1464 611 nostris
1493 586 1586 612 am-

141 628 385 679 bitionibus,
406 628 508 684 quid
529 628 580 669 de
600 628 829 683 cupiditate
849 628 1060 692 bonorum
1081 628 1264 692 loquar?
1298 642 1392 682 quae
1413 628 1585 669 flamma

141 693 218 733 est,
249 698 323 738 per
360 700 488 740 quam
527 699 611 725 non
647 685 906 726 cucurrerint
936 684 980 734 ii,
1005 691 1019 720 7
1037 685 1109 739 qui
1144 684 1237 724 haec
1272 683 1375 724 olim
1414 685 1584 739 punctis

141 740 317 795 singulis
354 741 645 806 colligebant?
678 742 820 797 itaque
860 755 1024 795 semper
1057 741 1284 782 Africanus
1317 741 1583 782 Socraticum

140 797 499 853 Xenophontem
490 814 531 839 111
551 798 745 839 manibus
778 798 975 839 habebat.
1007 797 1129 852 cujus
1151 797 1192 837 in
1214 797 1359 852 primis
1381 797 1584 839 laudabat

139 853 259 903 illud,
295 854 411 909 quod
444 855 616 904 diceret,
647 854 820 895 eosdem
851 855 1016 894 labores
1047 868 1131 894 non
1163 868 1252 894 esse
1286 868 1405 909 aeque
1434 868 1582 909 graves

139 909 396 975 imperatori,
436 920 480 952 et
518 911 657 963 militi,
700 911 816 967 quod
850 911 940 966 ipse
983 911 1117 950 honos
1163 910 1353 951 laborem
1381 910 1580 951 1611016111

139 966 298 1008 faceret
316 968 649 1033 imperatorium.
711 968 794 1008 Sed
824 976 964 1008 tamen
995 967 1076 1007 1106
1108 967 1259 1017 61161111,
1291 975 1337 1007 ut
1365 967 1407 1007 in
1428 968 1580 1023 vulgus
1593 969 1641 1009 63

140 1023 426 1088 insipientium
449 1025 592 1080 opinio
613 1025 747 1066 valeat
774 1024 1021 1074 honestatis,
1053 1038 1152 1064 611111
1183 1023 1318 1078 ipsam
1340 1023 1476 1064 videre
1496 1039 1582 1065 non

139 1080 316 1135 possint.
335 1081 479 1137 itaque
506 1083 634 1133 fama,
664 1091 706 1123 et
736 1080 1018 1122 multitudinis
1042 1080 1206 1136 judicio
1226 1089 1462 1130 moventur,
1481 1096 1582 1122 cum

139 1136 184 1178 id
203 1136 429 1179 honestum
451 1148 616 1194 putent,
637 1138 754 1193 quod
783 1152 807 1178 a
837 1138 1044 1193 plerisque
1072 1137 1282 1178 laudetur.
1340 1138 1401 1177 Te
1422 1147 1582 1188 31116111,

143 1193 176 1234 51
195 1193 238 1234 111
259 1195 392 1235 0611115
415 1195 469 1236 515
490 1194 787 1245 multitudinis,
817 1204 960 1235 tamen
991 1208 1082 1249 eJus
1107 1193 1270 1249 judicio
1301 1203 1412 1235 stare
1432 1194 1582 1245 nolim,

140 1264 232 1300 nec,
271 1250 385 1306 quod
420 1251 493 1292 illa
529 1259 663 1306 putet,
700 1251 814 1292 idem
854 1258 1004 1305 putare
1039 1250 1356 1305 pulcerrimum.
1392 1258 1468 1290 tuo
1504 1251 1584 1293 tibi

134 1306 301 1362 judicio
322 1316 385 1348 est
408 1308 627 1349 utendum.
648 1308 726 1348 tibi
749 1308 782 1349 si
803 1317 917 1349 recta
944 1306 1142 1363 probanti
1161 1306 1361 1361 placebis,
1383 1316 1476 1347 tum
1496 1322 1582 1348 non

140 1363 272 1405 modo
294 1372 341 1404 tu
362 1373 403 1405 te
418 1365 578 1415 viceris,
593 1364 708 1428 quod
721 1365 865 1419 paullo
879 1373 975 1405 ante
992 1363 1302 1420 praecipiebam,
1324 1362 1397 1404 sed
1417 1378 1580 1415 omneS,

138 1427 182 1461 et
201 1421 358 1461 omnia.
413 1429 429 1452 8
444 1422 543 1461 Ηο6
565 1422 695 1484 igitur
713 1421 790 1461 tibi
807 1435 1024 1476 propone:
1053 1420 1374 1475 amplitudinem
1395 1429 1438 1460 et
1459 1422 1578 1476 quasi
1591 1416 1645 1458 64

139 1476 348 1531 quandam
401 1478 771 1532 exaggerationem
822 1492 951 1532 quam
991 1476 1240 1517 altissimam
1292 1476 1435 1526 animi,
1472 1478 1579 1533 9qm

138 1533 319 1574 maxime
357 1534 516 1574 eminet
563 1533 883 1574 contemnendis
929 1542 972 1574 et
1015 1533 1295 1588 despiciendis
1342 1533 1577 1585 doloribus,

137 1604 265 1631 unam
286 1604 377 1631 esse
399 1590 591 1631 omnium
622 1605 710 1631 rem
741 1590 1053 1645 pulcerrimam,
1084 1603 1220 1645 eoque
1249 1589 1521 1655 pulcriorem,
1544 1591 1578 1632 si

137 1655 255 1687 vacet
293 1647 468 1711 populo,
508 1661 644 1703 neque
682 1647 876 1702 plausum
916 1655 1103 1702 captans,
1147 1655 1185 1678 10
1200 1661 1244 1687 se
1284 1655 1450 1687 1311111111
1486 1647 1707 1702 ipsaP·18⁹‘

139 1702 334 1744 delectet.
356 1704 586 1759 quinetiam
603 1704 707 1744 1111111
724 1704 897 1768 quidem
915 1703 1192 1744 laudabiliora
1207 1702 1400 1744 videntur
1420 1705 1578 1756 omnia,
1588 1695 1618 1718 a.

138 1774 233 1814 quae
254 1760 341 1800 sine
360 1761 658 1825 venditatione,
689 1771 733 1801 et
763 1776 851 1801 sine
880 1761 1041 1816 populo
1071 1769 1194 1810 16516,
1225 1761 1355 1801 fiunt:
1387 1775 1471 1801 non
1492 1776 1580 1817 quo

138 1816 364 1871 fugiendus
399 1818 452 1858 sit
494 1817 654 1870 (omnia
688 1818 800 1857 enim
832 1818 1053 1858 benefacta
1084 1817 1127 1857 in
1162 1817 1257 1858 luce
1296 1831 1340 1858 se
1377 1817 1580 1860 collocari

137 1873 300 1927 volunt)
324 1874 399 1914 sed
415 1883 559 1915 tamen
578 1873 742 1915 nullum
762 1874 977 1916 theatrum
1003 1874 1146 1916 virtuti
1165 1874 1422 1916 conscientia
1441 1876 1579 1931 majus

137 1938 215 1970 est.

194 1986 338 2041 Atque
370 1986 413 2027 in
445 1987 589 2042 primis
624 1986 878 2028 meditemur
904 1986 1023 2038 illud,
1058 1996 1108 2028 ut
1138 1988 1230 2028 haec
1263 1987 1464 2042 patientia
1496 1987 1575 2030 do-
1588 1972 1662 2028 27

135 2042 292 2093 lorum,
314 2058 442 2098 quam
462 2058 572 2098 saepe
585 2043 678 2099 jam
699 2045 826 2085 animi
844 2044 1078 2085 intentione
1094 2044 1180 2085 dixi
1200 2059 1291 2085 esse
1313 2044 1576 2096 firmandam,
1590 2042 1640 2080 65

137 2098 181 2139 in
203 2100 320 2140 omni
339 2115 494 2155 genere
514 2115 558 2141 se
580 2101 831 2164 aequabilem
852 2101 1050 2155 praebeat.
1081 2115 1191 2155 saepe
1211 2101 1323 2141 enim
1345 2101 1483 2152 multi,
1505 2103 1579 2157 qui

139 2165 213 2197 aut
257 2166 430 2213 propter
475 2157 659 2198 victoriae
709 2157 999 2213 cupiditatem,
1044 2166 1078 2189 11
1096 2166 1170 2198 aut
1210 2166 1384 2212 propter
1429 2159 1579 2213 gloriae

184 2274 200 2298 5
228 2267 395 2297 Videmusne
417 2267 496 2307 apud
522 2267 601 2309 quos]
636 2264 791 2298 Corradus
819 2278 836 2298 e

140 2310 202 2340 Ms.
225 2310 271 2340 516
293 2311 423 2340 exhibet
447 2311 569 2341 Quaest.
593 2322 622 2350 p.
648 2317 722 2342 348.
750 2311 836 2341 Vide-

139 2364 246 2389 musne,
263 2360 296 2382 ut
311 2353 391 2392 apud
403 2354 553 2394 magistros
571 2366 664 2384 eorum
681 2353 812 2384 ludorum
825 2366 835 2384 .-

139 2395 171 2426 61
186 2396 231 2426 516
247 2397 414 2427 edidimus.

184 2444 203 2469 6
226 2439 337 2468 nullum
355 2440 486 2480 fugiunt
516 2438 653 2480 dolorem]
685 2439 835 2470 Davisius

140 2482 237 2512 edidit
254 2483 375 2522 fugere.
411 2483 506 2513 male.
544 2493 603 2513 1166
639 2485 728 2513 enim
765 2484 835 2512 haec

139 2525 279 2564 pendent
290 2535 330 2555 ex
338 2525 517 2563 videmusne,
528 2533 558 2556 et
568 2536 592 2556 51
585 2527 708 2567 fugere
724 2536 836 2555 verum

141 2574 233 2603 esset,
263 2569 389 2598 deberet
417 2570 513 2599 etiam
545 2569 605 2608 legi
636 2569 760 2617 vigeat:
783 2569 838 2599 sed

141 2616 187 2640 est
201 2612 452 2642 ηο1360131101115
475 2620 505 2642 et
527 2612 638 2642 formae
661 2613 789 2642 initium
804 2612 836 2641 in

143 2649 212 2682 his:
235 2654 316 2693 apud
339 2665 406 2695 quos
427 2661 523 2684 autem
554 2657 613 2685 &c.
640 2663 670 2685 et
700 2656 837 2685 mutavit

141 2697 331 2726 sententiam
347 2698 380 2726 in
395 2698 443 2727 ed
462 2699 560 2728 tertia.

187 2743 202 2772 7
229 2739 279 2779 qui
306 2739 368 2768 baec
397 2740 464 2769 olim
492 2740 609 2779 punctis
634 2740 755 2780 singulis
782 2739 838 2769 col-

880 2268 958 2298 bant
972 2269 1130 2308 suffragia.
1145 2275 1254 2307 puncta
1276 2268 1392 2309 singula
1415 2276 1492 2300 sunt
1512 2271 1580 2301 suf-

879 2312 975 2350 fragia
991 2311 1206 2350 singulorum.

925 2362 941 2385 8
967 2355 1029 2384 Hoc
1044 2354 1148 2394 igitur]
1169 2355 1233 2385 Ms.
1250 2355 1358 2385 Guelf.
1372 2355 1446 2385 Haec
1462 2355 1483 2386 i.

923 2405 941 2430 9
964 2408 1030 2439 quae
1045 2398 1170 2427 maxime
1186 2397 1301 2437 eminet]
1321 2398 1425 2427 eminet
1440 2399 1579 2438 profecto

879 2449 945 2470 non
962 2441 1096 2480 pertinet
1108 2441 1146 2471 ad
1156 2440 1341 2470 altitudinem
1351 2448 1406 2471 aut
1417 2453 1580 2482 exaggera-

881 2482 995 2520 tionem,
1033 2484 1088 2514 sed
1123 2484 1160 2513 ad
1197 2484 1336 2513 animum.
1384 2485 1494 2523 Itaque
1525 2486 1578 2515 hic

880 2527 1086 2558 scribendum
1102 2527 1226 2568 estqui,
1251 2535 1287 2557 ut
1310 2534 1340 2557 et
1362 2528 1457 2557 edidit
1480 2529 1580 2559 Davi-

881 2579 958 2599 slus.

924 2619 961 2643 10
985 2623 1013 2642 se
1040 2619 1152 2641 tantum
1176 2611 1238 2650 ipsa
1261 2609 1394 2651 delectet]
1431 2613 1496 2642 Vix
1534 2623 1581 2643 re-

878 2662 969 2685 ctum
987 2663 1042 2686 651.
1056 2662 1133 2695 puto
1149 2655 1321 2693 legendum
1332 2654 1499 2685 delectetur.
1513 2656 1576 2686 Μ5.

881 2698 989 2728 Guelf.
1006 2700 1103 2728 etiarn
1120 2698 1143 2727 si
1160 2704 1283 2727 tantum.

926 2749 961 2774 u
987 2748 1040 2770 aut
1063 2747 1183 2780 propter
1208 2739 1326 2780 gloriae]
1357 2741 1486 2771 Durum
1514 2740 1576 2769 hoc

145 2779 324 2821 lig-ebandi.
338 2792 366 2813 e.
390 2784 445 2824 qui
472 2782 613 2822 singulos
638 2785 720 2814 61165
744 2793 833 2823 roga-
876 2790 932 2813 651.
951 2793 1008 2814 cur
1020 2785 1108 2814 enim
1122 2793 1187 2814 non
1199 2790 1251 2813 aut
1257 2783 1362 2824 glorzae
1377 2784 1577 2822 sinepropter.
