1768 3095
147 301 177 332 p.
193 299 222 326 1.

191 345 212 367 2

508 296 588 348 M.
626 296 910 350 TULLII
950 296 1389 350 CICERONIS

247 423 976 491 ACADEMICARUM
1023 423 1643 492 QUAESTIONUM

619 572 823 614 LIBER
861 572 1258 624 SECUNDUS,

268 688 346 729 Seu
361 686 512 743 potius,
533 693 577 727 ut
596 701 687 728 eum
706 693 893 727 numerat
909 684 1080 737 Nonius,
1097 693 1284 743 quartus,
1297 685 1369 744 qui
1386 685 1620 730 inscribitur

752 798 1134 848 LUCULLUS.

731 1076 1146 1115 ARGUMENTUM.

221 1167 324 1207 Liber
339 1168 391 1205 bic
415 1165 592 1206 Ciceronis,
609 1163 666 1214 qui
686 1162 860 1199 Lucullus
874 1161 1008 1203 dicitur,
1027 1160 1112 1198 idem
1130 1160 1176 1198 ab
1194 1161 1272 1199 aliis
1293 1162 1338 1199 L.
1360 1162 1424 1200 IV.
1443 1162 1489 1200 ab
1506 1163 1585 1202 aliis
1602 1177 1655 1202 se-

270 1222 396 1258 cundus
414 1218 690 1269 Disputationum
702 1215 982 1253 Academicarum
988 1222 1136 1265 putatur
1148 1230 1159 1257 ς
1187 1228 1326 1266 quorum
1336 1225 1515 1268 utrumque
1523 1217 1655 1269 quidem

255 1275 396 1324 falsum
413 1285 492 1315 esse,
509 1285 551 1309 ex
567 1272 636 1320 ipso
659 1270 812 1307 Cicerone
835 1268 1055 1305 demonstrari
1076 1277 1195 1317 potest.
1253 1268 1396 1319 Scripsit
1420 1270 1533 1308 Cicero
1544 1273 1656 1321 primo

268 1329 351 1366 duos
370 1327 470 1377 Disp.
488 1324 598 1363 Acad.
614 1323 727 1365 libros,
745 1335 883 1372 quorum
892 1321 1037 1369 primum
1055 1320 1231 1364 Catulum,
1243 1321 1386 1360 alterum
1400 1324 1582 1364 Lucullum
1599 1325 1654 1363 in·

268 1382 457 1432 scripserat,
477 1377 567 1430 quod
581 1385 716 1428 uterque
735 1375 812 1413 buic
839 1375 1070 1425 Disputationi
1091 1373 1304 1424 interfuerat,
1324 1389 1355 1413 c.
1375 1382 1413 1415 3.
1431 1376 1549 1423 horum
1565 1378 1659 1424 alter,

268 1448 346 1484 ergo
372 1440 493 1477 restat,
515 1432 646 1482 primus
666 1430 779 1481 periit.
834 1428 969 1466 ,Deinde
998 1428 1110 1465 Cicero
1131 1435 1277 1478 quatuor
1295 1428 1396 1466 libros
1414 1430 1518 1482 Disp.
1537 1431 1651 1472 Acad.

267 1488 385 1533 edidit,
405 1488 440 1524 in
458 1485 581 1537 quibus
585 1484 703 1533 fusius
720 1492 753 1519 et
771 1483 964 1520 accuratius
981 1481 1181 1530 explicavit,
1198 1494 1276 1532 quae
1289 1489 1391 1520 antea
1410 1482 1505 1522 libris
1522 1483 1651 1525 duobus

265 1549 477 1593 exposuerat.
494 1553 534 1576 v.
553 1539 619 1589 Ep.
639 1536 689 1574 ad
704 1537 811 1574 Attio.
842 1535 950 1572 XIII.
975 1534 1108 1581 16-19.
1131 1533 1208 1573 &02
1265 1536 1397 1573 Horum
1418 1537 1523 1587 primi
1535 1539 1650 1590 frag.

266 1604 411 1633 mentum
429 1601 588 1644 superest,
608 1590 726 1642 reliqui
752 1599 819 1627 tres
840 1589 1026 1639 perierunt.
1082 1589 1142 1625 Ex
1154 1588 1368 1638 fragmentis
1386 1599 1499 1628 autem
1519 1592 1565 1630 L,
1583 1593 1650 1631 IV,

264 1663 343 1700 quae
365 1645 461 1699 apud
478 1647 625 1684 Nonium
643 1653 833 1686 occurrunt,
852 1641 1126 1692 intelligas,'quae
1143 1642 1179 1678 in
1197 1643 1341 1680 Lucullo
1358 1642 1590 1694 disputantur,
1609 1660 1652 1684 ea

266 1702 450 1740 maximam
456 1697 718 1752 partem,iisdcm
727 1696 840 1734 verbis
850 1696 997 1733 servatis
1007 1697 1042 1732 in
1052 1694 1196 1732 Librum
1206 1696 1227 1732 I
1230 1696 1330 1733 Vtum
1338 1697 1649 1738 secundaeeditionis

265 1755 438 1794 translata
449 1766 528 1792 esse.
556 1753 599 1790 In
610 1751 667 1788 boc
678 1750 762 1788 libro
773 1758 885 1787 autem
898 1758 973 1800 post
989 1749 1236 1800 praefationem‚
1255 1749 1297 1787 de
1313 1750 1475 1789 laudibus
1495 1753 1647 1799 Luculli,

264 1809 306 1847 de
325 1809 478 1847 instituto
504 1820 575 1849 suo,
600 1814 632 1843 et
650 1805 812 1842 occasione
833 1803 1093 1854 Disputationis,
1117 1802 1282 1840 Lucullus
1299 1817 1329 1841 c.
1350 1811 1389 1843 4.
1407 1818 1436 1843 s,
1455 1805 1647 1856 ingreditur

263 1863 518 1914 disputationem
530 1869 646 1897 contra
663 1857 879 1896 Academicos
897 1866 928 1894 et
945 1855 1130 1901 Philonem,
1147 1855 1192 1892 ab
1208 1856 1370 1894 Antiocho
1380 1868 1549 1911 acceptam
1563 1874 1648 1912 quo-

262 1930 338 1953 cum
356 1916 584 1966 saepefuerat.
641 1912 724 1960 Ejus
741 1925 874 1949 summa
893 1910 965 1948 haec
983 1919 1057 1947 est:
1087 1910 1174 1947 Esse
1193 1912 1421 1956 καταληπτὰ,
1441 1926 1526 1962 quae
1542 1927 1646 1952 com.

263 1969 438 2020 prehendi
466 1968 621 2019 possint,
639 1965 697 2003 boc
714 1974 774 2007 est,
794 1978 810 2002 e
826 1963 1013 2012 definitione
1039 1963 1192 2007 Zenonis,
1220 1978 1322 2014 quam
1347 1965 1517 2013 rejiciebat
1534 1967 1646 2014 Philo,

264 2024 353 2061 talia
372 2023 449 2060 visa
471 2020 704 2071 (φαντασίας)
727 2019 904 2069 impressa
924 2025 959 2054 et
978 2016 1097 2054 efficta
1116 2030 1160 2054 ex
1177 2030 1232 2059 e0,
1250 2018 1347 2054 unde
1366 2026 1501 2064 essent,
1521 2021 1647 2070 qualia

263 2090 339 2115 esse
360 2090 434 2114 non
451 2081 597 2126 possent
616 2087 660 2111 ex
679 2085 734 2117 eo,
753 2073 851 2109 unde
868 2085 940 2109 non
961 2077 1093 2114 essent,
1111 2084 1140 2108 c.
1155 2070 1192 2107 6.
1210 2069 1324 2116 infin.
1342 2071 1379 2108 in
1396 2085 1460 2122 quo
1478 2079 1553 2112 tota
1567 2086 1645 2112 con-

262 2131 428 2169 troversia
456 2129 586 2179 agitur.
643 2126 742 2164 Initio
762 2127 865 2176 facto
900 2139 923 2162 a
952 2123 1114 2169 sensibus,
1143 2123 1295 2167 ostendit,
1327 2137 1481 2164 sensuum
1506 2127 1645 2174 judicia

261 2198 348 2222 ‘vera
375 2193 407 2222 et
432 2192 522 2220 certa
546 2194 625 2225 esse,
644 2180 674 2217 si
700 2181 776 2218 sani
793 2181 861 2217 sint
879 2187 910 2216 et
929 2178 1094 2222 valentes,
1112 2187 1142 2214 et
1163 2177 1274 2214 omnia
1298 2187 1547 2226 remo-veantur,
1560 2195 1646 2233 quae

261 2238 388 2276 obstent
412 2247 442 2274 et
467 2235 660 2286 impediant,
678 2234 829 2284 inprimis
855 2233 885 2270 si
911 2232 1101 2269 exercitatio
1124 2241 1156 2268 et
1184 2244 1242 2267 ars
1265 2229 1468 2270 adhibeatur
1482 2249 1495 2270 .·
1523 2235 1644 2286 qualia

263 2300 373 2330 autem
402 2291 481 2334 sint,
508 2303 586 2340 quae
616 2288 764 2325 sensibus
785 2286 1029 2338 percipiantur,
1047 2284 1136 2321 talia
1165 2297 1232 2321 esse
1257 2284 1372 2330 etiam,
1391 2300 1468 2337 quae
1493 2289 1644 2326 sensibus

260 2346 392 2396 quidem
413 2358 474 2382 non
489 2342 716 2394 percipiantur
736 2341 829 2393 ipsis,
847 2339 907 2376 sed
932 2336 1168 2389 quodammodo
1187 2347 1309 2381 tamen,
1327 2350 1439 2390 nempe
1459 2354 1586 2391 genera
1612 2353 1645 2381 et

257 2401 398 2445 formas.
457 2399 513 2434 five
530 2396 579 2434 his
598 2395 678 2433 oriri
699 2397 831 2438 ἔυιῖας,
850 2393 1002 2436 notitias,
1023 2404 1100 2442 quae
1121 2392 1148 2428 si
1161 2392 1278 2439 salsae
1296 2402 1355 2428 aut
1374 2392 1510 2432 incertae
1525 2403 1644 2441 essent,

247 2443 361 2503 *neque
379 2452 429 2488 uti
446 2451 502 2493 iis,
520 2462 621 2500 neque
648 2460 840 2498 repugnans
859 2461 880 2484 α
898 2454 1107 2483 consentaneo
1124 2445 1304 2482 discernere
1325 2457 1505 2495 possemus,
1523 2461 1643 2492 memo-

258 2508 360 2549 riam,
376 2518 482 2543 omnes
501 2513 603 2544 artes,
622 2503 829 2552 virtutesque
854 2499 937 2540 tolli,
957 2499 1168 2548 sapientiam,
1185 2500 1357 2541 rationem,
1376 2499 1508 2538 decreta
1529 2501 1641 2552 pbilo-

257 2560 391 2611 sopbiae,
408 2572 486 2609 quae
505 2571 567 2594 non
588 2554 678 2592 modo
704 2570 766 2592 non
782 2553 887 2600 falsa
915 2552 975 2590 scil
986 2551 1069 2597 fixa
1097 2561 1129 2588 et
1156 2561 1236 2589 rata
1262 2565 1330 2589 esse
1356 2553 1511 2598 debeant,
1528 2554 1639 2594 omnia

257 2614 357 2650 ’nenti
376 2611 534 2649 bumanae
560 2608 728 2646 attributa
747 2610 835 2645 vitae
853 2620 924 2643 cum
946 2607 1166 2643 instrumenta
1183 2615 1214 2642 ct
1233 2605 1431 2653 annmenta
1447 2616 1520 2651 tum
1535 2621 1638 2646 orna-

255 2676 365 2704 menta
381 2681 392 2702 :
423 2679 453 2702 c.
471 2670 581 2711 7-10.
638 2663 757 2710 Rq‘iait
776 2660 891 2698 deinde
917 2673 990 2696 cum
1017 2659 1088 2703 has,
1109 2659 1169 2710 qui
1194 2667 1335 2697 certum
1365 2659 1550 2711 negabant,
1577 2675 1639 2699 ve-

257 2719 408 2757 sisimile
437 2717 667 2760 concedebant,
694 2715 783 2766 quod
809 2713 947 2751 sublata
974 2714 1050 2750 veri
1077 2722 1108 2749 ct
1124 2712 1221 2761 salsi
1245 2713 1384 2758 notione,
1401 2724 1433 2752 et
1455 2714 1638 2753 constituta

254 2773 487 2810 communitate
512 2771 586 2807 veri
615 2783 689 2806 cum
707 2770 817 2818 falso,
838 2765 1018 2804 similitudo
1046 2766 1118 2803 veri
1135 2766 1291 2813 judicari
1317 2780 1380 2804 non
1404 2776 1535 2817 posset;
1565 2777 1636 2805 tum

253 2841 317 2872 crs,
338 2827 394 2878 qui
415 2834 583 2876 percepta
611 2837 684 2860 cum
713 2832 845 2874 negent,
864 2820 1055 2871 perspicua
1081 2819 1303 2870 largiuntur:
1334 2833 1435 2872 neque
1455 2822 1539 2858 enim
1557 2833 1636 2873 per-
