1778 3095
258 162 335 195 532
703 157 777 195 DE
815 158 1240 196 DIVINATIONE

257 273 380 315 esset,
409 272 471 306 ter
495 279 606 315 eum,
632 265 789 316 scribit,
818 266 971 307 frustra
1001 265 1247 322 appetivisse
1277 265 1483 316 manibus,
1512 279 1607 308 cum
1637 282 1681 310 se

256 321 506 362 convolvens
535 321 597 362 sol
625 321 872 373 elaberetur,
892 332 935 363 et
961 323 1119 364 abiret:
1151 322 1189 363 ei
1209 335 1358 375 magos
1378 321 1527 362 dixisse
1551 324 1682 378 (quod

255 390 390 431 genus
411 378 645 432 sapientum
666 387 707 419 et
726 378 948 420 doctorum
971 379 1205 419 habebatur
1224 378 1265 418 in
1289 377 1434 430 Persis)
1459 392 1509 418 ex
1528 379 1683 434 triplici

255 433 514 487 appetitione
543 433 655 483 solis,
677 449 777 476 xxx
811 450 941 476 annos
975 435 1136 491 Cyrum
1163 442 1435 489 regnaturum
1456 448 1559 485 esse,
1581 449 1681 490 por-

255 489 384 529 tendi.
415 489 529 544 quod
563 490 620 531 ita
652 491 846 546 contigit.
876 506 969 531 narn
1005 490 1058 531 ad
1090 491 1449 545 septuagesimum
1482 491 1682 545 pervenit,

192 555 242 595 47
256 559 352 585 cum
381 559 444 586 xi,
474 555 595 587 natus
625 561 755 587 annos
783 561 956 602 regnare
984 547 1192 601 coepisset.
1253 548 1328 587 Est
1344 547 1537 602 profecto
1557 548 1681 603 quid·-

254 600 351 640 dam
371 602 496 642 etiam
529 602 571 643 in
600 603 786 643 barbaris
811 602 1008 657 gentibus
1029 602 1298 657 praesentiens
1320 614 1446 658 atque
1466 602 1651 645 divinans
1669 620 1680 646 ε

253 656 458 712 siquidem
488 658 541 699 ad
570 668 750 699 mortem
782 658 1046 712 proficiscens
1078 658 1261 698 Calanus
1298 659 1442 710 Indus,
1473 674 1571 700 cum
1606 659 1681 700 ad-

251 713 468 755 scenderet
498 714 540 754 in
568 729 721 769 rogum
751 714 982 764 ardentem,
1008 714 1046 754 O
1074 714 1319 768 praeclarum
1352 715 1594 766 discessum,
1615 716 1680 757 in-

250 769 355 824 quit,
378 784 400 810 e
420 770 526 812 vita!
558 785 670 820 cum,
700 779 747 810 ut
778 770 956 810 Herculi
984 770 1178 824 contigit,
1199 771 1366 811 mortali
1393 786 1567 827 corpore
1588 787 1679 813 cre-

248 834 380 876 mato,
402 827 443 866 in
464 827 601 866 lucem
623 826 786 866 animus
807 826 1044 866 excesserit.
1105 826 1300 881 Cumque
1319 827 1558 869 Alexander
1577 843 1676 870 eum

247 890 431 936 rogaret,
461 882 494 921 si
524 882 626 937 quid
656 881 792 932 vellet,
824 891 872 923 ut
900 882 1084 932 diceret3
1117 883 1303 937 Optime,
1333 883 1496 939 inquit:
1526 899 1681 941 prope-

248 937 360 978 diem
381 946 422 978 te
442 938 605 979 videbo.
637 938 751 994 quod
772 938 830 979 ita
849 939 1043 994 contigit.
1065 954 1160 979 nam
1182 939 1401 994 Babylone
1419 941 1562 994 paucis
1582 951 1679 996 post

247 992 394 1034 diebus
413 994 652 1035 Alexander
671 1004 732 1036 est
752 1004 960 1036 mortuus.
991 995 1178 1036 Discedo
1197 1009 1421 1050 parumper
1439 1010 1464 1036 a
1484 998 1676 1039 somniis:

204 1049 300 1090 aad
329 1064 422 1104 quae
449 1065 548 1091 mox
573 1061 764 1092 revertar.
823 1053 920 1107 Qua
941 1060 1065 1092 nocte
1085 1052 1290 1106 templum
1312 1051 1506 1106 Ephesiae
1527 1053 1678 1095 Dianae

247 1105 502 1161 deflagravit,
532 1107 677 1148 eadem
710 1116 876 1148 constat
904 1123 955 1149 ex
986 1107 1240 1163 Olympiade
1270 1116 1415 1149 natum
1447 1123 1538 1150 esse
1572 1109 1677 1151 Ale-

245 1162 466 1214 xandrum,
488 1172 627 1219 atque,
647 1164 719 1205 ubi
750 1165 891 1205 lucere
920 1164 1129 1219 coepisset,
1152 1164 1388 1205 clamitasse
1419 1179 1583 1221 magos,
1602 1180 1676 1221 pe-

246 1228 352 1259 stem
374 1234 422 1260 ac
442 1221 669 1275 perniciem
690 1221 804 1261 Asiae
829 1221 1020 1276 proxima
1042 1229 1164 1261 nocte
1186 1229 1340 1261 natam.
1401 1222 1508 1262 Haec
1529 1221 1581 1263 de
1605 1223 1675 1264 In-

165 1272 233 1320 24
247 1274 309 1315 dis
329 1284 372 1316 et
393 1277 552 1330 Magis.
599 1276 833 1318 Redeamus
853 1277 907 1318 ad
927 1277 1102 1318 somnia.
1149 1276 1434 1318 Hannibalem
1457 1286 1495 1310 84
1513 1277 1676 1320 Coelius

181 1345 232 1378 48
245 1331 403 1383 scribit,
422 1347 519 1373 cum
541 1333 783 1374 columnam
809 1348 994 1383 auream,
1015 1348 1109 1389 quae
1129 1342 1240 1375 esset
1259 1333 1301 1374 in
1324 1342 1361 1366 8⁵
1379 1334 1477 1375 fano
1498 1335 1676 1376 Junonis

241 1387 440 1439 Laciniae,
461 1389 621 1430 auferre
653 1390 791 1442 vellet,
814 1390 1122 1446 dubitaretque,
1140 1399 1284 1430 utrum
1315 1405 1365 1431 ea
1393 1391 1527 1432 solida
1552 1400 1677 1442 esset,

242 1458 295 1485 an
315 1445 570 1486 extrinsecus
591 1446 795 1498 inaurata,
816 1446 1182 1502 perterebravisse:
1205 1461 1387 1503 cumque
1410 1447 1588 1489 solidam
1610 1448 1676 1488 in-

242 1501 433 1552 venisset,
468 1503 765 1558 statuissetque
800 1503 964 1554 tollere,
997 1503 1034 1543 ei
1068 1502 1300 1543 secundum
1331 1504 1513 1559 quietem
1545 1505 1674 1545 visam

240 1571 331 1598 esse
353 1565 391 1589 86
408 1559 433 1600 J
438 1574 619 1600 unonem
643 1560 884 1615 praedicere,
904 1575 955 1600 ne
976 1559 1017 1600 id
1038 1559 1207 1610 faceret,
1228 1559 1475 1615 minarique,
1493 1561 1526 1601 si
1547 1561 1589 1602 id
1612 1561 1675 1601 fe-

240 1614 379 1665 cisset,
401 1630 444 1655 se
464 1625 719 1667 curaturam,
739 1626 786 1657 ut
808 1631 905 1657 eum
928 1630 1097 1671 quoque
1118 1616 1305 1665 oculum,
1328 1631 1412 1672 quo
1433 1617 1538 1657 bene
1557 1616 1673 1658 vide-

241 1679 317 1720 ret,
339 1671 549 1712 amitteret
569 1690 577 1712 :
609 1673 736 1728 idque
757 1673 810 1714 ab
831 1673 1001 1714 homine
1021 1681 1145 1713 acuto
1176 1687 1258 1712 non
1283 1687 1372 1712 esse
1397 1673 1640 1728 neglectum
1661 1689 1671 1714 ι

241 1726 382 1781 itaque
402 1742 452 1768 ex
473 1743 524 1768 eo
545 1743 663 1778 auro,
685 1729 798 1784 quod
817 1729 1120 1770 exterebratum
1143 1738 1265 1779 esset,
1285 1729 1482 1770 buculam
1505 1743 1672 1770 curasse

176 1791 229 1833 49
242 1783 491 1835 faciendam,
523 1794 566 1825 et
600 1799 691 1825 eam
729 1785 771 1826 in
805 1799 971 1826 summa
1002 1785 1199 1826 columna
1227 1785 1511 1826 collocavisse.
1571 1786 1672 1827 Hoc

239 1839 352 1880 idem
374 1841 414 1881 in
436 1841 579 1891 Sileni,
602 1839 727 1896 quem
750 1841 911 1882 Coelius
931 1841 1130 1895 sequitur,
1152 1842 1303 1882 Graeca
1323 1841 1498 1882 historia
1517 1851 1606 1883 est:
1637 1843 1671 1883 is

239 1905 380 1937 autem
401 1897 722 1953 diligentissime
752 1913 816 1938 res
847 1897 1096 1938 Hannibalis
1116 1907 1362 1952 persecutus
1383 1907 1471 1939 est:
1504 1898 1671 1939 Hanni-

236 1952 392 2004 balem,
414 1969 511 1994 cum
532 1955 710 2010 cepisset
730 1955 984 2009 Saguntum,
1005 1953 1138 1994 visum
1158 1968 1247 1994 esse
1275 1955 1317 1994 in
1346 1953 1502 1994 somnis
1523 1969 1548 1995 a
1566 1955 1671 1997 Jove

235 2009 278 2049 in
306 2009 480 2050 deorum
511 2011 739 2051 concilium
767 2011 930 2052 vocari:
962 2025 1048 2067 quo
1080 2024 1178 2052 cum
1206 2011 1398 2061 venisset,
1418 2011 1566 2053 Jovem
1587 2011 1669 2052 im-

235 2079 415 2120 perasse,
436 2076 484 2108 ut
504 2067 636 2107 Italiae
656 2067 816 2108 bellum
837 2067 1022 2118 inferret,
1043 2067 1279 2123 ducemque
1305 2067 1344 2108 ei
1369 2082 1501 2108 unum
1522 2082 1545 2108 e
1566 2082 1669 2109 con-

237 2121 334 2162 cilio
358 2122 502 2164 datum
523 2140 531 2164 :
563 2138 647 2179 quo
674 2123 792 2164 illum
822 2133 1026 2175 utentem,
1045 2138 1144 2164 cum
1164 2123 1347 2165 exercitu
1364 2123 1564 2179 progredi
1583 2139 1671 2165 coe-

235 2178 373 2233 pisse:
406 2189 496 2220 turn
526 2180 565 2221 ei
597 2179 749 2221 ducem
774 2180 894 2221 illum
919 2180 1180 2235 praecepisse,
1201 2195 1252 2221 ne
1273 2181 1518 2236 respiceret:
1550 2180 1669 2222 illum

237 2243 379 2276 autem
411 2236 454 2276 id
485 2236 642 2277 diutius
672 2237 807 2278 facere
837 2251 921 2278 non
950 2237 1151 2292 potuisse,
1172 2237 1413 2292 elatumque
1436 2236 1667 2291 cupiditate

234 2292 464 2347 respexisse
482 2310 491 2334 ς
523 2302 614 2334 tum
643 2293 771 2334 visam
790 2293 958 2334 beluam
979 2303 1136 2334 vastam
1159 2302 1201 2334 et
1221 2293 1464 2343 immanem,
1485 2293 1666 2333 circum-

232 2347 432 2402 plicatam
461 2350 737 2405 serpentibus,
759 2364 1025 2406 quacumque
1054 2349 1280 2400 incederet,
1311 2349 1452 2390 omnia
1481 2349 1666 2400 arbusta,

233 2404 430 2459 virgulta,
462 2415 574 2447 tecta
601 2416 864 2461 pervertere:
901 2416 944 2448 et
976 2420 1073 2447 eum
1106 2406 1356 2447 admiratum
1387 2405 1584 2460 quaesisse
1613 2405 1666 2446 de

233 2459 330 2511 deo,
355 2462 570 2517 quodnam
596 2463 699 2504 illud
727 2473 835 2504 esset
861 2463 944 2504 tale
968 2472 1230 2503 monstrum:
1262 2471 1304 2502 et
1334 2461 1461 2502 deum
1490 2475 1665 2516 respon-

234 2516 359 2567 disse,
382 2519 617 2560 vastitatem
639 2534 729 2560 esse
750 2519 898 2569 Italiae,
919 2519 1264 2574 praecepisseque,
1284 2526 1332 2558 ut
1352 2526 1546 2572 pergeret
1565 2532 1665 2573 pro-

172 2572 223 2603 50
235 2573 376 2623 tinus3
409 2575 509 2629 quid
530 2585 656 2625 retro,
677 2586 802 2631 atque
833 2591 857 2616 a
884 2583 1006 2629 tergo
1034 2575 1163 2624 fieret,
1185 2588 1234 2614 ne
1253 2574 1475 2614 laboraret.
1532 2573 1664 2629 Apud

128 2629 157 2658 ¹²⁴
174 2626 224 2692 ‘³ss‘
236 2630 523 2686 Agathoclem
551 2632 752 2687 scriptum
773 2632 816 2672 in
838 2631 1011 2671 historia
1031 2640 1108 2682 est,
1128 2630 1412 2671 Hamilcarem
1436 2630 1661 2685 Karthagi—

273 2760 313 2784 84
342 2752 464 2791 Coelius]
483 2763 512 2782 V.
530 2753 618 2785 Clav.
636 2754 667 2783 in
683 2754 851 2793 Antipater.
1014 2757 1052 2783 86
1076 2753 1217 2783 Junonem
1235 2752 1407 2792 praedicere]
1432 2753 1574 2784 Verbum
1598 2754 1663 2788 hoe

275 2804 312 2827 85
326 2797 404 2837 fano
427 2797 549 2825 Jnnom's
570 2795 716 2836 Laciniae]
737 2797 830 2826 Quod
846 2803 926 2826 esset
969 2805 1035 2825 non
1051 2796 1172 2826 videtur
1187 2803 1309 2835 aptum.
1340 2806 1416 2827 nam
1440 2796 1598 2836 praedictio
1614 2806 1662 2826 se·-

230 2841 268 2869 ad
282 2840 535 2878 promontorium
551 2840 729 2878 Lacinium,
740 2850 770 2871 v.
783 2840 923 2871 Gronov.
967 2839 1087 2878 quitur.
1125 2839 1255 2878 Conjcci
1272 2839 1388 2869 edicere.

230 2883 267 2912 :ad
285 2883 351 2912 Liv.
366 2883 486 2919 XXIV,
500 2889 530 2912 3.
