1768 3095
513 73 691 110 LIBER
728 58 1036 109 QUARTUS.
1435 66 1484 103 65

53 182 569 241 perceptum,‘cognitum
586 197 597 232 ;
629 190 677 222 ut
706 179 789 221 hoc
825 179 965 235 ipsum
999 176 1232 225 decretum,
1265 173 1381 229 quod
1419 188 1485 214 sa·

43 241 205 296 >pientis
236 249 359 290 esset,
380 238 492 278 nihil
522 252 648 294 posse
678 236 852 292 percipi,
873 236 1075 276 fateretur
1095 246 1185 273 esse
1207 238 1452 292 perceptum
1475 247 1483 270 :

52 298 231 352 proinde
251 296 368 354 quasi
389 296 552 350 sapiens
583 294 746 336 nullum
768 292 881 334 aliud
905 291 1122 332 decretum
1142 288 1311 338 habeat,
1331 294 1373 327 et
1395 300 1484 349 sine

53 353 233 395 decretis
262 353 387 394 vitam
418 366 544 407 agere
574 351 722 407 possit.
784 349 867 390 Sed
898 358 945 389 ut
973 347 1044 388 illa
1075 346 1204 387 habet
1232 342 1573 406 probabrhaflm

52 425 138 451 non
167 419 378 465 percepta,
409 408 468 449 sic
499 408 581 449 hoc
612 408 767 463 ipsum,
798 405 900 446 nihil
922 418 1046 461 posse
1064 402 1356 466 percipi-nam
1384 414 1417 439 51
1436 414 1482 463 111

50 466 134 507 hoc
163 467 336 507 haberet
366 465 621 521 cognitionis
653 473 813 514 notam,
843 462 990 503 eadem
1020 469 1209 501 uteretur
1244 473 1287 499 in
1317 465 1481 498 ceteris.

50 537 176 578 quam
208 523 408 579 quoniam
437 537 521 562 non
548 522 689 572 habet,
710 520 842 561 utitur
862 517 1167 574 probabilibus.
1226 516 1376 570 Itaque
1397 527 1483 553 non

49 579 216 629 metuit,
247 594 299 620 ne
329 578 591 621 confundere
621 578 765 619 omnia
792 576 995 627 videatur,
1027 583 1069 615 et
1101 574 1260 614 incerta
1292 570 1482 612 reddere.

49 649 133 676 non
162 636 289 687 enim,
321 634 696 692 quemadmodum,
727 634 761 675 si
787 633 1009 690 quaesitum
1032 646 1082 672 ex
1102 645 1154 671 eo
1175 629 1243 680 sit,
1265 627 1482 692 stellarum

47 706 245 734 numerus
276 706 365 748 par,
394 706 447 733 an
481 692 618 748 impar
653 692 731 732 sit:
763 691 880 742 item,
911 689 945 730 si
978 688 1031 729 de
1064 687 1218 737 officio,
1252 685 1483 750 multisque

36 748 137 790 aliis
167 749 219 790 de
249 749 388 798 rebus,
419 757 459 781 24
475 749 517 790 in
548 749 701 805 quibus
731 756 930 797 versatus,
960 745 1295 799 exercitatusque
1317 751 1383 792 sit,
1406 755 1481 781 ne-

47 805 152 846 scire
172 820 214 847 se
235 805 361 847 dicat.
383 805 427 846 in
452 806 621 847 incertis
640 805 752 846 enim
774 804 878 844 nihil
897 812 961 844 est
980 801 1199 858 probabile
1219 817 1228 841 :
1261 800 1303 840 in
1325 798 1478 856 quibus
1493 814 1522 843 p.
1541 810 1592 835 28-

45 870 187 903 autern
218 873 296 914 est,
325 864 368 903 in
399 863 465 904 his
497 877 582 903 non
614 862 747 903 deerit
777 860 968 916 sapienti,
996 873 1074 900 1166
1102 857 1204 914 quid
1230 857 1370 907 faciat,
1401 870 1478 897 nec
1490 857 1519 878 a.

44 918 146 974 quid
168 920 436 975 respondeat.
1339 970 1348 978 ι

101 976 172 1017 Ν6
203 976 316 1017 illam
350 975 522 1032 quidem
554 973 874 1031 praetermisisti,
896 973 1090 1024 Luculle,
1110 971 1479 1027 reprehensionem
1497 981 1566 1012 111

44 1031 248 1074 Antiochi
280 1036 374 1087 (nec
402 1033 583 1074 mirum:
615 1033 657 1073 in
683 1031 828 1087 primis
859 1030 971 1071 enim
991 1040 1055 1071 est
1075 1028 1245 1082 nobilis)
1267 1043 1350 1084 qua
1371 1027 1481 1068 sole-

44 1088 118 1129 bat
151 1089 290 1131 dicere
320 1089 577 1140 Antiochus,
608 1088 827 1130 Philonem
850 1087 1032 1128 maxime
1052 1085 1361 1142 perturbatum.
1383 1099 1482 1125 cum

44 1145 157 1186 enim
197 1157 433 1188 sumeretur
466 1162 612 1197 unum,
645 1159 735 1187 6556
767 1144 962 1201 quaedam
1001 1143 1107 1185 falsa
1143 1143 1256 1184 visa:
1288 1141 1482 1192 alterum,

46 1201 150 1242 nihil
170 1216 220 1243 ea
239 1203 406 1244 differre
427 1218 451 1244 a
470 1203 573 1244 veris
589 1219 600 1253 3
633 1217 717 1242 non
738 1201 969 1252 attendere,
990 1200 1180 1257 superius
1201 1198 1306 1240 illud
1327 1213 1376 1239 ea
1394 1212 1439 1238 re
1459 1213 1483 1238 a

46 1271 91 1298 se
117 1272 210 1300 esse
238 1273 504 1310 concessum,
525 1258 640 1314 quod
662 1258 871 1299 videretur
892 1272 984 1298 esse
1003 1256 1198 1313 quaedam
1218 1255 1261 1296 in
1281 1255 1377 1297 visis
1399 1255 1481 1295 dif-

45 1314 250 1357 ferentia:
283 1330 377 1357 eam
407 1316 501 1357 tolli
530 1316 677 1365 altero,
708 1329 792 1370 quo
823 1323 953 1369 neget
981 1315 1067 1355 visa
1096 1328 1121 1353 a
1149 1312 1264 1353 falsis
1283 1326 1379 1353 vera
1398 1311 1481 1352 dif-

44 1370 179 1412 ferre:
212 1372 315 1413 nihil
346 1381 432 1413 tam
460 1386 712 1428 repugnare.
771 1370 822 1411 Id
849 1371 908 1412 ita
927 1379 1052 1421 esset,
1073 1370 1108 1411 si
1127 1383 1204 1410 nos
1221 1383 1365 1409 verum
1386 1383 1481 1409 om-

41 1426 142 1467 nino
172 1429 433 1470 tolleremus.
457 1443 541 1469 non
560 1428 752 1469 facimus.
777 1441 872 1468 nam
894 1436 981 1468 tam
1002 1441 1099 1468 vera
1115 1441 1241 1481 quam
1264 1425 1369 1466 falsa
1389 1439 1480 1466 cer-

42 1482 195 1525 nimus.
217 1494 256 1517 25
277 1485 350 1526 sed
372 1485 578 1540 probandi
610 1484 770 1540 species
790 1493 854 1525 est
874 1502 882 1525 :
914 1483 1173 1540 percipiendi
1193 1483 1363 1538 signum
1386 1482 1481 1523 nul-

40 1540 129 1581 lum
148 1540 369 1583 habemus.

97 1597 165 1639 Ac
185 1598 291 1640 mihi
320 1598 465 1640 videor
495 1598 618 1638 nimis
650 1598 778 1639 etiam
810 1612 920 1638 nunc
951 1610 1077 1653 agere
1100 1594 1265 1652 jejune.
1299 1610 1394 1636 cum
1429 1596 1482 1637 sit
1494 1586 1564 1636 35

42 1653 154 1695 6111111
175 1669 366 1710 campus,
387 1656 431 1696 in
451 1670 536 1710 quo
557 1655 691 1710 possit
708 1654 917 1696 exsultare
937 1654 1096 1695 oratio:
1118 1667 1193 1694 cur
1212 1667 1306 1693 eam
1327 1653 1368 1693 in
1387 1662 1480 1694 tan·
1499 1664 1569 1695 112

42 1718 106 1751 tas
145 1712 376 1767 angustias,
416 1721 459 1753 et
504 1712 547 1752 in
593 1711 835 1753 Stoicorum
876 1711 1050 1752 dumeta
1086 1709 1413 1765 compellimus?
1447 1711 1482 1751 si

41 1767 154 1809 enim
184 1769 290 1810 mihi
321 1784 419 1810 cum
451 1769 728 1824 Peripatetico
757 1783 822 1809 res
853 1778 977 1819 esset,
999 1767 1072 1824 qui
1103 1767 1145 1807 id
1165 1767 1326 1822 percipi
1355 1781 1482 1822 posse

41 1823 218 1877 diceret,
238 1826 352 1881 quod
374 1826 626 1880 impressum
646 1835 757 1866 esset
778 1841 800 1866 e
820 1840 917 1866 vero
934 1842 942 1865 :
971 1839 1106 1880 neque
1126 1823 1347 1865 adhiberet
1364 1823 1482 1864 illam

41 1894 243 1936 magnam
266 1883 565 1933 accessionem,
583 1897 668 1938 quo
688 1883 819 1923 modo
840 1881 1025 1937 imprimi
1045 1896 1129 1922 non
1145 1889 1290 1936 posset
1311 1895 1335 1921 a
1351 1880 1481 1923 falso:

41 1951 140 1978 cum
175 1939 356 1994 simplici
391 1938 563 1979 homine
599 1938 844 1995 simpliciter
878 1953 1065 1994 agerem,
1105 1953 1181 1978 nec
1220 1952 1482 1994 magnopere

42 1995 358 2046 contenderem,
387 2005 514 2051 atque
543 1995 686 2047 etiam,
711 1996 759 2047 si,
791 2011 888 2037 cum
917 2010 1000 2052 ego
1032 1995 1134 2036 nihil
1153 1995 1334 2036 dicerem
1357 2009 1482 2050 posse

41 2052 360 2107 comprehendi,
393 2052 552 2093 diceret
576 2052 660 2103 ille,
683 2053 914 2108 sapientem
937 2052 1151 2093 interdum
1174 2051 1363 2106 opinari:
1396 2067 1481 2093 non

40 2121 319 2163 repugnarem
335 2125 348 2161 3
370 2109 604 2164 praesertim
626 2123 676 2150 ne
698 2109 917 2158 Carneade
934 2109 1106 2165 quidem
1127 2109 1225 2149 huic
1244 2108 1343 2149 loco
1361 2108 1481 2150 valde

40 2175 332 2220 repugnante:
365 2181 476 2207 nunc
497 2165 599 2221 quid
622 2166 758 2206 facere
788 2181 961 2222 possum
981 2168 995 2206 ?
1029 2167 1189 2208 Quaero
1216 2166 1344 2216 enim,
1376 2165 1479 2221 quid
1498 2182 1565 2212 113

41 2219 109 2272 sit,
141 2222 256 2277 quod
286 2222 591 2279 comprehendi
620 2224 768 2278 possit.
799 2222 1028 2278 respondet
1057 2223 1163 2263 mihi
1192 2237 1277 2262 non
1307 2223 1476 2263 Aristo-

40 2277 159 2329 teles,
175 2289 249 2320 aut
264 2279 600 2335 Theophrastus,
616 2295 668 2320 ne
689 2281 952 2321 Xenocrates
970 2279 1156 2335 quidem,
1178 2286 1251 2319 aut
1272 2278 1446 2320 Polemo
1464 2296 1476 2330 3

42 2340 81 2364 2⁶
95 2335 170 2376 sed
199 2336 303 2376 mihi
334 2337 472 2377 minor
500 2346 564 2377 est
575 2353 586 2386 3
618 2337 702 2378 tale
731 2351 892 2386 verum,
923 2336 1048 2393 quale
1078 2336 1231 2377 falsum
1270 2349 1361 2376 esse
1392 2350 1477 2376 non

40 2392 186 2446 possit.
246 2392 368 2434 Nihil
389 2392 600 2450 ejusmodi
620 2393 800 2435 invenio.
819 2402 856 2430 ‘27
874 2394 1015 2450 itaque
1037 2393 1258 2449 incognito
1279 2392 1478 2434 nimirum

81 2511 121 2535 24
145 2506 175 2534 in
207 2506 309 2547 quibus
341 2513 475 2536 versatus
505 2507 735 2549 exercitatusque
780 2508 993 2538 commodum
1010 2517 1155 2544 sensum,
1172 2517 1231 2538 nec
1243 2517 1355 2538 verum
1373 2509 1475 2539 credo.

40 2547 89 2586 xit]
119 2548 254 2579 Versatus
278 2550 358 2579 bene
379 2560 396 2579 e
421 2550 500 2580 Mss.
527 2557 556 2579 et
579 2551 628 2580 ed.
653 2551 734 2580 Ven.
780 2550 922 2581 Clericus
937 2552 1089 2580 correxit:
1115 2551 1163 2580 sed
1184 2551 1236 2592 qui
1256 2551 1299 2580 his
1316 2553 1406 2580 minor
1422 2558 1474 2588 est,

43 2596 135 2625 1471.
151 2592 247 2622 edidit
262 2593 420 2623 Davisius.
437 2593 535 2631 Vulg.
553 2601 700 2624 versatur.
781 2604 847 2624 non
863 2594 957 2624 male.
1003 2594 1163 2631 Davisius,
1186 2594 1235 2623 sed
1248 2594 1299 2636 qui
1314 2595 1406 2623 minor
1422 2602 1474 2632 est,

83 2641 122 2664 25
147 2635 196 2663 sed
203 2636 345 2674 probandi
354 2636 456 2675 species
470 2635 523 2674 est]
543 2636 603 2666 Sed
619 2637 651 2666 in
668 2646 737 2676 pro-
781 2638 867 2676 quod
884 2638 916 2667 in
931 2637 1057 2668 duobus
1073 2637 1151 2668 Mss.
1170 2647 1225 2676 pro
1239 2637 1323 2666 varia
1339 2637 1475 2668 lectione

39 2675 155 2713 bando,
171 2684 208 2707 ut
219 2679 403 2717 probemuS‚
417 2680 535 2719 species
550 2679 656 2709 oblata
666 2690 735 2710 mo·
779 2687 941 2720 repererat.
986 2680 1090 2720 Magis
1112 2681 1215 2720 placet
1236 2680 1331 2710 lectio
1346 2681 1475 2719 Aldina,

40 2725 105 2765 yet,
121 2727 152 2750 at
165 2729 261 2758 quare
278 2729 462 2762 perceptum
479 2722 530 2760 sit,
542 2722 633 2753 nullo
645 2723 736 2762 signo
779 2723 829 2752 sed
839 2723 917 2752 nihil
929 2723 1031 2753 minor.

37 2762 221 2799 judicamus·
237 2772 333 2795 certo.
824 2772 861 2801 27
888 2766 988 2807 itaque
1011 2766 1152 2806 incognito
1167 2767 1302 2796 nimirum
1319 2765 1472 2804 asses-afim]

84 2809 124 2834 ‘26
147 2805 196 2833 sed
210 2806 279 2835 mihi
294 2807 454 2848 minor'est]
472 2809 543 2839 Hoc
559 2818 623 2839 non
640 2809 736 2840 habet
781 2808 922 2849 incognito
945 2816 990 2839 est
1015 2818 1030 2838 e
1047 2810 1238 2841 correctione
1257 2810 1401 2839 Lambini
1421 2820 1474 2848 pro

97 2859 211 2888 vol..
234 2861 300 2890 1v.
325 2862 363 2890 P.
387 2863 420 2889 1.
776 2863 799 2889 F
