1778 3095
553 149 740 186 LIBER
775 147 1021 187 PRIMUS.
1419 143 1493 183 531

176 255 282 300 Dedi,
303 267 411 307 sopore
421 255 563 307 placans
582 264 679 292 artus
696 254 873 304 languidos
887 271 897 300 3

179 314 217 343 77
239 310 358 346 Visum
376 319 425 347 est
443 310 478 346 in
495 308 614 345 somnis
626 317 791 358 pastorem
809 307 859 344 ad
875 321 924 344 me
940 307 1114 358 appellere,

176 361 274 398 Duos
293 363 544 411 consanguineos
562 361 681 397 arietes
698 360 773 396 inde
789 361 882 410 eligi,

176 415 284 452 Pecus
304 416 490 464 lanigerum
508 414 632 451 eximia
645 413 883 464 pulcritudine,

182 468 493 517 Praeclarioremque
509 467 651 503 alterum
669 467 838 503 immolare
856 479 906 503 me
920 481 933 502 .·

179 520 312 556 Deinde
328 521 397 568 ejus
411 533 610 569 germanum
629 518 780 556 cornibus
799 519 955 556 connitier

177 573 221 608 In
241 586 290 609 me
306 574 460 616 arietare‚
478 585 573 623 eoque
591 573 659 609 ictu
678 586 727 609 me
746 571 795 608 ad
811 585 922 609 casum
941 570 1019 608 dari
1031 587 1043 608 .·

179 626 273 662 Exin
286 634 489 675 prostratum
507 635 597 662 terra
610 625 770 675 graviter
787 625 951 669 saucium,

178 678 382 728 Resupinum
400 694 410 720 ;
436 679 471 715 in
489 679 568 716 caelo
587 680 730 715 contueri
750 679 946 722 maximum,

177 732 231 768 Ac
250 730 596 779 mirificumfacin1255
629 738 666 767 78
680 731 886 768 dextrorsum
905 730 1010 768 orbem
1019 730 1220 778 flammeum

179 783 365 821 Radiatum
383 785 458 821 solis
476 784 594 835 liquier
613 798 711 822 cursu
730 798 827 821 nova.

73 851 178 954 Ejdus
200 857 330 912 igitur
349 858 502 900 somnii
521 873 546 899 a
564 857 876 914 conjectoribus
890 872 984 913 quae
1005 857 1059 898 sit
1078 855 1364 912 interpretatio
1378 855 1502 909 facta,
1513 861 1564 898 45

72 922 111 954 ‘vl
144 928 302 955 eamus.>

130 991 216 1035 Rex,
234 1007 311 1044 quae
328 993 363 1030 in
380 993 458 1029 vita
476 1002 641 1043 usurpant
660 992 813 1037 homines,
831 993 992 1043 cogitant,
1009 1001 1143 1036 curant,
1163 991 1296 1035 vident,

135 1047 285 1096 Quceque
303 1055 411 1095 agunt
429 1047 628 1096 vigilantes,
648 1048 860 1098 agitantque,
881 1060 919 1084 ea
939 1047 968 1083 si
986 1047 1039 1083 cui
1056 1047 1091 1082 in
1108 1059 1215 1082 somno
1235 1044 1401 1090 accidunt,

132 1100 255 1136 Minus
274 1100 393 1135 mirum
411 1108 472 1138 est.
500 1099 559 1137 sed
572 1100 607 1136 in
625 1113 659 1137 re
678 1109 777 1137 tanta
796 1100 890 1137 haud
907 1110 1023 1137 temere
1038 1099 1214 1150 improviso
1231 1098 1376 1147 offerunt
1389 1114 1400 1134 .·

131 1153 235 1189 Proin
253 1151 344 1194 vide,
362 1165 414 1196 ne,
435 1165 528 1203 quem
546 1163 583 1190 tu
601 1166 668 1191 esse
683 1153 823 1191 hebetem
843 1153 973 1204 deputes
991 1166 1087 1204 aeque
1103 1166 1144 1189 ac
1156 1162 1274 1203 pecus,

131 1205 168 1241 Is
186 1204 350 1255 sapientia
369 1207 532 1242 munitum
546 1217 660 1257 pectus
678 1208 847 1257 egregium
860 1216 977 1256 gerat,

134 1259 244 1309 Teque
262 1272 360 1307 regno
379 1259 536 1309 expellat.
584 1262 677 1297 Nam
696 1260 745 1304 id,
767 1267 806 1295 79
820 1259 910 1309 quod
924 1260 964 1296 de
981 1259 1045 1297 sole
1061 1265 1223 1297 ostentum
1241 1268 1289 1296 est
1306 1258 1381 1304 tibi,

129 1311 257 1362 Populo
273 1313 551 1349 commutationem
569 1326 677 1350 rerum
691 1313 857 1363 portendit
862 1313 944 1362 fhre

133 1372 173 1396 80
186 1365 467 1415 Perpropinquam
480 1381 491 1402 .·
522 1365 594 1402 baec
613 1365 689 1403 bene
707 1376 904 1403 verruncent
916 1366 1048 1417 populo.
1073 1379 1151 1403 nam
1171 1365 1262 1418 quod
1275 1365 1325 1402 ad
1339 1365 1509 1403 dexteram
1521 1380 1551 1410 p.
1566 1378 1616 1402 90.

135 1417 246 1468 Coepit
265 1431 394 1454 cursum
412 1418 457 1455 ab
476 1418 570 1455 lae-va
588 1420 720 1469 signum
734 1429 920 1470 praepotens
936 1436 946 1465 3
972 1419 1168 1470 pulcerrime
1520 1423 1554 1446 ³·

130 1471 352 1520 Auguratum
370 1481 431 1516 est,
450 1485 518 1509 rem
538 1473 724 1510 Romanam
736 1473 908 1524 publicam
925 1487 1089 1510 summam
1093 1474 1185 1522 fhre.

82 1555 181 1611 Age
207 1571 316 1597 nunc
346 1555 400 1597 ad
432 1564 602 1598 externa
620 1558 855 1599 redeamus.
915 1558 1099 1600 Matrem
1124 1554 1354 1599 Phalaridis
1372 1557 1516 1609 scribit
1528 1555 1601 1603 23·

83 1612 280 1653 Ponticus
302 1613 564 1664 Heraclides,
586 1614 735 1656 doctus
757 1615 830 1665 vir,
852 1614 1019 1656 auditor
1047 1621 1089 1655 et
1117 1615 1347 1670 discipulus
1377 1615 1516 1656 Plato-
1527 1625 1581 1661 46

82 1669 160 1719 nis,
180 1669 309 1709 visam
331 1683 421 1710 esse
443 1677 479 1701 81
496 1670 634 1711 videre
662 1670 704 1711 in
726 1671 884 1711 somnis
905 1671 1127 1711 simulacra
1148 1671 1340 1722 deorum,
1365 1678 1402 1703 82
1421 1687 1516 1728 quae

82 1724 172 1780 ipse
196 1725 378 1766 Phalaris
399 1725 513 1767 domi
542 1727 890 1768 consecravisset:
923 1741 974 1768 ex
1001 1727 1064 1768 his
1096 1728 1359 1768 Mercurium
1391 1742 1414 1768 e
1444 1743 1518 1784 pa-

82 1790 186 1832 tera,
208 1792 335 1837 quam
365 1781 508 1823 dextra
535 1795 663 1824 manu
687 1792 859 1834 teneret,
880 1783 1125 1839 sanguinem
1155 1784 1288 1825 visum
1310 1799 1399 1826 esse
1420 1783 1515 1825 fun-

84 1836 185 1878 dere
201 1853 211 1877 :-
230 1837 302 1892 qui
321 1851 419 1879 cum
441 1848 593 1879 terram
615 1840 838 1894 attigisset,
859 1840 1131 1880 refervescere
1151 1840 1359 1882 videretur
1377 1841 1449 1891 sic,
1469 1850 1518 1882 ut

83 1901 176 1934 tota
214 1893 366 1934 domus
402 1896 605 1950 sanguine
639 1895 904 1937 redundaret.
962 1896 1089 1952 Quod
1128 1897 1271 1937 matris
1306 1897 1518 1938 somnium

83 1949 280 1991 immanis
310 1950 382 1991 filii
410 1951 635 1992 crudelitas
665 1951 967 2007 comprobavit.
1025 1952 1141 2008 Quid
1163 1967 1259 2008 ego,
1281 1969 1374 2008 quae
1403 1954 1521 2009 magi

86 2006 204 2061 Cyro
242 2005 301 2046 illi
336 2006 514 2062 principi
548 2007 807 2063 interpretati
841 2017 951 2059 sunt,
988 2016 1024 2040 83
1043 2024 1093 2049 ex
1127 2009 1308 2050 Dinonis
1346 2010 1519 2052 Persicis

93 2062 242 2117 [libris]
268 2063 508 2118 proferam?
542 2078 639 2105 nam
661 2079 758 2106 cum
780 2064 1005 2106 dormienti
1025 2064 1063 2105 ei
1092 2065 1156 2106 sol
1183 2065 1236 2106 ad
1262 2066 1390 2122 pedes
1410 2066 1524 2108 visus

128 2185 166 2215 77
187 2181 289 2211 Visum
305 2179 499 2222 est—pastor]
515 2180 593 2213 Edd.
609 2179 682 2214 Al‘d.
698 2184 781 2215 Vict.
824 2194 880 2225 pro
897 2184 923 2214 b.
939 2190 1060 2215 vertant
1072 2196 1082 2215 .·
1105 2186 1142 2216 ut'
1155 2192 1351 2217 avet-'runcare
1365 2194 1420 2227 pro
1436 2191 1521 2218 aver-2

88 2223 172 2254 Visu'
186 2230 226 2252 est
241 2226 326 2263 quod
342 2232 373 2255 et
389 2226 505 2265 recepit
519 2227 677 2257 Davisius.
701 2228 782 2257 mihi
826 2236 889 2258 tere
905 2229 1030 2258 dicitur.

85 2267 186 2305 magis
199 2267 386 2306 placetcum
403 2269 486 2305 aliis,
497 2269 529 2298 in
543 2270 590 2299 his
604 2270 781 2307 Bovillerio,

86 2316 157 2348 post
179 2310 330 2349 corrigere
347 2315 491 2349 pastorem
505 2323 515 2340 .-
539 2313 613 2351 quia
635 2320 666 2342 et
688 2314 720 2343 in
735 2323 784 2343 se-

87 2352 259 2391 quentibus
283 2354 451 2383 accusativi
474 2361 562 2391 sun-t,
579 2356 634 2394 qui
649 2365 667 2385 e
686 2355 784 2385 visum

91 2401 132 2422 est
147 2396 296 2433 pendent.

134 2442 173 2471 78
190 2438 530 2481 dextrorsum—liquier]
544 2440 656 2471 Delabi
667 2447 697 2471 et
708 2452 786 2481 qua-

89 2479 115 2508 si
132 2480 284 2510 defluere:
302 2488 338 2511 ut
352 2488 382 2511 et
398 2482 449 2512 alii
466 2485 565 2522 poetae
581 2484 708 2514 dicunt:
727 2495 786 2515 nec

90 2530 172 2560 opus
199 2529 243 2552 est
267 2532 344 2553 cum
367 2525 495 2556 Davisio
522 2527 676 2564 conjicere
700 2528 787 2557 nitier

92 2571 148 2594 aut
163 2564 289 2604 ferrier.
312 2566 357 2595 sie
383 2567 463 2598 infra
485 2578 514 2599 c.
530 2575 580 2599 23.
605 2569 652 2599 sol
674 2570 788 2601 dicitur

96 2605 184 2637 elabi.

137 2652 180 2684 79
202 2649 277 2690 quod
289 2649 323 2678 de
339 2649 392 2679 sole
408 2659 544 2683 ostentum
563 2660 603 2683 est
623 2654 689 2693 tibi]
708 2656 788 2687 Edd.

93 2700 140 2730 pr.
165 2699 301 2721 ostensum
329 2700 423 2731 atque
449 2695 491 2725 ita
513 2704 543 2727 et
567 2697 646 2728 Mss.
671 2698 787 2738 plures.

93 2734 148 2763 sed
164 2741 301 2764 ostentum
316 2737 415 2774 magis
431 2738 509 2776 sapit
525 2741 662 2777 poetam.

141 2783 181 2806 80
199 2778 463 2820 Perpropinquam]
479 2780 530 2810 Sic
546 2788 576 2812 et
591 2792 637 2813 res
653 2783 791 2822 postulat

97 2825 130 2849 et
146 2819 224 2848 Mss.
243 2821 373 2859 quidam
396 2823 515 2852 habent
537 2833 591 2862 pro
605 2826 692 2864 vulg.
719 2826 790 2855 Per-

93 2861 258 2903 propinqua
284 2863 345 2893 haec
370 2866 429 2897 &Q
457 2865 523 2897 bene
550 2874 723 2898 verruncent
746 2875 792 2899 est

871 2278 906 2301 81
933 2271 1034 2300 videre
1064 2271 1093 2300 in
1122 2270 1239 2312 somnis]
1271 2273 1323 2303 Sic
1353 2281 1430 2303 cum
1453 2273 1522 2303 aliis

828 2314 906 2344 Mss.
925 2320 955 2343 et
971 2314 1077 2344 Guelf.
1095 2315 1192 2353 vulgo
1209 2316 1331 2345 somniis.
1355 2316 1410 2346 illo
1426 2318 1523 2346 modo

827 2357 916 2387 latini
932 2357 1122 2396 loquuntur,
1139 2362 1203 2387 non
1220 2359 1291 2388 hoc.
1316 2360 1360 2389 sic
1378 2365 1424 2389 est
1443 2360 1524 2390 infra

829 2409 857 2431 c.
871 2407 922 2430 25.
937 2401 981 2430 sic
998 2401 1094 2439 igitur
1103 2407 1134 2430 et
1149 2403 1343 2432 correximus
1357 2412 1385 2433 c.
1399 2407 1450 2432 26.
1467 2402 1523 2432 ubi

829 2449 860 2472 et
874 2442 944 2472 libri
960 2443 1038 2473 Mes,
1054 2444 1099 2473 sie
1115 2444 1243 2475 habent.

876 2491 913 2515 82
938 2496 1003 2526 quae
1019 2485 1099 2526 ipsa]
1119 2487 1156 2516 In
1174 2488 1238 2518 Ms.
1254 2487 1377 2518 Baniol.
1393 2495 1440 2518 est
1454 2488 1523 2528 ipse„

831 2535 924 2558 recte.

876 2577 912 2601 83
936 2583 972 2600 ex
1001 2570 1124 2600 Dinonis
1153 2572 1273 2602 Persicis
1303 2571 1400 2613 libris]
1427 2572 1526 2602 Libris

831 2614 946 2644 delevit
960 2614 1041 2644 bene
1057 2615 1216 2645 Davisius.
1232 2626 1308 2646 nam
1326 2626 1391 2646 non
1404 2616 1528 2655 scripsit

830 2655 946 2691 βίέλους
963 2657 1110 2697 vagemur,
1126 2659 1178 2688 sed
1195 2658 1326 2699 τερα-ικαὶ.
1345 2660 1378 2689 in
1394 2659 1463 2688 edd.
1478 2668 1524 2697 pr.

832 2707 862 2728 et
884 2699 957 2729 Ald.
976 2707 1022 2729 est
1039 2700 1171 2742 Dionysii
1187 2701 1310 2739 Pessicis
1330 2701 1424 2737 libris,
1441 2701 1529 2740 quod

833 2743 954 2781 decepit
976 2743 1127 2783 Vossiurn
1150 2744 1183 2773 in
1206 2736 1325 2774 Histor.
1345 2744 1473 2773 Graecis.
1495 2752 1531 2771 v„-

833 2786 880 2814 vir
900 2786 1012 2816 doctus
1034 2786 1073 2816 ad
1096 2786 1266 2816 Danielem
1289 2796 1306 2815 e
1328 2786 1482 2826 Tetraplis
1498 2794 1528 2823 p.

837 2834 908 2858 12⁷5.

836 2923 982 2953 mmz
