1778 3095
594 150 775 188 LIBER
802 149 1039 188 PRIMUS.
1131 129 1134 131 Α
1454 156 1534 199 517

102 266 181 310 vaut
200 259 315 315 quod
333 260 492 302 bellum
514 266 757 313 susceptum
777 256 830 297 ab
858 270 908 297 ea
935 256 1022 297 sine
1042 256 1219 299 consilio
1238 256 1414 298 deorum
1435 267 1499 300 est
1515 261 1545 301 ?·

104 314 199 357 Nec
228 332 357 358 unum
387 330 521 372 genus
550 324 614 356 est
643 312 905 354 divinationis
935 313 1104 367 publice
1123 313 1398 369 privatimque
1419 315 1576 368 cele-2

104 370 287 414 bratum.
319 388 429 424 nam,
458 380 505 413 ut
534 371 727 412 omittam
767 377 929 410 ceteros
968 370 1178 424 populos;
1217 377 1374 420 noster,
1404 384 1531 424 quam

102 428 237 469 multa
256 444 412 484 genera
441 428 684 482 complexus
717 426 808 467 est?
843 425 1065 479 Principio,
1086 425 1210 480 hujus
1232 426 1347 466 urbis
1366 439 1531 480 parens,

103 484 325 536 Romulus,
355 500 439 526 non
469 485 607 525 solum
637 481 852 538 auspicato
882 482 1028 522 urbem
1059 481 1312 532 condidisse,
1344 480 1416 522 sed
1442 481 1531 537 ipse

101 541 231 581 etiam
263 542 447 596 optimus
479 555 616 595 augur
648 540 775 580 fuisse
795 537 987 579 traditur.
1043 537 1209 577 Deinde
1235 537 1468 593 auguribus
1489 548 1533 579 et

100 597 251 652 reliqui
280 612 397 652 reges
426 597 519 638 usi:
551 606 593 638 et
622 595 777 637 exactis
808 595 991 650 regibus,
1022 593 1127 634 nihil
1157 593 1324 647 publice
1347 594 1434 634 sine
1455 608 1531 634 au-

101 653 241 707 spiciis
273 668 347 694 nec
377 654 508 703 domi,
538 668 614 694 nec
645 652 805 693 militiae
843 651 1081 706 gerebatur.
1143 649 1340 704 Cumque
1376 664 1533 704 magna

99 709 158 749 vis
181 709 388 751 videretur
408 724 498 750 esse
529 719 571 751 et
599 710 639 750 in
668 708 938 764 impetrandis
960 706 1310 761 consulendisque
1329 705 1470 755 rebus,
1489 716 1532 747 et

97 763 141 805 in
179 766 377 807 monstris
408 765 727 821 interpretandis
757 779 805 805 ac
837 763 1108 819 procurandis
1145 769 1162 794 ⁶
1181 763 1222 803 in
1259 761 1532 817 haruspicum

98 820 341 876 disciplina3
381 838 550 864 omnem
591 823 698 863 hanc
734 836 784 861 ex
813 819 981 861 Etruria
1011 819 1227 860 scientiam
1256 818 1531 870 adhibebant,

96 891 149 917 ne
167 891 304 932 genus
332 889 441 920 esset
470 879 604 921 ullum
628 877 905 927 divinationis,
926 876 1040 931 quod
1061 875 1304 930 neglectum
1325 874 1378 915 ab
1397 874 1447 916 iis
1468 875 1527 915 vi-

96 932 279 975 deretur.
330 936 398 986 Et,
415 950 511 976 cum
530 935 696 976 duobus
718 932 854 973 modis
875 932 1017 981 animi,
1039 932 1126 971 sine
1149 932 1308 972 ratione
1328 940 1369 971 et
1391 931 1565 972 scien-4

96 989 168 1040 tia,
190 1001 310 1032 motu
331 991 408 1045 ipsi
430 1007 521 1042 suo,
542 991 682 1032 soluto
703 999 746 1030 et
765 988 896 1030 libero
918 988 1212 1037 incitarentur3
1243 1002 1328 1028 uno
1349 987 1529 1039 furente,

93 1046 227 1087 altero
268 1047 529 1088 somniante:
560 1047 711 1088 furoris
751 1045 1050 1086 divinationem
1091 1044 1307 1100 Sibyllinis
1346 1045 1529 1084 maxime

94 1103 280 1143 versibus
311 1104 515 1144 contineri
544 1103 748 1153 arbitrati,
778 1117 924 1143 eorum
957 1101 1103 1142 decem
1134 1101 1382 1154 interpretes
1412 1100 1529 1141 dele-

95 1168 188 1199 ctos
219 1173 242 1199 e
271 1159 436 1200 civitate
465 1175 556 1201 esse
585 1160 820 1201 voluerunt.
879 1159 942 1198 Ex
973 1172 1058 1214 quo
1079 1171 1236 1212 genere
1254 1170 1364 1211 saepe
1384 1155 1527 1197 hario-

91 1213 231 1256 lorum
266 1216 407 1266 etiam,
441 1226 483 1257 et
518 1225 658 1257 vatum
694 1214 941 1256 furibundas
975 1214 1283 1269 praedictiones,
1315 1223 1364 1254 ut
1397 1213 1528 1254 Octa-

92 1270 213 1312 viano
243 1272 371 1321 bello,
403 1273 590 1314 Cornelii
622 1271 821 1322 Culleoli,
850 1270 1076 1312 audiendas
1106 1279 1373 1325 putaverunt.
1430 1270 1526 1311 Nec

92 1341 189 1367 vero
209 1329 372 1369 somnia
395 1330 599 1384 graviora,
621 1330 654 1370 si
684 1344 777 1384 quae
807 1327 859 1368 ad
891 1327 1193 1382 rempublicam
1216 1326 1422 1380 pertinere
1442 1325 1529 1366 visa

92 1393 204 1433 sunt,
224 1399 249 1424 a
269 1400 436 1426 summo
466 1386 642 1427 consilio
672 1384 866 1439 neglecta
885 1392 996 1424 sunt.
1053 1383 1299 1425 Quinetiam
1320 1382 1528 1423 memoria

92 1449 234 1481 nostra
254 1442 458 1497 templum
495 1443 674 1483 ,lunonis
707 1441 885 1495 Sospitae
908 1441 958 1480 L.
978 1440 1129 1490 Julius,
1154 1439 1225 1494 qui
1247 1453 1345 1479 cum
1370 1439 1413 1478 P.
1435 1439 1633 1484 Ru-p.21.

93 1495 184 1536 tilio
204 1499 350 1538 consul
373 1498 466 1547 fuit,
487 1499 539 1538 de
558 1497 725 1539 senatus
754 1496 960 1538 sententia
980 1497 1126 1538 refecit
1146 1510 1196 1536 ex
1219 1494 1418 1544 Caeciliae,
1438 1495 1523 1535 Ba·
1535 1497 1564 1518 ²²·

90 1550 234 1593 learici
264 1554 371 1603 filiae,
403 1555 583 1594 somnio.
640 1556 786 1609 Atque
816 1553 923 1604 haec,
946 1561 992 1593 ut
1022 1567 1105 1607 ego
1135 1551 1328 1601 arbitror,
1351 1552 1569 1602 veteres,3

90 1622 231 1649 rerum
262 1610 400 1664 magis
430 1611 586 1651 eventis
615 1611 780 1661 moniti,
810 1625 937 1665 quam
969 1609 1130 1650 ratione
1160 1608 1290 1658 docti,
1319 1608 1524 1662 probave-

90 1674 202 1717 runt.
262 1665 615 1721 Philosophorum
645 1682 740 1707 vero
781 1666 988 1721 exquisita
1024 1665 1220 1721 quaedam
1258 1671 1559 1719 argumenta,5

92 1727 108 1756 7
135 1735 211 1762 cur
238 1731 346 1763 esset
366 1738 461 1763 vera
481 1723 692 1773 divinatio,
714 1722 891 1763 collecta
911 1730 1021 1762 sunt.
1042 1736 1065 1762 e
1088 1721 1256 1777 quibus,
1277 1730 1325 1761 ut
1345 1720 1396 1760 de
1418 1720 1526 1760 anti-

91 1778 303 1832 quissimis
338 1779 501 1834 loquar,
534 1779 828 1833 Colophonius
860 1777 1160 1833 Xenophanes,
1182 1791 1306 1827 unuS,
1328 1776 1399 1832 qui
1421 1776 1526 1817 deos

90 1847 180 1874 esse
218 1834 390 1885 diceret,
426 1835 723 1876 divinationem
763 1834 952 1875 funditus
984 1834 1166 1875 sustulit.
1226 1833 1393 1888 Reliqui
1428 1847 1525 1874 vero

91 1904 253 1940 omnes,
282 1901 435 1945 praeter
464 1891 709 1945 Epicurum,
740 1891 1045 1932 balbutientem
1077 1890 1129 1930 de
1160 1898 1309 1930 natura
1332 1890 1526 1939 deorum,

90 1945 388 1987 divinationem
418 1948 728 2001 probaverunt3
760 1947 833 1987 sed
865 1961 948 1986 non
976 1961 1061 1987 uno
1085 1946 1231 1987 modo.
1288 1947 1403 1987 Nam
1425 1961 1524 1986 cum

91 2002 301 2052 Socrates,
339 2017 569 2058 omnesque
604 2003 821 2053 Socratici,
855 2003 1074 2058 Zenoque,
1111 2013 1153 2043 et
1188 2002 1246 2051 hi,
1279 2002 1351 2058 qui
1386 2002 1440 2043 ab
1472 2016 1524 2043 eo

92 2068 231 2098 essent
254 2059 445 2113 profecti,
466 2069 681 2100 manerent
700 2059 742 2099 in
763 2059 1032 2114 antiquorum
1053 2058 1406 2114 philosophorum
1430 2073 1527 2099 sen-

90 2114 237 2164 tentia,
279 2125 412 2156 vetere
451 2115 685 2156 Academia
721 2124 764 2156 et
814 2115 1097 2170 Peripateticis
1138 2114 1524 2169 consentientibus3

90 2184 274 2225 cumque
294 2171 390 2212 huic
411 2172 465 2212 rei
488 2186 685 2227 magnam
705 2172 996 2212 auctoritatem
1021 2171 1283 2226 Pythagoras
1306 2170 1398 2226 jam
1426 2180 1524 2211 ante

90 2227 318 2277 tribuisset,
339 2228 411 2282 qui
431 2228 557 2268 etiarn
578 2229 666 2282 ipse
693 2243 829 2283 augur
857 2227 980 2268 vellet
999 2241 1102 2277 esse,
1125 2226 1398 2282 plurimisque
1419 2227 1524 2267 locis

91 2283 226 2338 gravis
257 2294 406 2324 auctor
434 2285 707 2326 Democritus
746 2283 1069 2339 praesensionem
1109 2297 1245 2323 rerum
1286 2284 1524 2324 futurarum

90 2340 414 2394 comprobaret:
446 2341 720 2381 Dicaearchus
755 2340 1054 2394 Peripateticus
1086 2348 1225 2380 cetera
1256 2339 1524 2380 divinationis

91 2409 248 2450 genera
277 2396 461 2447 sustulit,
493 2397 754 2438 somniorum
784 2405 826 2437 et
856 2396 1008 2437 furoris
1044 2395 1238 2450 reliquit:
1274 2394 1526 2450 Cratippus-

92 2465 171 2506 que
193 2452 406 2493 familiaris
434 2461 589 2503 noster,
613 2468 739 2508 quem
772 2466 854 2508 ego
876 2445 1017 2506 parem
1039 2451 1214 2492 summis
1238 2451 1524 2506 Peripateticis

84 2506 249 2564 judico,
288 2517 303 2540 8
320 2509 468 2550 iisdem
500 2510 625 2551 rebus
647 2509 772 2550 fidem
804 2508 964 2560 tribuit,
985 2508 1145 2564 reliqua
1164 2507 1426 2549 divinationis
1445 2522 1523 2563 ge-

137 2663 155 2688 6
179 2658 209 2687 in
218 2658 398 2697 haruspicum
411 2659 575 2699 disciplina]
593 2661 670 2690 Non
682 2660 787 2700 placet
828 2660 964 2690 nationis
986 2669 1093 2690 sermo
1113 2666 1178 2689 est:
1202 2660 1397 2690 contrarium
1420 2666 1465 2689 est
1481 2659 1525 2688 di-

94 2701 135 2731 in.
161 2709 238 2741 puto
263 2702 434 2741 legendum
461 2714 508 2740 ex,
534 2713 551 2733 e
574 2704 712 2742 vestigiis
737 2703 786 2734 ed.
828 2702 1157 2743 vinationernfunditus
1171 2701 1298 2732 sustulit.

94 2744 174 2773 Ven.
194 2752 285 2776 1494.
301 2754 373 2783 quae
393 2745 487 2774 habet
507 2746 577 2782 sine,
600 2747 687 2785 quod
701 2746 787 2776 exin
875 2752 892 2775 8
916 2745 1015 2774 iisdem
1038 2745 1119 2774 rebus
1131 2745 1166 2783 f.
1194 2744 1310 2782 tribuit]
1337 2743 1416 2773 rebus
1443 2743 1524 2775 mihl

94 2792 124 2820 tt
139 2799 153 2815 e
169 2787 345 2817 conflatum
362 2789 495 2817 videtur.
828 2787 952 2817 videtur
975 2797 1040 2818 esse
1063 2796 1082 2817 a
1103 2787 1288 2826 glossatore:
1321 2787 1526 2824 intelligoque

139 2834 153 2863 7
181 2840 230 2858 cur
253 2837 322 2859 esset
343 2841 417 2859 vera
440 2828 599 2868 divinatio]
618 2840 693 2859 vera
707 2830 788 2860 mihi
831 2830 1032 2861 divinationis
1059 2830 1238 2870 generibus,
1265 2829 1358 2862 furori
1385 2836 1416 2858 et
1440 2837 1527 2863 sotu-

93 2878 278 2911 suspectum
300 2880 356 2904 est.
374 2882 450 2903 nam
472 2873 510 2903 de
533 2873 697 2903 existentia
712 2873 790 2903 divi·
833 2873 906 2902 niis.

822 2912 930 2969 L13
