1778 3095
528 168 531 170 ·
569 163 753 200 LIBER
790 161 1033 200 PRIMUS.
1433 171 1511 212 529

85 278 317 326 sequuntur
334 288 345 315 z
375 271 716 320 condemnemus,
733 270 919 324 inquam,
938 270 1015 310 hos
1036 278 1108 311 aut
1129 268 1330 319 stultitiae,
1349 281 1420 311 aut
1439 287 1509 313 va-

84 327 240 377 nitatiS,
263 335 299 365 67
317 339 389 370 aut
409 326 712 382 imprudentiae,
729 326 800 380 qui
822 339 940 366 CCCC
960 339 1057 366 Lxx
1077 326 1207 366 millia
1226 341 1444 377 annorum,
1461 339 1508 369 ut

81 382 161 437 ipsi
189 383 348 436 dicunt,
376 380 658 425 monumentis
685 381 987 436 comprehensa
1014 383 1244 432 continent,
1270 390 1312 422 et
1344 384 1508 425 mentiri

73 437 332 492 judicemus,
368 455 441 481 nec
476 439 725 480 saeculorum
759 438 1016 492 reliquorum
1050 438 1273 492 judicium,
1307 438 1420 494 quod
1456 440 1507 480 de

79 494 179 548 ipsis
212 498 398 537 futurum
435 495 501 545 sit,
535 495 840 549 pertimescere.
898 495 1012 548 Age,
1042 494 1213 534 Barbari
1245 497 1349 544 vani,
1380 503 1566 550 atque37

79 551 248 592 fallaces
267 570 276 593 ε
317 567 416 593 1111111
449 552 574 592 etiam
610 552 834 606 Grajorum
869 550 1042 590 historia
1077 551 1254 590 mentita
1286 553 1376 591 est?
1411 567 1506 606 quae

80 605 232 648 Croeso
255 608 425 663 Pythius
445 607 618 662 Apollo,
634 616 683 648 ut
703 607 754 647 de
776 607 952 647 naturali
972 606 1222 647 divinatione
1241 606 1393 657 dicam,
1410 623 1505 663 quae

77 662 420 713 Atheniensibus,
441 679 534 720 quae
557 663 900 712 Lacedaemoniis,
919 678 1012 718 quae
1030 662 1240 717 Tegeatis,
1262 678 1354 717 quae
1376 665 1506 719 Argi-

76 718 149 769 vis,
171 735 263 774 quae
286 719 516 760 Corinthiis
538 719 815 775 responderit,
833 720 925 774 quis
946 720 1139 774 ignorat?
1175 718 1362 774 Collegit
1383 720 1503 761 innu-

76 776 292 815 merabilia
318 777 486 817 oracula
510 776 787 832 Chrysippus,
810 790 885 816 nec
917 776 1048 816 ullum
1083 776 1170 815 sine
1196 775 1407 830 locuplete
1428 792 1502 817 au-

75 839 189 870 ctore
209 841 335 887 atque
354 842 472 873 teste.
495 848 587 888 quae
610 834 707 887 qnia
727 842 825 872 nota
845 832 921 872 tibi
944 845 1054 882 sunt,
1075 832 1278 887 relinquo.
1308 833 1503 874 Defendo

74 901 206 926 unum
229 887 323 929 hoc.
384 891 632 945 Numquam
660 888 762 928 illud
790 888 1008 928 oraculum
1030 887 1210 942 Delphis
1233 898 1319 928 tam
1340 889 1503 930 celebre

73 950 116 982 et
136 952 220 983 tam
252 945 410 986 clarum
438 946 598 995 fuisset,
620 958 754 999 neque
782 944 908 984 tantis
936 943 1058 984 donis
1085 945 1281 984 refertum
1311 946 1499 986 omnium
1513 948 1545 979 b.

71 1000 328 1053 populorum
351 1009 473 1055 atque
495 1016 658 1056 regum,
674 1000 750 1040 nisi
770 1000 906 1040 omnis
927 1009 1026 1040 aetas
1046 1001 1312 1041 oraculorum
1334 1001 1500 1043 illorum

71 1055 286 1096 veritatem
308 1068 414 1098 esset
435 1066 618 1112 experta.
675 1056 846 1098 Jamdiu
873 1055 981 1096 idem
1005 1071 1088 1096 non
1109 1057 1222 1097 facit.
1283 1059 1344 1098 Ut
1372 1059 1502 1113 igitur
1513 1063 1562 1095 38

73 1125 184 1151 nunc
204 1112 364 1153 minore
382 1114 519 1168 gloria
539 1122 615 1162 est,
636 1113 733 1168 quia
753 1113 888 1153 minus
909 1113 1176 1153 oraculorum
1196 1114 1343 1154 veritas
1364 1116 1501 1156 excel-

70 1165 146 1207 lit:
177 1167 236 1209 sic
257 1178 364 1219 tum,
387 1170 462 1210 nisi
492 1185 657 1211 summa
683 1170 866 1220 veritate,
889 1170 927 1209 in
950 1180 1065 1210 tanta
1084 1169 1220 1224 gloria
1238 1184 1320 1210 non
1340 1170 1500 1212 fuisset.

72 1223 216 1264 Potest
235 1235 375 1266 autem
397 1227 454 1267 vis
475 1226 547 1267 illa
566 1235 701 1276 terrae,
721 1240 814 1280 quae
836 1237 1021 1266 mentem
1044 1226 1205 1281 Pythiae
1227 1226 1364 1266 divino
1384 1227 1500 1268 affla-

69 1285 117 1319 tu
152 1282 404 1332 concitabat,
439 1283 653 1323 evanuisse
688 1291 906 1332 vetustate,
937 1290 983 1322 ut
1013 1282 1219 1337 quosdam
1243 1288 1280 1313 68
1293 1285 1500 1325 exaruisse

69 1349 229 1386 amnes,
250 1348 324 1378 aut
354 1339 394 1378 in
424 1339 552 1380 alium
583 1353 751 1379 cursum
782 1346 1000 1378 contortos
1027 1348 1069 1379 et
1094 1339 1275 1379 deflexos
1296 1339 1497 1381 videmus.

70 1391 168 1442 Sed,
190 1402 237 1433 ut
257 1395 329 1444 vis,
350 1395 573 1436 acciderit:
605 1409 759 1449 magna
789 1395 900 1435 enim
930 1395 1106 1449 quaestio
1136 1404 1226 1435 est:
1259 1395 1386 1436 modo
1408 1411 1499 1436 ma-

68 1456 164 1488 neat
184 1448 240 1499 id,
263 1450 375 1506 quod
406 1452 549 1506 negari
578 1466 661 1492 non
690 1460 843 1505 potest,
868 1451 945 1491 nisi
973 1466 1143 1491 omnem
1166 1451 1382 1492 historiam
1402 1466 1497 1507 per-

68 1506 327 1556 verterimus,
346 1508 490 1549 multis
513 1508 675 1549 saeculis
695 1522 815 1547 verax
835 1507 962 1547 fuisse
982 1507 1024 1547 id
1044 1508 1277 1548 oraculum.

125 1560 209 1601 Sed
241 1563 485 1604 omittamus
516 1564 713 1605 oracula:
746 1564 957 1604 veniamus
988 1563 1039 1603 ad
1070 1565 1244 1604 somnia.
1275 1563 1326 1604 de
1346 1564 1496 1619 quibus
1509 1557 1581 1604 20

68 1614 284 1670 disputans
307 1618 587 1675 Chrysippus,
607 1619 765 1669 multis,
786 1629 828 1660 et
856 1620 1027 1660 minutis
1056 1620 1227 1661 somniis
1248 1620 1495 1675 colligendis
1507 1631 1560 1672 39

66 1671 168 1713 facit
189 1673 315 1724 idem,
337 1676 450 1730 quod
472 1677 707 1730 Antipater,
724 1690 773 1716 ea
793 1676 1056 1730 conquirens,
1079 1691 1172 1731 quae
1195 1682 1234 1709 09
1251 1677 1496 1730 Antiphon-

66 1728 119 1768 tis
151 1729 489 1784 interpretatione
518 1733 736 1787 explicata,
768 1732 981 1773 declarant
1012 1733 1083 1772 illa
1115 1732 1286 1787 quidem
1317 1747 1496 1774 acumen

66 1783 316 1840 interpretis,
337 1788 408 1829 sed
431 1796 469 1824 70
482 1789 680 1843 exemplis
701 1788 994 1842 grandioribus
1016 1789 1159 1829 decuit
1179 1789 1254 1829 uti.
1298 1789 1497 1845 Dionysii

66 1852 213 1892 mater,
250 1842 355 1898 ejus,
391 1845 461 1899 qui
497 1845 815 1900 Syracusiorum
850 1854 1050 1899 tyrannus
1082 1846 1174 1895 fuit,
1210 1855 1258 1885 ut
1292 1845 1495 1900 scriptum

65 1897 178 1951 apud
211 1899 429 1940 Philistum
458 1910 535 1950 est,
564 1910 606 1941 et
636 1901 807 1940 doctum
838 1900 1069 1951 hominem,
1099 1911 1141 1941 et
1170 1901 1430 1956 diligentem,
1453 1911 1496 1943 et

65 1954 273 2008 aequalem
312 1964 550 2011 temporum
589 1956 772 2007 illorum,
811 1971 908 1997 cum
947 1972 1168 2013 praegnans
1202 1957 1315 1998 hunc
1356 1959 1495 2012 ipsum

62 2008 321 2066 Dionysium
354 2013 445 2052 alvo
476 2013 725 2062 contineret,
756 2013 975 2054 somniavit
1005 2029 1047 2054 se
1078 2014 1285 2069 peperisse
1312 2015 1495 2070 Satyris-

64 2079 177 2107 cum.
240 2067 354 2108 Huic
387 2068 629 2124 interpretes
666 2077 974 2124 portentorum,
1007 2070 1078 2126 qui
1108 2071 1298 2111 Galeotae
1329 2080 1420 2111 tum
1450 2072 1494 2112 in

63 2121 205 2163 Sicilia
238 2125 573 2177 nominabantur,
606 2126 926 2180 responderunt,
953 2128 1016 2179 (ut
1045 2127 1103 2167 ait
1134 2127 1346 2179 Philistus)
1380 2141 1494 2178 eum,

64 2184 101 2214 71
120 2193 246 2233 quem
278 2180 349 2221 illa
379 2182 621 2237 peperisset,
654 2182 932 2223 clarissimum
961 2183 1137 2223 Graeciae
1169 2183 1365 2223 diuturna
1394 2198 1492 2225 cum

62 2234 234 2276 fortuna
253 2236 355 2278 fore.
415 2239 534 2279 Num
568 2248 610 2280 te
640 2238 694 2279 ad
721 2239 883 2279 fabulas
911 2254 1060 2280 revoco
1085 2239 1149 2279 vel
1168 2248 1407 2280 nostrorum
1430 2241 1492 2282 vel
1502 2249 1556 2284 40

59 2290 313 2388 lCraeltporum
332 2297 584 2350 poetarum?
607 2305 747 2337 narrat
765 2295 875 2335 enim
896 2305 939 2336 et
956 2295 1067 2351 apud
1087 2295 1270 2337 Ennium
1294 2297 1493 2337 7-2Vesta-

78 2361 112 2387 is
132 2363 145 2387 1
180 2363 204 2388 a
217 2365 230 2390 t

106 2453 143 2483 67
168 2457 220 2479 aut
241 2450 456 2492 imprudentiae}
474 2453 656 2492 Suspicatus
679 2463 753 2483 sum
841 2457 882 2485 69
897 2452 1084 2492 Antiphontis
1100 2451 1346 2493 interpretatione]
1360 2463 1390 2483 v.
1404 2454 1491 2485 ClaV.

59 2490 232 2530 aliquando
261 2493 432 2533 legendum
459 2496 654 2534 impudentia»,
679 2497 754 2535 quia
797 2495 830 2525 in
846 2495 994 2535 Antiphon
1010 2507 1042 2526 n.
1056 2503 1087 2525 4.

62 2534 191 2564 refertur
206 2536 244 2564 ad
260 2536 338 2566 illud
354 2538 519 2575 ultimum,
536 2550 585 2568 nec
599 2539 754 2568 seculorum
841 2544 880 2573 70
897 2538 1033 2578 exemplis
1044 2536 1261 2578 grandioribus]
1277 2539 1329 2568 An
1345 2539 1493 2577 graviori-

60 2575 234 2618 reliquorum
240 2577 384 2615 judicium
394 2581 602 2619 pertimescere.
796 2581 879 2610 bus?

105 2623 144 2649 68
168 2620 317 2649 evanuisse
332 2629 359 2650 et
375 2623 530 2663 exaruisse]
550 2625 674 2654 Ultima
689 2625 753 2654 duo
841 2629 877 2658 71
896 2633 979 2664 quem
995 2622 1048 2651 illa
1058 2620 1109 2662 p.]
1126 2623 1211 2653 Quia
1226 2624 1283 2662 ipsi
1299 2624 1413 2662 reginae
1429 2624 1491 2653 hoc

60 2662 156 2691 verba
179 2663 279 2692 delevi
306 2673 382 2693 cum
408 2665 555 2696 Davisio:
579 2677 666 2697 nam.
683 2675 714 2697 et
735 2677 754 2697 a
796 2667 1036 2705 responderunt,
1054 2666 1224 2704 legendum
1240 2667 1362 2696 videtur
1379 2666 1451 2704 ipsa.

62 2702 126 2734 Ms.
150 2704 257 2735 Guelf.
283 2707 399 2736 absunt
421 2715 451 2736 et
472 2709 540 2738 edd.
560 2709 640 2739 Ven.
660 2717 752 2743 1494.
840 2716 878 2743 72
899 2708 1021 2737 Vestalis
1037 2708 1104 2747 illa]
1125 2710 1211 2739 Hier.
1234 2709 1394 2738 Columna
1416 2717 1493 2738 con-

62 2745 192 2777 Mediol.
210 2749 327 2778 addidit
338 2750 506 2780 Victorius.
528 2751 628 2782 Aldus
644 2760 752 2783 autem
792 2752 869 2789 jecit
886 2751 957 2788 Ilia,
974 2752 1124 2791 probante
1140 2752 1279 2782 Davisio.
1296 2761 1360 2781 non
1377 2758 1422 2780 est
1437 2760 1491 2780 ne-

60 2789 157 2819 habet
171 2797 297 2823 tantum
311 2793 466 2829 exaruisse,
477 2794 561 2832 quod
573 2796 671 2834 magis
687 2795 753 2834 pla·
795 2803 891 2824 cesse.
917 2793 969 2822 illa
993 2801 1039 2823 est
1062 2794 1146 2825 clara
1173 2794 1226 2825 illa
1250 2793 1395 2830 Vestalis,
1419 2801 1491 2832 quae

59 2837 122 2867 cet,
148 2833 222 2871 quia
246 2835 398 2864 evanuisse
420 2843 492 2866 ante
518 2843 564 2866 est
585 2837 618 2868 in
640 2839 753 2868 eodem
796 2835 977 2866 Romulum
993 2838 1122 2877 peperit.

59 2881 164 2904 versu.

118 2929 232 2958 vor..
256 2931 325 2959 1v.
347 2932 387 2960 P.
406 2932 439 2961 1.
816 2932 869 2967 ‘M
891 2932 934 2958 m
