1778 3095
187 527 237 568 89
250 531 327 557 nus
356 515 602 570 repudiavit.

121 811 239 846 p.127.

168 1476 310 1532 43gi.

247 128 325 164 586
670 123 748 159 DE
784 121 1217 160 DIVINATIONE

247 233 361 274 laum
394 241 437 275 et
469 231 769 281 Cassandrum,
798 245 987 272 summos
1015 231 1250 287 astrologos
1284 230 1396 272 illius
1426 230 1575 283 aetatis‚
1595 245 1679 288 qua

249 298 338 330 erat
366 291 469 346 ipse,
489 304 588 330 cum
610 289 650 330 in
672 287 819 329 ceteris
840 287 1079 343 astlologiae
1102 288 1290 344 partibus
1310 286 1575 338 excellerent,
1595 287 1678 329 hoc

248 345 531 400 praedictionis
550 359 705 401 genere
726 359 809 386 non
829 359 941 386 usos.
1000 345 1152 409 Scylax
1178 345 1537 393 Halicarnasseus,
1557 344 1681 388 fami·-¹

248 402 360 444 liaris
394 403 578 453 Panaetii,
613 401 818 443 excellens
851 401 892 442 in
922 401 1165 456 astrologia,
1197 400 1432 457 idemque
1423 417 1465 442 ln
1495 400 1682 456 regenda

249 474 325 500 sua
345 460 512 500 civitate
539 458 745 514 princeps,
767 466 906 499 totum
927 457 1008 498 hoc
1031 457 1308 499 Chaldaicum
1330 457 1583 522 praedicendi
1602 471 1680 521 ge-

661 515 744 556 Sed
764 524 811 555 ut
832 514 991 554 ratione
1013 523 1197 564 utamur,
1220 514 1385 556 omissis
1406 513 1599 564 testibus,
1620 513 1680 554 sic

248 573 318 614 isti
343 572 575 628 disputant,
597 572 669 628 qui
699 571 790 612 haec
823 569 1126 612 Chaldaeorum
1157 571 1348 612 natalicia
1378 570 1578 627 praedicta
1606 569 1684 610 de—

249 628 439 670 fendunt.
497 629 597 670 Vim
636 627 845 683 quandam
878 641 982 676 esse,
1013 626 1144 689 aiunt,
1165 627 1366 681 signifero
1400 643 1441 668 1n
1472 628 1588 678 orbe,
1608 625 1683 681 qui

250 686 400 727 Graece
422 686 591 739 ζωδιακὸς
612 684 779 734 dicitur,
799 683 941 733 talem,
963 692 1011 723 ut
1039 682 1130 737 ejus
1163 683 1276 724 orbis
1304 698 1565 740 unaquaeque
1587 696 1683 738 pars

249 741 330 783 alia
348 742 431 783 alio
454 741 582 782 modo
603 755 674 781 mo
679 749 784 789 reat
805 739 1087 794 immutetque
1108 739 1280 788 ccelum,
1303 741 1473 795 perinde
1497 750 1543 781 ut
1564 754 1681 796 quae-

251 813 332 854 que
360 798 490 839 stellae
519 798 560 838 in
594 797 642 837 iis
674 796 943 851 finitimisque
963 795 1150 850 partibus
1170 795 1253 837 sint
1273 811 1442 852 quoque
1462 806 1680 852 tempore:

231 870 427 910 eamque
446 854 529 895 vim
551 853 658 894 varie
678 853 834 894 moveri
864 852 955 892 ab
946 867 995 893 ns
1023 852 1245 902 sideribus,
1267 868 1361 908 quae
1388 861 1589 894 vocantur
1615 866 1682 892 er-

248 911 396 952 rantia.
473 910 585 951 Cum
607 918 749 951 autem
770 909 810 949 in
833 924 925 949 eam
948 909 1079 964 ipsam
1103 918 1264 964 partem
1286 909 1398 950 orbis
1418 909 1617 958 venerint,
1640 908 1682 949 in

249 982 333 1023 qua
362 968 414 1008 sit
445 977 561 1008 ortus
592 965 698 1022 ejus,
730 966 801 1021 qui
831 965 1042 1019 nascitur3
1073 975 1147 1007 aut
1176 965 1218 1007 in
1248 980 1356 1015 eam,
1377 981 1470 1021 quae
1501 964 1682 1019 conjun-

249 1033 368 1065 ctum
389 1024 547 1080 aliquid
568 1023 736 1073 habeat,
758 1031 832 1063 aut
851 1001 1147 1064 consentiens:
1182 1032 1218 1054 82
1242 1025 1306 1076 (ea
1333 1022 1542 1077 triangula
1562 1020 1622 1062 illi
1641 1028 1685 1063 et

249 1080 453 1137 quadrata
475 1081 723 1132 nominant.)
766 1079 935 1120 Etenim
957 1088 993 1112 83
1009 1094 1104 1120 cum
1127 1088 1317 1143 tempore
1338 1079 1433 1119 anni
1455 1086 1684 1133 tempesta-

249 1147 442 1193 tumque,
462 1137 559 1178 coeli
579 1135 869 1178 conversiones
890 1135 1326 1200 commutationesque
1348 1144 1474 1176 tantae
1496 1136 1596 1176 fiant
1615 1148 1684 1175 ac-

249 1208 372 1235 cessu
401 1194 617 1235 stellarum
647 1202 689 1233 et
719 1207 913 1242 recessu3
952 1207 1133 1248 cumque
1162 1207 1212 1233 ea
1240 1193 1278 1233 vi
1308 1192 1407 1233 solis
1438 1191 1684 1241 efficiantur,

251 1266 346 1306 quae
372 1250 589 1291 videmus:
623 1265 706 1290 non
735 1249 958 1290 verisimile
991 1249 1145 1300 solum,
1168 1249 1242 1290 sed
1271 1249 1398 1289 etiam
1425 1264 1567 1290 verum
1595 1261 1685 1289 esse

250 1315 438 1358 censent,
461 1316 498 1340 84
507 1306 701 1371 perinde,
723 1314 956 1361 utcumque
983 1314 1239 1362 temperatus
1268 1306 1321 1347 sit
1350 1310 1434 1357 aer,
1455 1305 1513 1346 ita
1533 1318 1687 1368 pueros

249 1364 432 1405 orientes
451 1364 626 1404 animari
646 1372 770 1418 atque
791 1363 977 1414 formari,
993 1378 1045 1404 ex
1063 1377 1198 1418 eoque
1217 1363 1400 1418 ingenia,
1421 1376 1575 1411 mores,
1595 1376 1686 1402 am-

251 1435 385 1471 mum,
407 1434 574 1475 eoerS,
596 1420 807 1461 actionem
828 1419 936 1470 vitae,
959 1435 1080 1461 casus
1101 1419 1309 1484 cujusque
1334 1428 1588 1484 eventusque
1609 1418 1686 1459 fin-

371 1477 409 1518 O
449 1477 739 1518 delirationem
770 1476 1085 1518 incredibilem!
1124 1491 1209 1516 non
1245 1476 1356 1517 enim
1389 1476 1526 1518 omnis
1557 1489 1686 1525 error,

188 1551 242 1592 90
251 1491 432 1575 sgtultitia
451 1541 515 1574 est
535 1533 725 1575 dicenda.
767 1533 937 1575 Quibus
956 1534 1084 1574 etiam
1104 1533 1323 1589 Diogenes
1345 1533 1512 1575 Stoicus
1532 1545 1688 1574 conce-

190 1885 238 1926 91
255 1873 420 1915 nicrum
452 1888 586 1928 reges,
618 1872 779 1928 gemini
808 1873 954 1913 fratres
984 1872 1166 1913 fuerunt.

250 1590 327 1642 dit,
348 1590 507 1646 aliquid
538 1600 586 1631 ut
614 1590 841 1653 praedicere
868 1591 1045 1645 possint,
1073 1590 1274 1631 duntaxat
1297 1599 1334 1624 8⁵
1351 1590 1485 1645 qualis
1507 1589 1686 1652 quisque

251 1655 413 1698 natura,
435 1658 477 1688 et
507 1648 561 1689 ad
591 1662 720 1703 quam
751 1662 928 1702 quisque
960 1647 1142 1687 maxime
1170 1661 1259 1687 rem
1286 1655 1409 1702 aptus
1430 1646 1595 1688 futurus
1618 1644 1685 1685 sit.

252 1702 420 1754 Cetera,
441 1719 534 1759 quae
567 1704 855 1759 profiteantur,
878 1713 1006 1758 negat
1034 1703 1122 1743 ullo
1154 1703 1284 1743 modo
1315 1717 1439 1758 posse
1469 1701 1590 1743 sciri.
1621 1708 1688 1746 et-

250 1760 362 1800 enim
384 1760 654 1815 geminorum
683 1761 839 1800 formas
868 1774 957 1800 esse
987 1760 1159 1810 similes,
1179 1759 1308 1800 vitam
1326 1768 1454 1814 atque
1474 1759 1686 1806 fortunam

252 1817 501 1872 plerumque
529 1816 752 1881 disparem.
812 1816 977 1856 Procles
1008 1824 1050 1856 et
1080 1815 1381 1871 Eurysthenes,
1411 1813 1687 1856 Lacedaemo-

1238 1872 1301 1913 At
1329 1871 1374 1913 hi
1403 1886 1480 1914 nec
1505 1870 1687 1913 totidem

252 1945 384 1971 annos
411 1929 627 1970 vixerunt:
658 1944 768 1970 anno
789 1929 902 1970 enim
924 1929 1060 1970 Procli
1080 1929 1162 1969 vita
1181 1928 1345 1970 brevior
1367 1928 1461 1980 fuit,
1482 1928 1687 1974 multum-

251 2001 334 2051 que
367 1986 402 2027 is
434 1986 552 2027 fratri
590 2001 730 2027 rerum
760 1994 977 2041 gestarum
1007 1985 1144 2042 gloria
1173 1985 1380 2040 praestitit.
1438 1985 1502 2027 At
1529 1999 1614 2040 ego
1644 1982 1689 2028 id

250 2043 407 2098 ipsum,
431 2042 549 2106 quod
573 2042 632 2083 vir
663 2043 849 2098 optimus
877 2043 1096 2098 Diogenes
1128 2041 1356 2093 Chaldaeis,
1378 2048 1416 2075 86
1434 2041 1554 2098 quasi
1583 2055 1688 2106 qua-

252 2099 349 2141 dam
379 2099 735 2164 praevaricatione,
756 2098 965 2150 concedit,
987 2113 1096 2163 nego
1116 2113 1240 2154 posse
1260 2099 1457 2155 intelligi.
1515 2098 1691 2147 Etenim

251 2171 367 2206 cum,
389 2165 437 2197 ut
458 2155 536 2211 ipsi
557 2155 716 2207 dicunt,
738 2164 854 2197 ortus
875 2156 1138 2197 nascentium
1158 2155 1258 2196 luna
1277 2155 1533 2206 moderetur,
1553 2168 1687 2211 eaque

252 2212 598 2262 animadvertant,
617 2221 661 2253 et
692 2221 839 2254 notent
867 2211 1001 2253 sidera
1026 2212 1219 2253 natalicia
1243 2212 1449 2264 Chaldaei,
1471 2226 1687 2276 quaecum-

252 2284 335 2325 que
353 2269 464 2311 lunae
477 2268 630 2326 juncta
648 2268 894 2311 videantur:
926 2269 1147 2310 oculorum
1169 2268 1438 2310 fallacissimo
1466 2283 1592 2310 sensu
1614 2266 1688 2323 ju·

253 2326 396 2368 dicant
418 2340 481 2377 ea,
502 2341 597 2383 quae
625 2326 787 2367 ratione
816 2334 944 2383 atque
972 2325 1114 2367 animo
1142 2325 1280 2367 videre
1308 2326 1531 2367 debebant.
1561 2323 1688 2365 docet

298 2440 336 2469 82
358 2430 559 2473 ea-vocant]
584 2432 663 2464 Haec
687 2439 763 2463 sunt
785 2432 817 2462 in
840 2442 951 2472 paren-

253 2475 346 2506 thesi.
368 2477 422 2505 sed
437 2485 635 2515 consequens
651 2476 748 2514 deest,
761 2476 950 2515 respondens

254 2518 317 2549 illis
333 2519 585 2548 cum—venerint.

299 2567 338 2594 83
373 2572 435 2591 cum
461 2567 583 2600 tempore
606 2561 677 2590 anm*
701 2559 773 2599 &c.]
803 2561 951 2595 Davisius

254 2603 428 2634 delendum
452 2610 541 2643 putat
563 2611 687 2643 tempore
710 2604 789 2634 anni.
812 2605 896 2643 quod
920 2604 950 2633 id

256 2646 387 2678 nullum
416 2647 627 2677 commodum
655 2656 786 2677 sensum
823 2647 948 2682 habeat,

256 2690 378 2728 reliqua
402 2690 447 2719 sic
472 2690 616 2720 ordinat:
651 2689 716 2717 coeli
743 2688 948 2725 conversiones,

255 2739 510 2773 tempestatumque
525 2731 761 2762 commutationes.
785 2738 886 2771 potest
901 2732 950 2761 in-

256 2775 369 2814 telligi,
380 2782 463 2805 certo
475 2776 551 2806 anni
568 2782 718 2814 ternpore.
733 2775 870 2805 alterum
884 2775 950 2814 pla-

257 2826 319 2855 cet,
336 2819 420 2858 quod
437 2819 469 2848 in
486 2818 565 2849 Mss.
583 2819 774 2857 quibusdam
789 2819 834 2850 sic
849 2824 906 2849 est.

303 2868 343 2892 84
359 2861 493 2902 perinde,
519 2869 672 2904 utcumque
697 2867 720 2893 t.
743 2872 766 2892 s.
793 2860 837 2902 a.]
863 2861 950 2895 Alias

994 2433 1109 2463 dicitur
1125 2432 1245 2472 perinde
1267 2439 1307 2462 ut.
1331 2433 1417 2471 quod
1440 2438 1471 2462 et
1489 2432 1521 2462 h.
1535 2431 1557 2462 l.
1572 2440 1687 2465 verum

994 2483 1081 2516 puto·
1106 2486 1170 2506 non
1193 2475 1360 2506 addidisset
1375 2475 1507 2515 perinde,
1526 2476 1553 2506 si
1575 2481 1689 2505 utcum-

995 2530 1047 2560 que
1063 2519 1200 2548 dixisset.

1039 2568 1076 2595 85
1101 2560 1197 2601 qualis
1213 2559 1331 2602 quisque
1347 2567 1455 2590 natura
1469 2559 1520 2599 sit]
1537 2560 1686 2593 Davisius

993 2614 1033 2633 ex
1049 2604 1117 2633 edd.
1134 2603 1324 2642 quibusdam
1342 2609 1415 2634 vett.
1431 2603 1516 2634 dedit
1526 2603 1686 2645 qualinon

993 2646 1089 2677 male.
1105 2648 1158 2676 sed
1173 2653 1204 2676 et
1219 2646 1314 2688 qualis
1329 2647 1409 2677 bene
1420 2656 1457 2679 >sse
1473 2647 1588 2677 habet:
1607 2656 1686 2686 qua-

993 2689 1030 2720 lis
1045 2689 1178 2730 quisque
1192 2690 1231 2720 sit
1247 2690 1371 2720 futurus
1388 2696 1500 2720 natura
1515 2691 1574 2720 &c-

1051 2738 1090 2763 86
1127 2732 1210 2774 quasi
1252 2732 1378 2774 quadam
1419 2731 1685 2772 prevaricatione]

995 2776 1102 2812 Quod,
1118 2785 1195 2807 curn
1220 2776 1398 2807 Stoicorum
1424 2776 1556 2807 rationes
1579 2776 1687 2806 defen-

992 2820 1064 2850 dere
1076 2819 1198 2856 debeat,
1215 2820 1317 2850 faveat
1328 2818 1498 2858 Chaldaeis,
1508 2826 1542 2851 et
1557 2819 1593 2851 iis
1608 2828 1685 2850 con-

992 2863 1094 2900 cedat,
1109 2862 1196 2903 quod
1209 2872 1276 2895 non
1291 2862 1434 2895 debebat.
