1768 3095
541 124 729 162 LIBER
768 122 1078 161 QUARTUS.
1479 127 1525 166 γι

92 248 257 289 semper
276 234 387 275 enim
410 234 474 286 (ut
495 232 625 284 scitis)
652 240 689 264 58
709 230 925 272 studiosus
950 229 1179 271 nobilitatis
1196 229 1270 269 fui.
1331 227 1531 282 Urgebor

85 292 175 346 jam
206 291 395 332 omnium
426 298 609 330 vestrum
645 288 850 329 convicio.
908 288 1029 329 Tune
1057 294 1131 327 aut
1153 285 1274 326 inane
1296 283 1529 340 quidquam

92 356 214 403 putes
244 362 346 397 esse,
377 361 473 387 cum
505 346 562 387 ita
593 345 820 401 completa,
851 352 893 384 et
923 344 1114 384 conferta
1143 342 1226 383 sint
1246 340 1403 390 omnia,
1423 349 1471 380 ut
1487 350 1529 381 et

93 404 207 460 quod
227 403 460 445 movebitur
490 416 717 457 corporum
736 401 871 451 cedat,
900 409 938 435 ⁵9
957 409 1000 441 et
1019 414 1102 456 qua
1122 398 1322 455 quodque
1342 396 1529 445 cesserit,

92 461 205 502 aliud
235 460 346 500 illico
377 460 682 514 subsequatur?
717 467 790 499 aut
821 466 986 498 atomos
1016 456 1136 507 ullas,
1168 470 1191 495 e
1221 455 1374 510 quibus
1405 452 1529 508 quid-

93 517 192 573 quid
222 516 437 565 efficiatur,
472 516 636 556 illarum
677 516 730 556 sit
760 513 1121 555 dissimillimum?
1155 521 1227 552 aut
1265 511 1353 552 sine
1389 510 1529 565 aliqua

92 583 231 614 mente
261 586 349 612 rem
379 571 510 612 ullam
541 572 647 612 effici
677 585 800 627 posse
830 570 1107 626 praeclaram?
1150 578 1207 619 et,
1238 582 1337 609 cum
1367 567 1409 607 in
1442 581 1528 607 uno

92 629 249 669 mundo
281 637 451 669 ornatus
482 629 550 669 hic
580 638 666 668 tam
698 629 751 669 sit
781 628 997 677 mirabilis,
1030 624 1368 675 innumerabiles,
1388 638 1526 677 supra,

91 686 210 736 infra,
239 684 397 736 dextra,
429 686 606 735 sinistra,
636 694 746 736 ante,
773 694 884 740 post,
907 684 1011 725 alios
1033 681 1270 732 dissimiles,
1291 681 1395 722 alios
1415 680 1527 735 ejus-

91 741 307 782 demmodi
328 742 511 784 mundos
529 743 646 782 esse?
681 748 722 773 60
736 751 794 791 et,
810 750 859 783 ut
881 756 957 782 nos
980 755 1090 781 nunc
1113 753 1259 780 sumus
1281 738 1332 779 ad
1355 736 1527 789 Baulos,

93 798 374 853 Puteolosque
390 798 605 849 videmus3
629 798 687 839 sic
704 798 1030 839 innumerabiles
1052 797 1222 853 paribus
1240 796 1280 836 in
1303 794 1406 835 locis
1422 808 1527 846 esse,

91 855 250 896 eisdem
282 856 539 906 nominibus,
559 855 806 905 honoribus,
836 854 960 896 rebus
980 853 1127 910 gestis,
1149 851 1345 908 ingeniis,
1366 851 1528 902 formis,

93 912 303 961 aetatibus,
334 911 493 953 eisdem
525 912 576 953 de
606 913 731 953 rebus
763 911 1054 967 disputantes?
1089 919 1146 959 et,
1177 911 1212 951 si
1242 923 1369 958 nune,
1400 915 1474 948 aut
1495 908 1530 949 si

91 968 218 1009 etiam
250 968 519 1020 dormientes,
550 968 711 1026 aliquid
741 968 883 1010 animo
910 967 1048 1009 videre
1070 967 1299 1016 videamur,
1322 964 1527 1020 imagines

92 1025 345 1066 extrinsecus
382 1026 424 1067 in
459 1026 622 1067 animos
659 1035 824 1067 nostros
856 1040 931 1081 per
966 1038 1120 1080 corpus
1161 1023 1417 1077 irrumpere?
1460 1021 1528 1062 Tu
1544 1023 1618 1061 126

92 1095 187 1122 vero
221 1082 299 1123 ista
334 1098 384 1124 ne
420 1083 623 1133 asciveris,
658 1097 758 1124 neve
794 1082 923 1123 fueris
959 1079 1266 1122 commenticiis
1296 1079 1423 1120 rebus
1459 1091 1526 1119 as·

92 1151 250 1179 sensus.
286 1139 391 1181 nihil
423 1139 588 1190 sentire,
623 1149 688 1181 est
721 1139 886 1191 melius,
923 1152 1051 1194 quam
1086 1146 1174 1178 tam
1207 1150 1331 1192 prava
1362 1134 1527 1176 sentire.

91 1195 194 1235 Non
227 1210 331 1251 ergo
364 1196 405 1236 id
439 1196 594 1252 agitur,
628 1205 676 1237 ut
708 1196 870 1253 aliquid
901 1209 1073 1236 assensu
1106 1208 1203 1234 meo
1236 1191 1528 1247 comprobem.
1565 1204 1568 1206 ’

93 1257 130 1282 61
148 1266 242 1307 quae
262 1263 309 1293 tu
329 1252 436 1302 vide,
455 1267 507 1293 ne
534 1252 800 1308 impudenter
819 1253 946 1293 etiam
969 1249 1173 1307 postuleS,
1195 1264 1281 1290 non
1302 1249 1442 1290 solum
1462 1262 1529 1288 ar-

91 1317 318 1363 roganter:
350 1308 582 1363 praesertim
613 1324 710 1350 cum
742 1309 822 1350 ista
850 1317 924 1349 tua
954 1307 1058 1348 mihi
1089 1321 1141 1347 ne
1173 1305 1407 1361 probabilia
1434 1304 1529 1360 qui-

95 1363 191 1404 dem
212 1364 443 1406 videantur.
464 1380 539 1405 nec
561 1366 671 1406 enim
693 1365 1004 1415 divinationem,
1023 1377 1149 1419 quam
1174 1362 1376 1417 probatis,
1397 1362 1529 1402 ullam

92 1434 183 1460 esse
203 1422 381 1462 arbitror
400 1438 409 1462 :
440 1423 659 1477 fatumque
680 1422 785 1463 illud
805 1422 947 1472 etiam,
969 1435 1054 1476 quo
1076 1419 1220 1460 omnia
1238 1418 1445 1459 contineri
1464 1417 1529 1458 di-

91 1476 200 1527 citis,
221 1486 462 1519 contemno.
486 1493 536 1518 ne
564 1477 869 1519 exaedificatum
899 1478 1070 1533 quidem
1102 1475 1214 1516 hunc
1236 1475 1444 1516 mundum
1467 1473 1530 1515 di-
1541 1486 1571 1515 p.
1589 1483 1639 1507 39-

91 1532 187 1574 vino
215 1534 391 1574 consilio
418 1535 624 1575 existimo.
653 1544 780 1590 atque
800 1534 915 1575 haud
941 1534 1045 1583 scio,
1071 1547 1124 1573 an
1145 1533 1203 1573 ita
1224 1532 1292 1572 sit.
1350 1531 1435 1571 Sed
1455 1545 1529 1572 cur
1542 1529 1569 1549 ³·

91 1589 231 1645 rapior
250 1591 292 1630 in
311 1590 507 1631 invidiam
531 1593 542 1631 ?
576 1591 729 1632 licetne
748 1605 821 1646 per
841 1605 914 1632 vos
935 1591 1108 1639 nescire,
1132 1588 1250 1645 quod
1270 1588 1441 1629 nescio?
1475 1603 1527 1628 an
1542 1569 1607 1616 4]-

93 1646 245 1688 Stoicis
276 1647 376 1702 ipsis
410 1647 517 1688 inter
546 1662 588 1688 se
621 1647 868 1703 disceptare,
899 1646 1003 1687 mihi
1031 1660 1130 1688 cum
1160 1645 1210 1686 iis
1237 1659 1322 1686 non
1350 1643 1524 1685 licebit?

93 1703 271 1755 Zenoni,
291 1712 333 1744 et
352 1704 523 1760 reliquis
545 1704 630 1745 fere
649 1705 800 1746 Stoicis
822 1704 975 1745 AEther
994 1703 1158 1745 videtur
1187 1716 1379 1743 summus
1408 1701 1528 1752 deus,

94 1767 235 1800 mente
262 1760 478 1816 praeditus,
501 1775 585 1817 qua
614 1762 757 1802 omnia
776 1769 989 1817 regantur.
1051 1759 1295 1809 Cleanthes,
1315 1758 1388 1814 qui
1409 1759 1528 1814 quasi

92 1817 303 1872 majorum
332 1826 397 1858 est
420 1818 613 1872 gentium
643 1818 825 1869 Stoicus,
856 1817 1039 1858 Zenonis
1071 1815 1253 1866 auditor,
1275 1816 1417 1855 Solem
1449 1815 1525 1855 do-

91 1873 256 1923 minari,
285 1883 329 1914 et
357 1889 497 1915 rerum
527 1874 653 1929 potiri
672 1884 807 1930 putat.
834 1881 872 1906 62
888 1875 1030 1930 itaque
1052 1873 1249 1929 cogimur
1270 1871 1527 1912 dissensione

92 1929 345 1984 sapientum,
368 1930 587 1971 dominum
619 1940 809 1972 nostrum
839 1932 1034 1987 ignorare
1053 1947 1061 1971 ε
1094 1929 1252 1986 quippe
1274 1928 1345 1984 qui
1367 1928 1527 1969 nescia-

92 1999 202 2035 mus,
225 1986 328 2037 Soli,
349 2001 401 2027 an
423 1987 591 2028 AEtheri
622 1988 861 2029 serviamus.
920 1993 958 2019 6³
975 1987 1084 2028 Solis
1109 1995 1253 2027 autem
1273 1985 1527 2040 magnitudo

94 2041 201 2097 (ipse
213 2043 326 2084 enim
344 2043 412 2084 hic
432 2044 616 2085 radiatus
632 2059 701 2085 me
717 2045 869 2085 intueri
884 2044 1062 2097 videtur)
1081 2043 1297 2093 admonet,
1313 2052 1362 2082 ut
1378 2043 1527 2083 crebro

90 2097 241 2139 faciam
262 2101 520 2141 mentionem
542 2101 619 2142 sui.
661 2102 752 2142 Vos
773 2116 877 2156 ergo
900 2101 1027 2157 hujus
1049 2099 1385 2156 magnitudinem
1407 2099 1527 2155 quasi

91 2155 350 2212 decempeda
382 2164 420 2189 64
439 2157 553 2211 (hinc
585 2157 698 2198 enim
734 2172 803 2198 me
834 2159 953 2213 quasi
982 2157 1103 2198 malis
1134 2155 1375 2198 architectis
1406 2170 1526 2196 men-

91 2226 199 2254 surae
228 2222 374 2255 vestrae
406 2229 517 2269 nego
549 2214 647 2268 hoc)
682 2214 892 2270 permensi
922 2215 1098 2254 refertis.
1129 2228 1232 2268 ergo
1258 2212 1427 2253 credere
1446 2211 1526 2252 du-

89 2269 209 2312 bium
229 2278 307 2324 est,
326 2279 421 2312 uter
440 2280 632 2312 nostrum
665 2271 732 2320 sit,
754 2276 792 2302 6⁵
810 2271 958 2311 leniter
979 2279 1026 2311 ut
1045 2270 1199 2321 dicam,
1219 2267 1524 2309 verecundior?

90 2325 246 2383 Neque
276 2335 418 2369 tamen
448 2328 548 2369 istas
584 2328 839 2384 quaestiones
868 2327 1159 2383 physicorum,
1190 2323 1612 2384 exterminandas127

136 2446 174 2471 58
197 2440 335 2472 studiosus
368 2442 530 2473 nobilitatis
555 2441 624 2484 fui]
661 2441 788 2482 Nempe
829 2442 939 2473 visius.

91 2481 294 2514 Democritun
309 2485 436 2517 nobilis.
874 2491 913 2516 63
937 2483 1015 2515 Solis
1037 2496 1066 2514 a.
1083 2481 1267 2522 magnitudo]
1286 2482 1434 2512 Davisius
1451 2489 1528 2511 con—

136 2532 176 2559 ⁵9
199 2533 226 2556 et
241 2538 300 2568 qua
316 2528 445 2569 quodque
459 2526 586 2568 cesserit]
604 2528 686 2558 Dedi
699 2528 787 2570 quod·
826 2528 904 2567 jecit
920 2527 1073 2563 claritudo,
1088 2533 1157 2566 apte
1173 2535 1248 2555 sane
1265 2527 1302 2555 acl
1320 2524 1497 2564 sequentia.

91 2578 147 2609 que
158 2578 214 2608 pro
229 2571 364 2613 quidque,
382 2571 535 2602 latinitate
550 2571 742 2611 postulante.
873 2577 913 2602 64
937 2571 1003 2600 hinc
1016 2570 1201 2608 mim—nego
1215 2567 1275 2607 hoc]
1293 2569 1374 2599 Haec
1386 2568 1454 2598 sine
1470 2569 1528 2598 du—

135 2616 177 2643 60
200 2619 239 2648 εἰ,
256 2620 289 2642 ut
304 2625 351 2643 nos
369 2625 442 2644 nunc
456 2625 564 2651 sumus,
579 2615 620 2644 ad
636 2613 789 2644 Baulos—
831 2614 884 2645 bio
906 2621 983 2645 sunt
997 2614 1118 2643 vitiosa.
1135 2620 1194 2642 nec
1212 2611 1312 2642 ullam
1328 2611 1401 2641 satis
1418 2610 1529 2650 proba-

91 2654 238 2694 videmus]
257 2656 309 2687 Sic
332 2658 452 2688 habent
474 2658 543 2687 edd.
564 2663 640 2687 vett.
657 2666 735 2694 non,
752 2663 789 2687 ut
830 2657 929 2688 bilem
953 2657 1184 2687 correctionem
1207 2662 1263 2684 aut
1285 2655 1369 2694 apud
1385 2653 1461 2683 alios
1482 2662 1530 2683 re-

91 2696 188 2736 vulgo
203 2705 261 2735 est,
280 2699 574 2730 simus—videamus.
831 2701 908 2741 peri,
925 2707 981 2730 aut
994 2700 1059 2739 ipse
1074 2698 1251 2737 excogitare
1266 2697 1366 2737 potui.

136 2743 173 2770 61
198 2752 265 2783 quae
280 2749 312 2772 tu
327 2742 410 2783 vide]
428 2743 576 2774 Davisius
588 2743 685 2774 edidit
701 2741 785 2784 quod.
874 2748 914 2774 65
939 2742 1040 2773 leniter
1070 2749 1102 2771 ut
1131 2739 1239 2779 dicam]
1270 2740 1378 2779 Vulgo
1409 2737 1528 2775 leviter,

92 2780 185 2812 bene.
828 2787 944 2817 usitata
966 2785 1165 2816 confusione.
1210 2783 1354 2815 Correxit
1379 2789 1410 2812 et
1432 2781 1528 2812 Davi-

137 2828 176 2854 62
199 2825 299 2867 itaque
319 2825 461 2867 cogimur]
480 2827 558 2860 Mss.
575 2828 720 2868 quidam,
737 2827 788 2857 ed.
829 2830 908 2860 sius.

92 2865 212 2898 Victor.
236 2868 290 2900 ita.
310 2879 375 2901 non
393 2870 487 2902 male.
506 2871 551 2903 sic
567 2878 597 2902 et
612 2871 707 2902 edidit
721 2870 788 2901 Da-

769 2924 843 2963 η
