1778 3095
237 150 318 183 400
634 146 711 183 DE
739 147 1000 184 NATURA
1029 146 1298 186 DEORUM

237 249 397 305 magni,
417 257 543 306 atque
574 251 750 302 nobiles,
772 252 844 308 qui
874 251 1051 294 deorum
1073 261 1215 294 mente
1236 260 1362 308 atque
1380 252 1540 294 ratione
1570 269 1665 296 om-

236 320 333 347 nem
363 308 572 348 mundum
604 308 882 350 administrari
901 320 945 350 et
965 309 1054 364 regi
1080 318 1299 350 censeant:
1333 322 1467 364 neque
1496 324 1592 352 vero
1622 312 1663 353 id

235 362 389 415 solum,
412 363 484 404 sed
506 364 631 405 etiam
652 365 705 406 ab
725 365 871 406 iisdem
896 366 988 407 vitae
1018 366 1236 407 hominum
1268 365 1429 406 consuli
1458 374 1501 407 et
1530 368 1666 421 provi-

235 419 350 464 deri„
369 435 464 461 nam
495 429 538 462 et
564 422 722 477 fruges,
753 431 795 462 et
827 422 1000 477 reliqua,
1021 437 1115 477 quae
1142 433 1249 464 terra
1270 422 1417 477 pariat,
1438 432 1480 463 et
1500 432 1664 478 tempe·

234 486 378 527 states,
409 492 457 517 ae
489 486 728 533 temporum
758 479 990 529 varietates,
1011 478 1185 534 caelique
1216 478 1487 529 mutationes,
1512 480 1664 534 quibus

148 533 389 584 uss-omnia,
412 547 504 588 quae
526 542 634 575 terra
659 535 825 590 gignat,
847 542 1055 575 maturata
1080 535 1325 590 pubescant,
1347 549 1370 575 a
1390 534 1468 575 diis
1490 535 1664 576 immor-

194 591 224 613 ὃ·
235 589 387 631 talibus
408 590 536 631 tribui
556 591 699 645 generi
732 591 916 631 humano
945 600 1119 645 putant:
1151 592 1380 647 multaque,
1403 607 1497 646 quae
1518 592 1661 633 dicen·

233 654 302 686 tur
332 647 375 687 in
406 646 470 687 his
503 646 632 697 libris,
654 647 887 702 colligunte
921 662 1015 702 quae
1049 655 1086 678 10
1100 648 1199 688 talia
1229 656 1340 699 sunt,
1360 658 1406 688 ut
1427 663 1475 688 ea
1496 649 1585 704 ipsa
1603 648 1661 690 clii

231 702 488 744 immortales
526 703 577 743 ad
617 718 742 744 usum
783 702 1003 743 hominum
1043 703 1231 744 fabricati
1271 719 1388 760 paene
1428 705 1660 746 videantur.

231 757 395 800 Contra
424 774 530 815 quos
560 759 799 800 Carneades
821 759 879 799 ita
898 759 1031 800 multa
1051 759 1259 810 disseruit,
1280 770 1328 801 ut
1352 761 1551 802 excitaret
1581 760 1661 803 ho·

193 816 364 857 5mines
395 830 479 855 non
507 815 705 856 socordes
734 815 788 856 ad
818 816 901 856 veri
930 816 1203 871 investigandi
1229 816 1519 870 cupiditatem.
1578 819 1661 859 Res

228 873 341 912 enim
378 871 493 912 nulla
527 881 605 922 est,
641 871 692 912 de
727 887 810 928 qua
841 881 1058 928 tantopere
1092 888 1175 913 non
1209 872 1345 913 solum
1378 874 1553 925 indocti,
1587 875 1660 916 sed

228 928 355 969 etiam
391 928 505 969 docti
538 928 798 969 dissentiant.
831 944 1010 984 quorum
1045 929 1265 984 opiniones
1297 943 1394 970 cum
1422 939 1507 970 tam
1538 931 1660 973 variae

227 985 324 1035 sint,
346 994 517 1040 tamque
538 985 644 1026 inter
664 1000 708 1026 se
727 985 972 1026 dissidentes
993 1003 1002 1027 :
1034 987 1212 1027 alterum
1236 985 1320 1026 fieri
1340 986 1532 1041 profecto
1562 998 1659 1043 pot-

225 1049 305 1090 est,
326 1050 374 1082 ut
392 1055 535 1082 earum
568 1042 709 1091 nulla3
740 1042 916 1083 alterum
946 1052 1057 1083 certe
1087 1057 1169 1084 non
1202 1050 1355 1097 potest,
1383 1052 1431 1083 ut
1460 1042 1555 1097 plus
1575 1059 1660 1085 una

177 1109 319 1155 3vera
353 1098 420 1139 sit.
479 1099 576 1155 Qua
607 1099 777 1154 quidem
810 1100 850 1139 in
885 1114 1012 1140 causa
1040 1109 1082 1140 et
1110 1098 1333 1139 benevolos
1360 1099 1658 1155 objurgatores

223 1155 405 1210 placare,
437 1165 479 1195 et
512 1154 672 1196 invidos
702 1156 1002 1210 vituperatores
1024 1156 1243 1196 confutare
1267 1169 1507 1210 possumus,
1528 1165 1576 1197 ut
1596 1157 1658 1198 al-

223 1220 336 1252 teros
372 1211 685 1266 reprehendisse
718 1213 934 1266 poeniteat,
969 1211 1090 1252 alteri
1127 1211 1322 1253 didicisse
1353 1226 1397 1252 se
1428 1212 1656 1267 gaudeant.

223 1268 338 1309 Nam
374 1268 446 1324 qui
478 1268 707 1309 admonent
736 1268 885 1319 amice,
907 1268 1087 1309 docendi
1108 1276 1205 1309 sunt
1224 1284 1233 1307 ε
1265 1268 1338 1323 qui
1357 1267 1525 1309 inimice
1545 1269 1656 1311 inse-

186 1329 213 1366 6
224 1333 404 1375 etantur,
426 1324 669 1379 repellendi.
729 1325 919 1366 Multum
952 1334 1093 1366 autem
1126 1324 1294 1365 fluxisse
1324 1324 1444 1365 video
1467 1324 1518 1366 de
1539 1325 1655 1368 libris

222 1380 390 1431 nostris,
412 1395 519 1436 quos
541 1381 781 1437 complures
807 1382 921 1422 brevi
952 1391 1142 1437 tempore
1171 1380 1395 1431 edidimus,
1413 1382 1657 1438 variumque

219 1451 474 1490 sermonem,
513 1438 667 1494 partim
708 1437 1021 1489 admirantium,
1057 1439 1170 1479 unde
1206 1438 1288 1478 hoc
1328 1438 1656 1494 philosophandi

218 1492 341 1535 nobis
364 1495 505 1536 subito
527 1493 715 1536 studium
734 1496 985 1537 exstitisset:
1016 1496 1183 1551 partim,
1205 1494 1307 1550 quid
1333 1509 1499 1551 quaque
1529 1495 1581 1537 de
1611 1510 1656 1536 re

215 1551 321 1592 certi
343 1551 609 1602 haberemus,
630 1552 734 1593 scire
764 1553 1038 1607 cupientium.
1097 1551 1251 1593 Multis
1282 1551 1409 1592 etiam
1439 1552 1549 1595 sensi
1574 1551 1655 1593 mi-

214 1607 346 1649 rabile
367 1608 510 1659 videri,
530 1622 623 1649 eam
656 1608 778 1649 nobis
813 1609 1077 1664 potissimum
1111 1608 1330 1663 probatam
1352 1622 1443 1649 esse
1463 1595 1656 1663 pffiloso-

214 1664 374 1719 phiam,
394 1680 488 1721 quae
510 1664 650 1705 lucem
673 1665 865 1720 eriperet,
885 1674 927 1707 et
947 1665 1065 1721 quasi
1096 1674 1264 1705 noctem
1293 1664 1506 1720 quandam
1527 1665 1652 1706 rebus

215 1721 467 1772 offunderet,
503 1721 764 1778 desertaeque
800 1721 1048 1777 disciplinae,
1083 1730 1126 1762 et
1157 1720 1245 1777 jam
1281 1720 1443 1776 pridem
1478 1720 1651 1771 relictae,

212 1777 495 1833 patrocinium
530 1792 605 1818 nec
640 1779 857 1833 opinatum
895 1793 919 1819 a
956 1778 1075 1819 nobis
1113 1792 1201 1818 esse
1238 1785 1497 1833 susceptum.
1555 1779 1651 1820 Nos

213 1841 358 1875 autem
388 1849 463 1876 nec
498 1834 640 1875 subito
669 1835 877 1890 coepimus
898 1833 1211 1889 philosophari:
1244 1847 1320 1874 nec
1338 1833 1595 1875 mediocrem
1626 1850 1652 1876 a

212 1890 352 1946 primo
381 1900 571 1946 tempore
605 1891 739 1934 aetatis
773 1892 815 1932 in
845 1905 896 1931 eo
926 1891 1067 1932 studio
1098 1905 1269 1945 operam
1296 1904 1525 1946 curamque
1546 1906 1650 1932 con-

168 1953 202 1986 b.
213 1947 442 1989 sumsimus
462 1965 471 1989 ε
502 1956 558 1998 et,
580 1961 678 1988 cum
710 1948 883 1989 minime
912 1947 1171 1997 videbamur,
1192 1956 1282 1987 tum
1309 1947 1490 1987 maxime
1510 1947 1648 2002 philo-

211 2004 511 2059 sophabamur.
543 2003 661 2060 quod
692 2013 734 2046 et
765 2004 974 2045 orationes
1007 2003 1234 2054 declarant,
1263 2003 1427 2045 refertae
1458 2003 1648 2058 philoso-

209 2059 393 2116 phorum
427 2061 656 2112 sententiiS,
684 2070 727 2102 et
760 2061 1101 2102 doctissimorum
1130 2060 1353 2101 hominum
1388 2060 1648 2103 familiarita-

208 2125 288 2168 tes,
312 2126 346 2149 11
364 2118 517 2175 quibus
539 2132 704 2173 semper
723 2118 875 2159 domus
907 2127 1049 2159 nostra
1070 2117 1211 2158 floruit
1229 2135 1238 2158 :
1269 2126 1312 2157 et
1342 2117 1550 2172 principes
1571 2118 1646 2169 illi,

208 2173 442 2226 Diodotus,
477 2175 613 2226 Philo,
645 2175 900 2225 Antiochus,
933 2174 1195 2224 Posidonius,
1226 2188 1250 2214 a
1284 2174 1435 2229 quibus
1466 2174 1644 2216 instituti

173 2239 368 2281 7sumus.
429 2233 498 2282 Et,
531 2232 564 2272 si
598 2232 741 2273 omnia
773 2231 1053 2287 philosophiae
1088 2239 1299 2286 praecepta
1329 2230 1566 2271 referuntur
1591 2231 1643 2272 ad

208 2287 351 2340 vitam,
373 2288 625 2330 arbitramur
646 2303 721 2330 nos
741 2297 785 2329 et
804 2286 996 2343 publicis,
1018 2297 1060 2328 et
1080 2287 1246 2342 privatis
1265 2286 1306 2327 in
1326 2287 1448 2328 rebus
1470 2300 1519 2327 ea
1535 2301 1641 2342 prae-

159 2344 376 2399 4stitisse,
395 2360 489 2401 quae
510 2345 617 2386 ratio
638 2354 680 2386 et
701 2344 891 2386 doctrina
921 2344 1233 2399 praescripserit.
1254 2356 1258 2360 ·
1292 2343 1363 2384 Sin
1385 2350 1525 2384 autem
1549 2343 1642 2399 quis

206 2402 394 2457 requirit,
415 2417 510 2458 quae
542 2417 669 2443 causa
697 2416 772 2443 nos
805 2401 1031 2455 impulerit,
1053 2410 1101 2441 ut
1130 2401 1222 2441 haec
1251 2409 1338 2440 tam
1371 2414 1464 2440 sero
1492 2399 1641 2442 litteris

205 2459 516 2509 mandaremus,
538 2458 641 2499 nihil
673 2468 750 2509 est,
773 2457 886 2513 quod
917 2457 1110 2512 expedire
1141 2466 1228 2497 tam
1263 2455 1383 2496 facile
1414 2456 1639 2511 possimus.

205 2514 320 2555 Nam
352 2529 450 2556 cum
481 2515 570 2555 otio
603 2512 913 2571 langueremus,
941 2524 982 2554 et
1016 2514 1048 2553 is
1080 2522 1189 2554 esset
1219 2512 1459 2567 reipublicae
1491 2521 1641 2564 status,

251 2674 287 2698 10
305 2666 382 2696 talia
401 2673 478 2703 sunt,
495 2674 528 2696 ut
550 2678 582 2696 ea
599 2666 660 2706 ipsa
676 2667 718 2695 dii
735 2665 811 2705 διο]
837 2667 899 2705 ipsa
942 2675 1030 2697 ctura
1047 2674 1152 2697 nostra
1172 2667 1268 2696 etiam
1294 2666 1430 2697 Buherio
1447 2666 1479 2696 in
1496 2673 1637 2697 mentem

205 2712 294 2750 friget
308 2710 409 2741 valde.
454 2711 515 2740 Sed
539 2718 615 2749 puto
632 2711 804 2749 legendum
821 2709 899 2748 ipsi:
941 2717 1088 2739 venerat:
1113 2710 1203 2739 nobis
1226 2718 1312 2747 ante,
1339 2718 1437 2749 quam
1462 2709 1636 2740 Buherium

202 2755 223 2784 i.
237 2763 267 2783 e.
283 2760 410 2783 tantum
434 2754 466 2784 in
490 2753 526 2784 iis
549 2753 720 2783 artificium
741 2759 798 2789 est,
816 2759 851 2782 ut
868 2753 900 2782 in
943 2754 1212 2792 cognovissemus.

201 2806 328 2836 corpore
344 2798 502 2833 humano,
521 2804 634 2827 utnon
659 2797 754 2826 modo
777 2797 805 2825 ei
830 2806 897 2835 pro·
988 2804 1020 2826 11
1041 2796 1142 2836 quibus
1157 2802 1264 2835 semper
1287 2795 1383 2824 domus
1405 2801 1500 2824 nostra
1511 2795 1636 2835 floruit]

200 2841 314 2870 vidisse
330 2840 395 2875 Dii,
411 2841 463 2869 sed
480 2840 543 2870 suis
559 2840 657 2869 veluti
675 2839 825 2869 manibus
841 2839 896 2877 ipsi
942 2839 1198 2878 Verbumfloruit
1214 2849 1266 2868 me
1283 2848 1366 2877 saepe
1386 2838 1517 2869 offendit
1531 2849 1537 2867 :
1562 2839 1637 2877 quia

200 2883 340 2913 fabricati
362 2893 451 2925 paene
474 2892 540 2913 esse
562 2883 737 2915 videamur.
783 2882 899 2920 Conje-
942 2882 1140 2921 gloriabundi
1154 2882 1295 2913 hominis
1311 2882 1444 2912 videtur.
