1778 3095
547 151 729 189 LIBER
757 150 1091 189 SECUNDUS.
1461 156 1537 193 481

101 258 235 311 litate,
257 274 354 317 quae
373 259 478 302 nihil
495 259 547 300 ad
568 259 676 300 bene
701 258 923 299 vivendum
951 258 1149 314 pertinet,
1177 258 1329 301 cedens
1359 263 1538 307 caelesti·

101 316 195 360 bUS.
255 318 422 374 Quibus
443 317 569 358 rebus
587 315 803 371 expositiS‚
824 315 924 355 satis
951 315 1146 356 docuisse
1175 315 1330 366 videor,
1352 317 1536 362 hominis

100 383 249 414 natura
286 384 444 430 quanto
482 386 629 413 omnes
666 371 844 412 anteiret
883 371 1130 411 animantes.
1188 373 1251 413 Ex
1288 387 1373 427 quo
1411 375 1538 418 debet

99 428 296 486 intelligi,
330 445 406 471 nec
443 430 619 484 figuram
656 428 869 482 situmque
902 427 1192 468 membrorum
1210 444 1222 479 3
1254 443 1330 469 nec
1363 429 1535 485 ingenii,

98 487 335 542 mentisque
354 486 450 536 vim,
470 485 597 526 talem
619 484 726 525 effici
747 484 936 540 potuisse
958 484 1141 524 fortuna.

154 543 315 594 Restat,
334 542 592 591 ut·d0ceam,
611 551 739 597 atque
766 540 992 596 aliquando
1019 554 1228 595 perorem,
1260 542 1416 592 omnia,
1438 557 1533 598 quae
1549 555 1622 588 154

95 599 180 640 sint
199 600 240 640 in
263 599 344 640 hoc
365 598 539 649 mundo,
562 598 715 654 quibus
734 607 907 639 utantur
931 597 1138 648 homines,
1165 595 1388 638 hominum
1408 613 1534 641 causa

94 655 209 696 facta
237 670 328 698 esse
356 664 398 697 et
428 664 586 711 parata.
649 654 858 710 Principio
889 655 977 709 ipse
1012 653 1211 703 mundus,
1242 654 1417 695 deorum
1453 656 1532 697 ho-
1546 650 1615 705 62

93 711 340 768 mitiumque
361 727 487 754 causa
509 713 644 753 factus
664 721 751 753 est:
785 720 799 748 7
808 720 825 745 9
839 725 1019 767 quaeque
1046 711 1089 751 in
1115 725 1165 751 eo
1191 718 1303 760 sunt,
1319 725 1368 751 ea
1389 722 1535 766 parata

91 767 145 810 ad
172 769 357 810 fructum
393 768 616 810 hominum
653 778 696 809 et
730 768 896 809 inventa
931 778 1042 808 sunt.
1101 768 1177 808 Est
1206 767 1318 808 enim
1348 769 1533 809 mundus

90 824 210 880 quasi
240 826 480 867 communis
511 826 687 866 deorum
719 835 846 880 atque
875 825 1098 865 hominum
1132 824 1298 874 domus,
1329 834 1402 865 aut
1430 826 1532 867 urbs

90 889 382 937 utrorumque.
442 883 532 923 Soli
553 883 662 922 enim
685 882 846 922 ratione
867 891 1048 931 utentes,
1074 880 1172 935 jure
1192 895 1241 921 ac
1260 880 1356 936 lege
1377 882 1532 924 vivunt.

88 937 156 978 Ut
173 937 304 993 igitur
325 939 517 981 Athenas
538 949 581 979 et
601 938 967 987 Lacedaemonem,
985 937 1311 978 Atheniensium
1331 939 1533 980 Lacedae-

87 995 417 1051 moniorumque
433 1009 559 1036 causa
576 994 813 1050 putandum
835 1003 899 1035 est
916 992 1108 1035 conditas
1135 1008 1225 1034 esse
1247 1011 1255 1035 :
1287 995 1530 1051 omniaque,

89 1065 184 1105 quae
203 1052 285 1092 sint
307 1052 348 1092 in
368 1051 432 1093 his
452 1051 643 1102 urbibus,
663 1066 811 1092 eorum
839 1050 1096 1106 populorum
1128 1060 1240 1091 recte
1268 1065 1357 1091 esse
1379 1052 1529 1094 dicun-

87 1115 183 1149 tur:
215 1108 289 1158 sic,
319 1122 602 1164 quaecumque
632 1117 728 1149 sunt
758 1108 800 1148 in
833 1107 950 1148 omni
982 1106 1158 1157 mundo,
1195 1107 1370 1148 deorum
1402 1118 1528 1165 atque

85 1161 309 1205 hominum
329 1165 516 1220 putanda
543 1174 657 1206 sunt.
714 1165 810 1206 Jam
842 1179 938 1205 vero
969 1163 1170 1204 circuitus
1201 1164 1300 1205 solis
1330 1174 1373 1205 et
1400 1165 1526 1218 lunae,
1542 1173 1615 1206 155

85 1219 432 1277 reliquorumque
447 1221 644 1272 siderum,
667 1235 926 1277 quamquam
944 1221 1070 1261 etiam
1094 1229 1132 1253 80
1145 1220 1197 1261 ad
1219 1220 1367 1261 mundi
1385 1223 1529 1263 cohae-

83 1278 262 1317 rentiam
284 1279 505 1333 pertinent,
524 1287 666 1318 tamen
688 1287 729 1319 et
748 1276 1038 1332 spectaculum
1055 1276 1298 1318 hominibus
1315 1279 1526 1332 praebent:

83 1332 201 1373 nulla
229 1342 293 1374 est
320 1335 433 1375 enim
465 1343 499 1365 8¹
517 1334 793 1376 insatiabilior
825 1334 998 1389 specieS,
1030 1333 1145 1374 nulla
1174 1333 1373 1388 pulcrior,
1398 1343 1441 1376 et
1473 1336 1528 1378 ad

81 1389 289 1431 rationem
330 1391 646 1446 sollertiamque
695 1391 988 1445 praestantior:
1037 1404 1185 1430 eorum
1226 1390 1338 1430 enim
1377 1405 1525 1434 cursus

77 1445 288 1498 dimetati,
309 1448 572 1488 maturitates
592 1458 848 1502 temporum,
876 1456 919 1488 et
945 1446 1164 1487 varietates
1183 1446 1525 1504 mutationesque

79 1503 372 1558 cognovimUS.
409 1520 502 1560 quae
538 1505 578 1544 si·
607 1504 850 1545 hominibus
883 1503 984 1544 solis
1018 1512 1119 1544 nota
1153 1512 1264 1553 sunt,
1297 1503 1521 1546 hominum

78 1559 192 1600 facta
212 1574 303 1600 esse
324 1575 451 1601 causa
464 1560 695 1615 judicanda
724 1569 836 1601 sunt.
893 1561 1023 1600 Terra
1053 1574 1148 1601 vero
1180 1560 1280 1600 faeta
1308 1561 1518 1616 frugibus,
1536 1575 1612 1614 156

77 1623 121 1656 ct
159 1616 272 1657 vario
313 1616 578 1672 leguminum
620 1631 788 1672 genere,
830 1632 926 1672 quae
964 1631 1063 1657 cum
1100 1617 1284 1658 maxima
1321 1616 1520 1673 largitate
1593 1617 1596 1624 ’

77 1671 232 1722 fundit,
267 1687 316 1714 ea
346 1675 598 1723 ferarumne,
630 1689 682 1714 an
711 1673 933 1714 hominum
965 1688 1092 1714 causa
1120 1673 1295 1728 gignere
1324 1673 1517 1718 videtur?

75 1728 180 1784 quid
210 1729 263 1770 de
293 1730 446 1771 vitibus
479 1730 725 1786 olivetisque
764 1730 935 1771 dicam?
989 1744 1167 1785 quarum
1208 1730 1410 1771 uberrimi
1444 1732 1520 1773 lae-

74 1785 315 1842 tissimique
336 1787 498 1828 fructus
527 1787 630 1828 nihil
661 1787 834 1827 omnino
863 1786 918 1827 ad
950 1786 1105 1827 bestias
1135 1786 1360 1841 pertinent.
1382 1802 1521 1844 neque

11 1871 18 1877 ,
74 1841 190 1882 enim
203 1843 388 1896 serendi,
411 1858 545 1899 neque
575 1843 757 1894 colendi,
788 1858 864 1884 nec
893 1843 1142 1897 tempestive
1164 1843 1402 1885 demetendi
1421 1859 1517 1900 per-

74 1897 343 1954 cipiendique
364 1900 541 1951 fructus,
562 1914 698 1955 neque
719 1899 928 1941 condendi
953 1914 1001 1940 ac
1029 1900 1259 1955 reponendi
1280 1900 1366 1941 ulla
1386 1915 1517 1956 pecu-

74 1954 177 1995 dum
196 1956 371 1996 scientia
390 1965 455 1997 est
472 1973 481 1997 :
513 1971 744 2011 earumque
764 1956 956 1997 omnium
978 1971 1132 2007 rerum,
1152 1956 1374 1998 hominum
1388 1967 1453 2000 est
1472 1967 1515 2000 et

72 2025 188 2062 usus,
209 2021 253 2053 et
273 2026 386 2053 cura.
447 2013 509 2053 Ut
529 2013 629 2053 fides
660 2013 806 2067 igitur,
835 2021 878 2053 et
905 2012 1030 2053 tibias
1059 2027 1208 2053 eorum
1239 2028 1366 2055 causa
1381 2016 1512 2057 factas
1525 1998 1596 2053 63

72 2067 301 2109 dicendum
334 2078 411 2119 est,
449 2070 521 2125 qui
554 2070 634 2110 illis
662 2070 726 2109 uti
757 2077 960 2124 possunt3
992 2069 1051 2110 sic
1085 2084 1149 2120 ea,
1185 2085 1280 2125 quae
1313 2071 1601 2124 diximus,157

71 2123 172 2164 solis
194 2125 244 2165 iis
265 2126 552 2172 confitendum
574 2135 637 2167 est
658 2140 748 2167 esse
768 2135 926 2181 parata,
947 2127 1019 2181 qui
1049 2135 1240 2167 utuntur.
1262 2141 1339 2167 nec
1361 2128 1395 2168 si
1415 2143 1512 2185 quae

68 2180 218 2222 bestiae
238 2182 431 2224 furantur
450 2182 609 2238 aliquid
639 2197 691 2223 ex
719 2182 799 2232 his,
830 2192 903 2223 aut
932 2183 1115 2237 rapiunt,
1145 2182 1312 2223 illarum
1341 2199 1513 2241 quoque

68 2251 198 2278 causa
216 2252 264 2279 ea
285 2249 383 2280 nata
402 2253 492 2280 esse
512 2240 716 2281 dicemus.
776 2240 931 2295 Neque
959 2239 1072 2279 enim
1103 2239 1294 2279 homines
1323 2242 1511 2282 murium

67 2302 143 2335 aut
162 2295 433 2336 formicarum
455 2311 581 2337 causa
600 2297 861 2337 frumentum
893 2295 1098 2346 condunt,
1120 2295 1193 2336 sed
1209 2296 1446 2351 conjugum
1466 2307 1511 2340 et

65 2349 294 2392 liberorum
330 2361 373 2393 et
405 2353 659 2394 familiarum
696 2367 880 2394 suarum.
913 2352 1055 2408 itaque
1087 2352 1232 2393 bestiae
1264 2353 1426 2404 furtim,
1459 2363 1509 2396 ut

65 2405 167 2458 dixi,
198 2408 422 2450 fruuntur:
455 2410 616 2451 domini
647 2409 801 2465 palam,
830 2418 873 2450 et
899 2408 1043 2450 libere.
1103 2408 1344 2450 Hominum
1376 2408 1614 2475 igiturg'·⁵⁸·

64 2476 194 2504 causa
212 2479 281 2506 eas
301 2480 441 2507 rerum
462 2466 606 2522 copias
631 2476 910 2522 comparatas,
938 2464 1156 2506 fatendum
1178 2476 1266 2507 est:
1297 2466 1377 2507 nisi
1397 2469 1506 2509 forte
1522 2467 1596 2528 1⁰58

64 2526 184 2560 tanta
202 2521 386 2574 ubertas,
405 2532 447 2564 et
466 2524 641 2564 varietas
660 2538 904 2579 pomorum,
932 2536 1165 2578 eorumque
1182 2522 1400 2578 jucundus
1422 2539 1508 2566 non

62 2584 260 2632 gustatus
280 2579 434 2631 solum,
462 2580 535 2621 sed
564 2580 766 2622 odoratus
796 2580 924 2620 etiam
953 2588 997 2620 et
1026 2579 1251 2634 adspectus
1272 2579 1506 2622 dubitatio*-

108 2718 150 2747 79
172 2721 417 2755 quaeque—-sunt,
455 2726 488 2744 ea
519 2713 643 2755 parata]
683 2716 762 2747 Edd.
851 2721 890 2745 80
913 2715 955 2744 ad
980 2715 1080 2745 mundi
1109 2715 1312 2744 cohaerentiam
1337 2714 1504 2756 pertinent]

63 2754 172 2794 vulgg.
197 2757 319 2787 addunt
346 2764 416 2796 post
442 2764 519 2794 sunt,
549 2759 656 2788 omnia.
683 2761 713 2789 id
745 2769 762 2789 e
805 2758 970 2797 Propterea
984 2765 1072 2795 sunt,
1096 2766 1132 2789 ut
1155 2759 1298 2788 mundus
1320 2768 1506 2798 permanere

63 2798 278 2836 superioribus
305 2800 371 2829 huc
398 2807 536 2831 tractum
561 2808 618 2832 est.
642 2802 730 2832 abest
745 2812 764 2832 a
806 2803 915 2841 possit,
933 2811 992 2831 nec
1008 2802 1198 2831 collabatur.

64 2841 145 2916 {Ass
167 2842 265 2873 etiam
288 2842 398 2874 Guelf.
419 2850 451 2874 et
473 2844 543 2875 edd,
565 2850 640 2876 vett.
663 2846 763 2884 pluri·
849 2844 1107 2915 alb-{asariabilior
1121 2841 1241 2885 species]
1255 2852 1284 2873 v.
1302 2843 1391 2874 Clav.
1408 2843 1443 2872 in
1457 2841 1504 2870 in-

90 2893 137 2914 us.
805 2892 882 2915 satta
901 2897 912 2915 ι
927 2897 962 2917 15.

121 2937 239 2970 τοι.
263 2939 332 2970 xv,
355 2940 396 2969 P.
420 2940 451 2972 i.
796 2939 812 2967 1
836 2927 850 2967 i
