1778 3095
221 132 302 165 204
530 127 603 165 DE
632 127 791 166 FlNIB.
820 127 1020 188 BpNoR.
1049 127 1118 165 ET
1143 127 1353 166 MALOR.

219 234 286 275 vel
316 234 457 290 potius
487 235 731 286 verecunde,
753 234 894 285 Facio,
912 234 1062 290 inquit,
1084 234 1312 291 equidem:
1344 235 1417 277 sed
1448 234 1655 281 audistine

220 291 350 333 modo
371 292 424 333 de
445 292 687 333 Charmada
704 293 716 332 ?
751 291 890 346 rapior
907 291 1022 332 illuc.
1043 301 1210 333 revocat
1230 302 1373 334 autem
1392 293 1652 338 Antiochus:

172 350 206 398 3
222 362 297 389 nec
321 357 385 390 est
404 358 620 404 praeterea,
643 362 770 403 quem
800 346 1034 389 audiamus.
1093 348 1204 389 Tum
1229 350 1338 400 Piso,
1360 350 1450 390 Etsi
1469 350 1566 401 hoc,
1587 352 1652 393 in-

182 425 205 467 7
250 405 325 455 uit,
347 406 523 446 fortasse
546 419 629 445 non
649 403 804 458 poterit
824 403 883 444 sic
903 405 1030 455 abire,
1052 419 1150 446 cum
1171 405 1238 446 hic
1259 406 1382 457 adsit,
1403 408 1488 460 (me
1507 416 1648 449 autem

217 419 402 514 dicebat)
427 470 566 502 tamen
597 459 761 501 audebo
784 468 826 500 te
845 460 897 500 ab
920 460 997 501 hac
1019 461 1250 502 Academia
1270 477 1375 503 nova
1394 463 1446 503 ad
1468 471 1650 505 veterem

215 517 333 558 illam
353 532 526 568 vocare3
557 517 600 558 in
630 532 726 572 qua,
757 524 806 556 ut
834 515 971 557 dicere
988 517 1251 559 Antiochum
1281 519 1494 571 audiebas,
1516 534 1600 560 non
1620 520 1651 561 ii

215 574 293 614 soli
326 583 613 624 numerantur,
648 573 721 628 qui
749 572 997 613 Academici
1027 584 1240 624 vocantur,
1260 576 1535 631 Speusippus,
1557 577 1648 617 Xe-

215 640 420 681 nocrates,
445 630 633 680 Polemo,
659 629 855 679 Crantor,
872 629 1102 685 ceterique,
1125 631 1198 671 sed
1228 632 1352 673 etiam
1382 632 1647 688 Peripatetici

212 694 385 737 veteres,
419 701 600 742 quorum
637 686 832 741 princeps
867 685 1132 736 Aristoteles,
1166 702 1307 742 quem,
1343 698 1518 743 excepto
1555 689 1647 729 Pla-

212 750 328 793 tone,
349 743 463 784 haud
484 743 571 784 scio
601 757 653 782 an
683 750 796 783 recte
825 741 1000 783 dixerim
1031 742 1259 798 principem
1280 744 1646 799 philosophorum.

209 798 282 839 Ad
303 814 376 840 eos
397 799 529 854 igitur
548 806 742 839 converte
763 807 818 849 te,
839 814 997 854 quaeso.
1029 814 1080 839 ex
1109 813 1254 840 eorum
1284 800 1394 841 enim
1417 801 1581 856 scriptis
1602 810 1646 842 et

209 854 413 896 institutis
434 870 532 896 cum
554 855 691 895 omnis
711 855 902 896 doctrina
921 855 1118 906 liberalis,
1139 857 1274 897 omnis
1296 857 1483 907 historia,
1505 857 1642 898 omnis

208 925 348 952 sermo
369 912 540 967 elegans
561 912 671 952 sumi
692 921 848 967 potest,
868 920 960 952 tum
991 913 1164 953 varietas
1187 923 1251 953 est
1272 921 1387 954 tanta
1405 914 1573 964 artium,
1593 924 1643 956 ut

208 981 333 1008 nemo
362 968 449 1009 sine
480 982 531 1009 eo
562 968 842 1009 instrumento
875 968 929 1009 ad
962 969 1092 1010 ullam
1125 983 1213 1009 rem
1240 969 1508 1010 illustriorem
1539 970 1641 1011 satis

77 1032 379 1073 p.126.ornatus
404 1025 537 1080 possit
566 1025 778 1066 accedere.
810 1025 862 1065 ab
885 1025 949 1066 his
970 1035 1172 1075 oratores,
1194 1026 1247 1066 ab
1267 1025 1331 1067 his
1351 1027 1640 1081 imperatores,

164 1085 255 1120 a-ac
273 1095 413 1122 rerum
432 1081 696 1136 publicarum
718 1082 925 1137 principes
951 1082 1212 1123 exstiterunt.
1243 1091 1291 1123 ut
1311 1082 1364 1123 ad
1384 1083 1550 1123 minora
1570 1097 1640 1123 ve-

207 1136 319 1177 niam
351 1138 654 1188 mathematici,
688 1144 841 1193 poetae,
875 1139 1039 1187 musici,
1070 1138 1224 1179 medici
1251 1138 1431 1194 denique
1462 1153 1512 1179 ex
1542 1139 1638 1190 hac,

168 1203 193 1235 8
207 1202 424 1250 tamquam
464 1209 515 1235 ex
547 1195 737 1235 omnium
773 1195 927 1236 artium
958 1193 1142 1245 officina,
1179 1195 1359 1249 profecti
1394 1203 1506 1235 sunt.
1568 1196 1638 1237 Ad

205 1265 300 1305 quae
325 1265 423 1306 ego,
446 1251 536 1292 Scis
565 1265 649 1301 me,
670 1251 857 1305 inquam,
879 1250 990 1291 istud
1021 1250 1133 1291 idem
1168 1251 1335 1300 sentire,
1358 1250 1480 1291 Piso:
1513 1251 1586 1291 sed
1613 1265 1639 1291 a

202 1315 245 1347 te
265 1316 501 1362 opportune
520 1307 631 1347 facta
651 1307 810 1347 mentio
831 1316 908 1348 est.
934 1316 952 1341 9
967 1306 1106 1347 studet
1125 1306 1237 1347 enim
1258 1321 1377 1348 meus
1397 1306 1541 1347 audire
1562 1306 1637 1347 Ci-

200 1376 313 1414 cero,
335 1378 530 1418 quaenam
562 1363 615 1404 sit
645 1362 764 1404 istius
793 1364 956 1414 veteris,
976 1378 1103 1418 quam
1125 1377 1448 1413 commemoras,
1467 1363 1636 1404 Acade-

197 1418 296 1459 miae
316 1419 369 1461 de
389 1420 539 1461 finibus
559 1420 785 1470 bonorum,
807 1420 1264 1476 Peripateticorumque
1284 1419 1504 1461 sententia.
1535 1434 1635 1461 cen-

198 1489 342 1517 semus
375 1485 514 1517 autem
548 1484 589 1517 te
622 1476 820 1517 facillime
849 1477 892 1517 id
921 1476 1142 1531 explanare
1172 1491 1310 1531 posse,
1333 1476 1450 1531 quod
1474 1485 1517 1516 et
1538 1476 1635 1517 Sta-

196 1545 311 1573 seam
333 1533 665 1588 Neapolitanum
687 1533 844 1574 multos
875 1548 1007 1574 annos
1029 1533 1222 1574 habueris
1241 1532 1352 1587 apud
1373 1540 1429 1583 te,
1452 1541 1495 1572 et
1514 1546 1634 1573 com-

194 1588 337 1643 plures
350 1589 442 1645 jam
461 1603 624 1631 menses
644 1588 825 1631 Athenis
847 1590 940 1631 haec
961 1589 1051 1644 ipsa
1072 1598 1112 1630 te
1134 1603 1185 1630 ex
1204 1588 1422 1629 Antiocho
1440 1588 1632 1630 videmus

195 1646 426 1701 exquirere.
486 1647 541 1686 Et
571 1645 641 1686 ille
671 1645 825 1696 ridens,
847 1647 959 1701 Age,
982 1660 1075 1701 age,
1095 1645 1230 1701 inquit
1256 1645 1372 1698 (satis
1393 1646 1505 1685 enim
1526 1645 1630 1686 scite

194 1715 263 1742 me
283 1703 414 1743 nostri
436 1703 638 1743 sermonis
659 1703 909 1758 principium
929 1717 1019 1743 esse
1039 1702 1222 1754 voluisti)
1248 1716 1506 1757 exponamus
1526 1701 1630 1742 ado-

192 1757 382 1810 lescenti,
405 1758 440 1799 si
470 1774 554 1814 qua
582 1759 690 1800 forte
720 1773 959 1814 possumus.
990 1758 1063 1800 dat
1083 1758 1195 1799 enim
1218 1757 1260 1799 id
1283 1757 1405 1798 nobis
1425 1757 1630 1800 solitudo.

195 1823 234 1847 10
251 1815 366 1872 quod
400 1815 434 1856 si
470 1815 563 1871 quis
602 1815 722 1856 Deus
757 1816 928 1866 diceret,
964 1830 1196 1871 numquam
1230 1822 1440 1869 putarem,
1477 1828 1547 1855 me
1582 1814 1628 1856 in

190 1871 439 1923 Academia,
460 1880 678 1928 tamquam
704 1871 1020 1927 philosophum,
1040 1872 1368 1927 disputaturum.
1402 1878 1437 1902 ยน1
1455 1870 1529 1912 sed
1558 1885 1627 1921 ne,

189 1928 293 1970 dum
314 1929 412 1970 huic
434 1929 658 1984 obsequor,
680 1929 797 1969 vobis
818 1929 1023 1969 molestus
1045 1929 1138 1969 sim.
1198 1927 1325 1977 Mihi,
1345 1926 1532 1983 inquam,
1553 1927 1626 1983 qui

188 1996 232 2026 te
253 1985 296 2026 id
315 1986 454 2041 ipsum
476 1985 650 2040 rogavi?
683 1986 792 2026 Tum
824 1985 1010 2041 Quintus
1039 1994 1080 2025 et
1110 1984 1365 2039 Pomponius
1395 1998 1492 2024 cum
1512 1983 1625 2025 idem

189 2055 233 2082 se
267 2042 374 2083 velle
408 2041 622 2091 dixissent,
662 2042 756 2083 Piso
789 2056 960 2083 exorsus
992 2050 1069 2082 est.
1104 2040 1225 2097 cujus
1263 2040 1414 2090 oratio,
1450 2040 1623 2081 attende

188 2113 348 2153 quaeso,
369 2099 515 2149 Brute,
538 2099 689 2139 satisne
718 2098 905 2139 videatur
924 2097 1128 2139 Antiochi
1157 2096 1378 2152 complexa
1405 2110 1496 2136 esse
1525 2110 1621 2137 sen-

187 2155 364 2196 tentiam
384 2172 394 2197 :
425 2170 551 2211 quam
591 2156 678 2205 tibi,
713 2155 785 2210 qui
822 2155 992 2195 fratrem
1027 2154 1118 2210 ejus
1151 2153 1342 2194 Aristum
1377 2152 1621 2207 frequenter

140 2217 175 2264 4
188 2211 382 2262 audieris,
403 2212 583 2252 maxime
606 2212 825 2266 probatam
846 2211 1053 2252 existimo.
1111 2210 1180 2251 Sic
1201 2218 1263 2250 est
1285 2209 1414 2264 igitur
1434 2209 1619 2250 locutus.

241 2270 437 2326 Quantus
457 2279 628 2309 ornatus
648 2269 690 2309 in
713 2268 1084 2323 Peripateticorum
1105 2265 1323 2320 disciplina
1344 2265 1410 2316 sit,
1433 2265 1531 2305 satis
1552 2275 1618 2307 est

149 2340 210 2385 9a
243 2340 327 2375 me,
359 2333 408 2366 ut
442 2325 683 2365 brevissime
719 2325 854 2380 potui,
888 2324 1032 2379 paullo
1066 2332 1163 2363 ante
1197 2322 1372 2362 dictum.
1434 2321 1516 2362 Sed
1551 2330 1617 2364 est

183 2381 323 2423 forma
351 2382 441 2437 ejus
475 2381 720 2437 disciplinae,
749 2382 855 2422 sicut
888 2382 976 2421 fere
1003 2390 1253 2428 ceterarum,
1283 2378 1446 2433 triplex.
1480 2387 1618 2419 1Quna.

181 2452 277 2492 pars
299 2448 364 2479 est
382 2446 540 2479 naturae
560 2455 569 2478 :
602 2438 832 2478 disserendi
852 2438 982 2478 altera
1000 2453 1009 2478 ฮต
1041 2436 1201 2476 vivendi
1222 2435 1355 2475 tertia.
1377 2443 1525 2475 natura
1555 2434 1615 2476 sic

180 2494 235 2535 ab
255 2494 305 2536 iis
333 2495 582 2549 investigata
610 2503 687 2545 est,
720 2504 769 2535 ut
798 2493 913 2534 nulla
945 2507 1040 2548 pars
1067 2493 1187 2543 caelo,
1208 2491 1327 2542 mari,
1348 2500 1471 2542 terra,
1494 2499 1530 2523 13
1551 2494 1617 2545 (ut

224 2614 242 2639 9
258 2605 352 2635 studet
367 2605 439 2634 enim
455 2605 570 2644 audire]
584 2605 642 2635 Pro
658 2605 751 2634 studct
764 2604 875 2634 malim
919 2610 1078 2642 repertum
1101 2610 1158 2639 est,
1183 2610 1214 2632 et
1237 2602 1333 2632 habet
1355 2603 1403 2632 ed.
1419 2603 1501 2633 Ven.
1520 2609 1614 2635 1494.

181 2658 262 2679 avet.
918 2647 1002 2684 quod
1028 2647 1139 2675 deinde
1165 2653 1195 2675 et
1219 2645 1391 2675 Lambinus
1415 2646 1522 2681 edidit,
1544 2652 1614 2684 post

222 2700 262 2723 10
278 2690 342 2732 q.si
354 2690 415 2731 quis
435 2690 806 2732 Deusdi1ฮeret,71umquam
817 2696 874 2728 puโ
919 2690 1008 2718 hunc
1035 2689 1192 2718 Davisius.
1220 2688 1272 2718 alii
1299 2695 1416 2717 natura.
1440 2688 1518 2718 illud
1545 2698 1613 2718 rne-

180 2733 285 2772 tarem]
314 2734 472 2771 Tempora
503 2743 555 2763 me
584 2735 763 2763 offendunt.
791 2733 875 2762 vide-
918 2732 990 2761 lius.
1014 2741 1089 2762 nam
1116 2739 1146 2762 et
1173 2733 1205 2761 in
1234 2732 1341 2761 ceteris
1372 2731 1510 2770 partibus
1536 2738 1614 2762 sunt

178 2785 292 2817 turque
307 2785 373 2806 esse
388 2776 499 2805 debere
513 2775 642 2812 dixisset,
656 2782 811 2815 putassem.
917 2775 1058 2813 genitivi.

224 2829 259 2852 11
278 2819 328 2849 sed
341 2817 390 2859 ne]
410 2820 472 2848 lnt.
488 2829 604 2849 mereor.
963 2824 999 2848 13
1019 2824 1052 2846 ut
1071 2815 1180 2855 poitice
1195 2813 1310 2857 loquar]
1330 2816 1417 2846 Nam
1435 2818 1535 2856 po'etae
1561 2817 1610 2848 his

224 2871 261 2894 1ยน2
283 2873 340 2893 una
360 2868 431 2902 pars
453 2860 584 2903 natum]
609 2861 660 2892 Sic
684 2867 715 2891 et
738 2862 769 2891 in
793 2860 872 2891 Mss.
916 2860 1015 2891 tribus
1032 2860 1192 2891 mundum
1209 2866 1403 2899 exprimunt.
