1768 3095
571 112 751 152 LIBER
788 111 1032 150 PRIMUS.
1473 120 1520 164 91

90 233 179 267 tam
207 238 299 267 rem
329 223 537 280 aperiam:
566 236 700 278 eaque
732 220 837 277 ipsa,
867 230 964 276 quae
993 218 1048 259 ab
1077 217 1152 259 illo
1183 218 1397 260 inventore
1416 221 1523 263 veri-

90 281 202 332 tatis,
234 290 276 323 et
306 280 424 337 quasi
453 279 686 320 architecto
715 279 852 319 beatae
882 277 976 318 vitae
1007 275 1121 316 dicta
1151 284 1263 326 sunt,
1289 277 1523 331 explicabo.

90 352 217 379 nemo
245 338 354 379 enim
388 336 523 393 ipsam
545 336 820 391 voluptatem,
842 333 942 391 quia
960 333 1154 388 voluptas
1175 333 1242 383 sit,
1263 343 1523 388 aspernatur,

90 403 163 435 aut
197 396 298 445 odit,
319 402 392 435 aut
422 394 559 449 fugit3
592 393 665 434 sed
699 393 798 448 quia
826 399 1146 446 consequuntur
1177 391 1321 445 magni
1354 389 1523 432 dolores

91 464 179 500 eOS,
216 451 287 511 qui
327 450 488 491 ratione
528 450 790 506 voluptatem
827 447 947 504 sequi
984 447 1189 487 nesciunt.
1226 462 1362 503 neque
1396 461 1524 502 porro

91 508 312 564 quisquam
334 516 412 557 est,
434 507 506 563 qui
527 506 719 547 dolorem
740 507 895 561 ipsum,
918 503 1017 560 quia
1036 503 1159 544 dolor
1180 503 1247 554 sit,
1269 513 1397 552 amet,
1420 519 1524 546 con-

89 573 284 613 sectetur,
321 564 496 619 adipisci
533 564 659 604 velit:
695 563 770 604 sed
812 562 911 618 quia
949 574 1271 616 nonnumquam
1312 561 1525 616 ejusmodi

89 628 280 675 tempora
311 620 518 671 incidunt,
557 629 605 661 ut
642 621 800 671 labore,
837 629 879 660 et
917 617 1065 659 dolore
1100 632 1301 673 magnam
1336 618 1523 673 aliquam

89 687 250 732 quaerat
281 677 556 732 voluptatem.
590 687 638 718 ut
673 677 786 718 enim
820 676 873 717 ad
904 674 1079 716 minima
1110 675 1287 724 veniam,
1321 675 1414 730 quis
1445 690 1524 716 no-

87 742 221 774 strum
243 734 586 775 exercitationem
604 734 734 775 ullam
749 733 937 789 corporis
959 731 1135 787 suscipit
1155 731 1426 782 laboriosam,
1444 732 1524 773 nisi

87 798 135 830 ut
155 789 315 846 aliquid
336 805 386 831 ex
407 806 456 832 ea
476 791 694 832 commodi
715 790 1024 846 consequatur?
1061 788 1152 843 quis
1175 796 1317 829 autem
1339 789 1402 829 vel
1423 803 1523 829 eum

79 845 178 902 jure
198 847 528 901 reprehenderit,
551 848 623 903 qui
645 848 684 888 in
714 862 763 888 ea
784 846 1000 902 voluptate
1020 845 1119 885 velit
1139 860 1244 896 esse,
1267 860 1395 900 quam
1419 845 1525 887 nihil

88 903 295 944 molestiae
326 914 624 961 consequatur,
654 905 718 946 vel
748 904 884 953 illum,
916 902 989 958 qui
1020 902 1213 943 dolorem
1244 917 1342 942 eum
1368 903 1522 958 fugiat,

87 974 173 1015 quo
206 960 397 1016 voluptas
430 962 545 1002 nulla
572 961 787 1017 pariatur?
821 961 884 1001 At
912 973 1009 1000 vero
1039 974 1111 999 eos
1134 968 1176 999 et
1196 973 1459 1009 accusamus,
1481 969 1523 1001 et
1534 974 1583 1007 33

80 1016 200 1072 justo
230 1017 330 1058 odio
360 1018 634 1074 dignissimos
665 1018 875 1067 ducimus,
908 1015 979 1071 qui
1010 1015 1222 1056 blanditiis
1249 1018 1522 1072 praesentium

85 1073 350 1128 voluptatum
387 1075 549 1116 deliniti
582 1085 710 1131 atque
747 1074 950 1129 corrupti,
985 1087 1092 1128 quos
1128 1072 1312 1122 dolores,
1347 1083 1390 1114 et
1419 1088 1525 1129 quas

86 1130 301 1172 molestias
333 1133 550 1188 excepturi
583 1133 679 1183 sint,
709 1131 908 1173 oeeaecati
927 1129 1160 1184 cupiditate
1182 1144 1267 1170 non
1287 1130 1523 1185 provident,

86 1186 298 1243 similique
328 1198 426 1229 sunt
456 1189 496 1229 in
527 1190 666 1244 culpa,
689 1189 762 1245 qui
793 1187 929 1228 officia
960 1187 1159 1227 deserunt
1179 1187 1360 1227 mollitia
1379 1187 1524 1239 animi,

85 1242 128 1283 id
150 1253 227 1293 est,
248 1244 439 1286 laborum
461 1256 503 1286 et
524 1246 719 1286 dolorum
736 1246 853 1300 fuga.
874 1253 917 1284 et
935 1243 1085 1284 harum
1107 1243 1279 1299 quidem
1300 1258 1439 1285 rerum
1460 1244 1524 1285 fa-
1562 1285 1565 1289 s

85 1299 176 1340 cilis
196 1310 273 1350 est,
293 1311 336 1342 et
355 1301 552 1357 expedita
571 1302 799 1342 distinctio.
821 1316 918 1341 nam
940 1300 1074 1340 libero
1104 1313 1313 1355 tempore,
1332 1315 1432 1341 cum
1455 1316 1525 1342 so-

86 1355 177 1396 luta
199 1357 319 1397 nobis
340 1367 403 1398 est
425 1358 609 1413 eligendi
632 1358 766 1414 optio,
787 1371 971 1411 cumque
995 1356 1098 1396 nihil
1120 1356 1312 1411 impedit,
1335 1372 1420 1412 quo
1443 1358 1524 1399 mi-

87 1426 165 1452 nus
187 1412 245 1463 id,
276 1414 393 1469 quod
414 1415 598 1455 maxime
629 1416 807 1470 placeat,
828 1414 964 1454 facere
993 1413 1221 1468 possimus,
1245 1414 1382 1454 omnis
1405 1414 1526 1455 volu-

83 1477 178 1523 ptas
203 1471 457 1511 assumenda
484 1480 562 1521 est,
595 1480 634 1502 48
653 1471 790 1512 omnis
820 1470 942 1510 dolor
962 1469 1240 1524 repellendus.
1260 1471 1524 1524 temporibus

85 1534 227 1566 autem
244 1527 515 1582 quibusdam,
533 1537 576 1568 et
595 1537 669 1569 aut
689 1527 836 1568 officiis
853 1526 1020 1575 debitis,
1042 1536 1113 1566 aut
1136 1541 1278 1567 rerum
1299 1528 1525 1569 necessita-

84 1581 197 1623 tibus
216 1591 256 1616 49
267 1598 378 1639 saepe
393 1585 567 1634 eveniet,
584 1593 633 1625 ut
649 1593 689 1624 et
706 1584 941 1639 voluptates
956 1583 1229 1638 repudiandae
1247 1583 1344 1634 sint,
1365 1592 1407 1624 et
1427 1598 1522 1626 mo-

84 1637 215 1680 lestiae
233 1654 317 1680 non
338 1642 595 1683 recusandae.
641 1643 790 1696 Itaque
808 1655 953 1681 earum
974 1654 1115 1680 rerum
1137 1639 1204 1681 hic
1224 1648 1391 1681 tenetur
1412 1655 1436 1681 a
1456 1656 1522 1683 sa·
1534 1665 1566 1696 p.
1580 1661 1633 1688 ⁵6·

83 1695 224 1749 piente
249 1697 455 1749 delectus,
478 1708 525 1739 ut
556 1707 629 1739 aut
649 1698 886 1754 rejiciendis
906 1696 1196 1752 voluptatibus
1217 1697 1399 1753 majores
1420 1698 1521 1740 alias
1533 1709 1564 1732 ἃ·

84 1765 382 1809 consequatur,
399 1766 473 1796 aut
492 1755 750 1811 perferendis
772 1754 991 1795 doloribus
1009 1754 1240 1808 asperiores
1257 1754 1446 1810 repellat.

141 1811 267 1851 Hanc
297 1825 381 1866 ego
410 1826 509 1853 cum
540 1822 706 1853 teneam
737 1811 1004 1861 sententiam,
1035 1811 1136 1865 quid
1169 1820 1245 1861 est,
1273 1825 1348 1852 cur
1367 1817 1587 1864 verear,34

85 1880 137 1906 ne
169 1866 222 1907 ad
258 1881 351 1908 eam
385 1883 470 1909 non
504 1870 662 1924 possim
694 1867 1019 1909 accommodare
1047 1868 1289 1923 Torquatos
1324 1872 1519 1910 nostros?

85 1937 193 1978 quos
219 1932 267 1963 tu
298 1924 443 1979 paullo
472 1935 566 1965 ante
601 1940 699 1966 eum
735 1925 995 1974 memoriter,
1028 1933 1120 1965 tum
1148 1925 1276 1965 etiam
1310 1939 1413 1980 erga
1446 1941 1524 1967 nos

84 1980 220 2024 amice
248 1988 290 2020 et
320 1981 520 2022 benevole
543 1981 769 2037 collegisti.
792 1996 868 2022 nec
889 1996 957 2021 me
979 1991 1122 2022 tamen
1144 1982 1363 2022 laudandis
1385 1982 1523 2039 majo-

82 2035 199 2077 ribus
227 2037 331 2077 meis
358 2038 598 2093 corrupisti,
619 2053 694 2079 nec
727 2039 965 2094 segniorem
987 2039 1040 2079 ad
1062 2038 1406 2093 respondendum
1428 2039 1524 2081 red-

51 2113 54 2116 <
83 2091 240 2134 didisti.
264 2109 446 2149 quorum
478 2099 588 2136 lacta
620 2095 997 2151 quemadmodum,
1019 2110 1179 2151 quaeso,
1205 2095 1520 2151 interpretaris?

83 2149 247 2191 Siccine
278 2166 352 2192 eos
380 2166 524 2193 censes
554 2162 627 2193 aut
648 2153 690 2192 in
709 2162 918 2193 armatum
937 2152 1106 2193 hostem
1126 2152 1334 2207 impetum
1356 2153 1521 2204 fecisse,

84 2216 158 2247 aut
187 2207 228 2248 in
259 2207 428 2259 liberos,
460 2218 501 2250 et
531 2209 572 2249 in
603 2209 854 2264 sanguinem
885 2223 1010 2249 suum
1040 2220 1128 2250 tam
1160 2209 1352 2250 crudeles
1377 2210 1521 2260 fuisse,

84 2263 188 2304 nihil
218 2274 267 2306 ut
298 2264 351 2306 de
379 2266 650 2316 utilitatibus,
681 2265 785 2306 nihil
815 2274 863 2306 ut
893 2265 944 2305 de
974 2266 1213 2306 commodis
1244 2266 1330 2307 suis
1354 2266 1522 2321 cogita-

83 2322 204 2362 rent?
228 2322 290 2363 At
309 2321 352 2363 id
379 2338 431 2363 ne
452 2323 550 2364 ferae
574 2323 745 2379 quidem
767 2322 941 2371 faciunt,
962 2330 1010 2362 ut
1030 2322 1088 2362 ita
1108 2332 1247 2373 ruant,
1269 2322 1412 2378 itaque
1433 2331 1523 2364 tur-

84 2376 203 2429 bent,
234 2389 295 2429 ut,
325 2393 470 2420 earum
500 2390 643 2420 motus
674 2389 716 2421 et
746 2380 929 2435 impetus
961 2394 1046 2434 quo
1076 2379 1324 2434 pertineant,
1345 2393 1431 2420 non
1456 2378 1521 2420 in-

83 2434 342 2491 telligamus.
401 2436 468 2478 Tu
501 2446 588 2477 tam
620 2437 818 2492 egregios
848 2436 956 2476 viros
987 2450 1132 2476 censes
1161 2444 1299 2476 tantas
1328 2450 1394 2477 res
1424 2446 1585 2492 ges-35

85 2491 187 2533 sisse
209 2493 296 2533 sine
322 2507 448 2534 causa
466 2495 478 2534 ?
513 2509 609 2549 quae
630 2494 756 2534 fuerit
777 2507 918 2543 causa,
939 2508 1040 2533 mox
1059 2492 1202 2533 videro
1224 2510 1233 2533 ε
1265 2493 1424 2534 interea
1441 2493 1524 2535 hoc

83 2550 265 2591 tenebo:
297 2550 332 2591 si
352 2551 407 2592 ob
428 2550 614 2606 aliquam
636 2564 808 2592 causam
828 2549 922 2600 ista,
945 2565 1040 2605 quae
1062 2549 1151 2590 sine
1173 2549 1305 2591 dubio
1324 2550 1526 2607 praeclara

129 2682 168 2705 48
193 2676 281 2706 omnis
295 2676 372 2706 dolor
387 2676 577 2716 depellendus]
593 2677 657 2707 Hic
674 2677 781 2715 legen·
820 2675 999 2715 perferendis
1027 2674 1168 2704 doloribus
1197 2673 1352 2714 asperiores
1389 2673 1523 2713 repellat,

85 2718 166 2748 dum
194 2718 381 2758 repellendus,
409 2721 484 2759 quia
510 2721 679 2759 opponitur
701 2730 781 2748 assu·
826 2720 845 2748 i.
859 2729 886 2749 e.
902 2725 1016 2748 arceat.
1034 2719 1112 2748 item
1128 2725 1198 2758 post
1212 2727 1268 2758 pro
1283 2727 1321 2747 eo
1336 2718 1452 2748 dicitur
1481 2728 1525 2746 re-

86 2770 172 2790 mere.
194 2768 226 2791 et
248 2762 470 2802 intelligendus
490 2771 535 2793 est
550 2763 637 2793 dolor
654 2762 781 2792 minans
819 2762 957 2801 pudiare,
982 2772 1121 2791 recusare.

86 2803 177 2833 nobis
199 2811 255 2834 aut
275 2808 544 2847 appropinquans,
560 2807 615 2845 qui
632 2804 781 2844 repellitur
869 2812 910 2837 49
932 2811 1007 2844 saepe
1022 2802 1149 2843 eveniet]
1169 2803 1286 2834 Malim
1299 2800 1409 2832 evenit.
1456 2816 1459 2817 ν

88 2854 152 2876 non
179 2847 353 2887 depellitur.
396 2849 473 2880 Non
506 2849 612 2880 multo
641 2855 711 2889 post
734 2854 781 2878 est
