1778 3095
600 156 780 196 LIBER
809 157 1046 195 PRIMUS.
1454 160 1533 202 519

108 263 335 309 disserendi
362 266 462 308 deos
482 264 586 306 mihi
606 265 768 306 videtur
785 263 972 304 funditus
993 263 1155 305 tollere.
1212 261 1317 319 Ejus
1339 263 1529 314 orationi,
1543 276 1568 315 9

111 329 146 352 13
161 337 244 364 non
276 339 372 365 sane
400 322 603 370 desidero,
625 320 740 377 quod
771 319 1046 374 respondeam
1068 336 1077 360 ε
1107 319 1206 362 satis
1230 318 1340 359 enim
1364 318 1533 360 defensa

108 378 257 434 religio
284 389 348 422 est
377 380 418 420 in
447 377 631 418 secundo
663 377 770 418 libro
790 391 814 416 a
835 376 1029 417 Lucilio:
1061 376 1181 431 cujus
1208 374 1436 430 disputatio
1457 375 1533 414 tibi

106 434 199 489 ipsi,
230 445 278 478 ut
307 437 347 477 in
378 444 562 476 extremo
595 434 716 474 tertio
747 433 907 482 scribis,
928 432 981 472 ad
1011 432 1223 472 veritatem
1248 441 1311 472 est
1331 430 1415 470 visa
1435 444 1531 484 pro-

106 491 286 544 pensior.
346 492 441 540 Sed,
473 490 586 545 quod
617 490 943 545 praetermissum
975 497 1038 529 est
1067 487 1108 527 in
1130 487 1210 527 illis
1240 486 1370 537 libris,
1392 485 1533 536 credo,

105 547 204 601 quia
232 547 496 588 commodius
526 547 749 587 arbitratus
785 560 843 596 es,
874 544 1097 600 separatim
1137 542 1180 583 id
1210 543 1367 598 quaeri3
1398 543 1534 597 deque

105 616 156 642 eo
183 604 340 654 disseri,
362 604 404 644 id
433 613 509 653 est,
531 603 581 644 de
610 603 876 652 divinatione,
898 617 993 657 quae
1013 608 1077 641 est
1095 614 1239 640 earum
1263 613 1417 647 rerum,
1439 613 1531 654 quae
1581 620 1587 623 -

104 659 287 700 fortuitae
319 669 533 715 putantur,
563 659 781 714 praedictio
812 669 938 714 atque
968 655 1208 713 praesensio,
1239 655 1295 703 id,
1311 654 1351 718 'si
1380 655 1533 718 placet,

104 714 330 764 videamus,
353 731 477 772 quam
505 716 659 757 habeat
689 717 786 764 vim,
808 724 850 755 et
870 714 993 770 quale
1013 713 1079 754 sit.
1139 713 1232 767 Ego
1255 725 1366 751 emm
1387 725 1444 751 Slc
1464 726 1534 751 ex-

101 769 272 812 istimo:
303 773 337 813 si
367 773 450 813 sint
479 787 529 812 ea
558 786 713 827 genera
742 770 952 812 divinandi
981 785 1088 819 vera,
1119 768 1171 810 de
1193 768 1345 824 quibus
1371 767 1534 822 accepi-

101 841 209 877 mus,
243 843 422 884 quaeque
454 829 648 879 colimus,
681 843 771 869 esse
805 828 933 868 deos:
965 826 1243 881 vicissimque,
1279 824 1312 865 si
1343 823 1402 864 dii
1436 824 1531 874 sint,

101 896 205 934 esse,
236 885 308 939 qui
339 885 537 926 divinent.
595 885 751 925 Arcem
783 892 830 924 tu
859 883 1029 938 quidem
1058 882 1314 931 Stoicorum,
1344 863 1580 937 inquam,6

101 939 274 994 Quinte,
305 941 507 991 defendis,
528 942 561 981 si
591 940 761 996 quidem
794 941 873 980 ista
904 939 962 979 sic
982 939 1324 993 reciprocantur,
1355 946 1403 978 ut
1421 946 1478 987 et,
1499 937 1532 978 si
1550 943 1599 975 10

100 995 300 1038 divinatio
332 998 397 1047 sit,
419 998 476 1037 dii
506 998 601 1048 sint,
622 1005 678 1047 et,
708 997 742 1037 si
772 995 829 1036 dii
860 996 955 1046 sint,
984 995 1037 1036 sit
1064 994 1277 1035 divinatio.
1337 994 1534 1050 Quorum

99 1062 295 1094 neutrum
317 1062 402 1094 tam
424 1053 559 1103 facile,
582 1068 709 1109 quam
732 1062 778 1093 tu
797 1050 1024 1100 arbitraris,
1044 1050 1301 1091 conceditur.
1355 1051 1469 1090 Nam
1491 1059 1535 1091 et

100 1117 248 1150 natura
277 1110 502 1164 significari
532 1111 675 1151 futura
704 1109 791 1150 sine
821 1107 900 1149 deo
930 1117 1138 1163 possunt:
1170 1115 1225 1156 et,
1264 1117 1309 1147 ut
1345 1107 1426 1146 sint
1461 1107 1534 1158 dii,

99 1174 241 1218 potest
272 1166 372 1216 fieri,
404 1176 452 1207 ut
485 1167 598 1207 nulla
630 1166 683 1206 ab
713 1166 762 1206 iis
783 1165 982 1206 divinatio
1003 1164 1146 1219 generi
1167 1163 1352 1203 humano
1375 1162 1533 1204 tributa

98 1219 165 1261 sit.
225 1222 369 1278 Atque
399 1223 484 1272 ille,
515 1222 628 1264 Mihi
658 1237 770 1272 vero,
800 1222 950 1276 inquit,
982 1221 1079 1261 satis
1110 1228 1173 1261 est
1206 1219 1459 1274 argumenti,
1490 1229 1533 1261 et

97 1289 186 1317 esse
212 1278 328 1328 deos,
349 1288 391 1319 et
418 1293 489 1319 eos
519 1278 738 1319 consulere
757 1278 883 1318 rebus
905 1277 1125 1326 humanis3
1157 1276 1272 1331 quod
1293 1290 1384 1316 esse
1406 1275 1532 1326 clara,

98 1341 141 1372 et
175 1336 394 1389 perspicua
430 1335 694 1376 divinationis
731 1348 885 1389 genera
915 1334 1079 1388 judico.
1138 1333 1207 1373 De
1245 1332 1396 1387 quibus
1431 1332 1534 1387 quid

96 1387 185 1443 ipse
217 1392 408 1441 sentiam,
430 1392 462 1431 si
493 1391 644 1446 placet,
665 1405 887 1446 exponam,
918 1391 976 1430 ita
996 1399 1151 1438 tamen,
1173 1389 1206 1428 si
1226 1403 1345 1429 vacas
1375 1389 1532 1440 animo,

97 1460 235 1501 neque
253 1447 381 1488 habes
399 1447 571 1502 aliquid,
584 1447 705 1502 vquod
726 1447 823 1487 huic
845 1447 1027 1487 sermoni
1043 1445 1376 1501 praevertendum
1393 1455 1531 1500 putes.

93 1501 190 1556 Ego
220 1518 330 1552 vero,
361 1504 546 1558 inquam,
576 1503 871 1558 philosophiae,
902 1503 1076 1552 Quinte,
1108 1516 1273 1557 semper
1302 1516 1417 1542 vaco.
1448 1501 1529 1544 hoc
1547 1505 1590 1535 11

94 1567 236 1598 autem
258 1570 462 1614 tempore,
485 1575 580 1600 cum
603 1560 656 1600 sit
676 1559 779 1600 nihil
801 1558 928 1608 aliud,
951 1559 1067 1613 quod
1088 1558 1266 1599 libenter
1286 1572 1410 1613 agere
1430 1573 1529 1614 pos-

94 1613 188 1663 sim,
209 1615 344 1656 multo
365 1616 500 1670 magis
521 1630 620 1656 aveo
641 1615 800 1666 audire,
821 1616 873 1656 de
893 1615 1146 1655 divinatione
1167 1614 1267 1670 quid
1289 1615 1455 1655 sentias.

152 1670 287 1722 Nihil,
309 1672 459 1727 inquit,
482 1672 677 1727 equidem
700 1672 809 1722 novi,
831 1686 922 1722 nee,
943 1671 1060 1726 qnod
1087 1680 1237 1725 praeter
1256 1680 1418 1711 ceteros
1440 1671 1528 1726 ipse
1541 1686 1572 1716 b.

95 1727 286 1768 sentiam.
313 1743 408 1768 narn
436 1743 533 1768 cum
560 1727 894 1783 antiquissimam
926 1728 1192 1777 sententiam,
1219 1737 1310 1767 tum
1337 1728 1527 1768 omnium

93 1782 350 1837 populorum
371 1794 412 1825 et
431 1785 621 1839 gentium
642 1799 850 1824 consensu
867 1784 1190 1839 comprobatam
1211 1797 1377 1838 sequor.
1426 1784 1528 1825 Duo

94 1848 193 1880 sunt
221 1840 332 1880 enim
364 1840 571 1881 divinandi
601 1854 778 1895 genera3
812 1855 992 1895 quorum
1023 1840 1201 1880 alterum
1226 1840 1326 1881 artis
1358 1850 1436 1890 est,
1466 1841 1527 1882 al-

94 1903 230 1935 terum
257 1905 429 1936 naturae.
488 1898 595 1952 Quae
626 1905 690 1936 est
717 1905 857 1936 autem
889 1910 1010 1951 gens,
1039 1905 1112 1936 aut
1140 1911 1233 1951 quae
1255 1896 1411 1947 civitas,
1434 1913 1526 1953 quae
1545 1909 1590 1940 12

96 1966 179 1991 non
205 1963 276 1993 aut
305 1953 409 1992 extis
440 1953 682 2007 pecudum;
714 1962 787 1992 aut
812 1963 1014 2002 monstra,
1035 1962 1108 1992 aut
1135 1952 1304 2007 fulgura
1325 1953 1529 2009 interpre-

93 2009 289 2059 tantium,
310 2018 383 2049 aut
412 2023 637 2063 augurum,
670 2018 743 2051 aut
773 2008 1100 2063 astrologorum,
1131 2018 1203 2049 aut
1234 2009 1426 2060 sortium,
1462 2014 1528 2062 (ea

93 2065 206 2104 enim
240 2066 325 2105 fere
358 2065 456 2105 artis
490 2069 600 2115 sunt)
639 2073 711 2105 aut
746 2065 1022 2115 somniorum,
1059 2074 1132 2105 aut
1167 2065 1525 2117 vaticinationum,

96 2120 202 2173 (haec
234 2121 345 2161 enim
376 2121 461 2161 duo
493 2120 695 2161 naturalia
724 2122 940 2175 putantur)
974 2121 1244 2176 praedictione
1274 2125 1522 2164 moveatur?

93 2192 271 2231 quarum
300 2177 470 2232 quidem
502 2191 639 2217 rerum
668 2186 813 2217 eventa
843 2178 993 2232 magis,
1016 2177 1208 2227 arbitror,
1228 2193 1354 2232 quam
1377 2193 1523 2220 causas

93 2234 222 2288 quaeri
245 2245 454 2288 oportere.
513 2234 588 2273 Est
617 2233 728 2273 enim
751 2233 825 2283 vis,
847 2243 889 2273 et
912 2244 1058 2274 natura
1078 2233 1287 2288 quaedam,
1308 2249 1401 2289 quae
1423 2250 1522 2276 cum

92 2290 319 2331 observatis
351 2290 480 2344 longo
511 2299 699 2344 tempore
730 2289 1120 2344 significationibus,
1156 2298 1248 2329 tum
1283 2291 1423 2346 aliquo
1457 2292 1522 2332 in·

92 2346 260 2396 stinctu,
292 2347 520 2400 inflatuque
541 2345 679 2386 divino
703 2346 844 2386 futura
864 2346 1129 2401 praenuntiat.
1190 2348 1332 2402 Quare
1352 2344 1567 2398 omittat7

90 2417 241 2456 urgere
265 2402 499 2443 Carneades
522 2419 530 2442 ε
563 2402 679 2457 quod
703 2402 884 2443 faciebat
901 2402 1027 2442 etiam
1052 2402 1273 2453 Panaetius,
1293 2405 1520 2459 requirenS,

89 2458 308 2512 Jupiterne
333 2460 543 2499 cornicem
565 2474 588 2498 a
615 2459 728 2507 laeva,
749 2473 920 2499 corvum
942 2473 966 2498 a
985 2458 1132 2499 dextra
1150 2473 1298 2500 canere
1312 2461 1521 2515 jussisset.

92 2514 323 2555 Observata
352 2524 448 2555 sunt
478 2515 568 2555 haec
598 2524 788 2569 tempore
820 2516 1041 2564 immenso,
1072 2523 1114 2555 et
1145 2515 1185 2555 in
1217 2515 1521 2571 significatione

90 2579 259 2611 eventus
292 2571 574 2612 animadversa
605 2580 647 2611 et
673 2582 830 2612 notata.
889 2571 1009 2612 Nihil
1030 2579 1094 2612 est
1113 2580 1269 2623 autem,
1290 2574 1405 2628 quod
1425 2574 1519 2614 lon-

87 2627 302 2682 ginquitas
332 2635 584 2681 temporum,
605 2628 837 2682 excipiente
857 2628 1074 2678 memoria,
1095 2628 1404 2684 prodendisque
1422 2645 1516 2670 rno-

89 2684 310 2734 numentis,
334 2683 494 2724 efficere
514 2693 639 2740 atque
672 2693 709 2716 14
726 2686 891 2741 assequi
924 2698 1008 2726 non
1029 2685 1175 2742 possit.
1233 2686 1381 2728 Mirari
1401 2687 1513 2737 licet,
1531 2691 1575 2723 13

133 2836 169 2859 13
195 2841 245 2859 non
261 2842 328 2860 sane
342 2829 478 2866 desidero,
497 2829 570 2871 quod
584 2829 775 2870 respondeam]
824 2830 872 2871 qd.
888 2832 963 2871 quod
976 2833 1087 2863 habuit
1100 2834 1163 2862 Ms.
1178 2833 1207 2861 in
1223 2841 1321 2870 marg.
1337 2833 1384 2861 ed.
1402 2832 1514 2861 Lamb-

88 2872 192 2912 Vulgo
214 2880 258 2903 est
274 2873 346 2915 quid
362 2883 378 2903 e
394 2872 478 2904 male
493 2873 574 2903 lecto
590 2874 778 2913 compendio
870 2880 905 2902 14
929 2875 1040 2916 assequi
1068 2886 1119 2904 non
1139 2873 1240 2913 possit]
1269 2874 1345 2905 Huc
1371 2875 1513 2905 transtuli

815 2913 930 2965 Ll4
