1778 3095
569 115 747 152 LIBER
778 114 1071 151 omNTUS.
1455 118 1534 160 379

114 234 238 263 suum
259 223 411 279 cuique
431 222 621 278 pulcrum
645 230 722 263 est.
753 220 890 262 adhuc
920 219 1128 260 neminem
1157 220 1336 274 cognovi
1364 227 1536 276 poetam

118 280 173 331 (S2
193 289 235 319 et
264 280 368 320 mihi
395 280 475 319 fuit
504 293 600 319 cum
620 277 808 333 Aquinio
829 276 1028 328 amicitia)
1054 276 1125 331 qui
1147 276 1225 316 sibi
1248 290 1331 316 non
1351 278 1537 331 optimus

112 334 330 376 videretur.
380 336 448 375 Sic
469 349 513 375 se
532 349 596 375 res
617 333 770 374 habet:
802 343 844 374 te
864 342 950 383 tua,
972 347 1040 372 me
1062 331 1273 372 delectant
1292 346 1398 372 mea.
1438 334 1535 384 Sed,

111 400 158 432 ut
193 392 245 432 ad
277 391 530 446 Dionysium
562 390 812 440 redeamus3
845 389 960 430 omni
990 388 1108 429 cultu
1138 397 1180 428 et
1212 388 1320 428 victu
1351 387 1536 430 humano

108 448 277 488 carebat
295 465 304 487 z
335 448 495 488 vivebat
522 462 618 487 611111
648 447 849 501 fugitivis,
869 460 966 486 cum
987 444 1246 494 facinorosis,
1266 458 1363 484 cum
1385 445 1535 485 barba-

109 503 186 544 ris:
209 504 432 554 neminem,
446 504 518 558 qui
538 512 610 543 aut
631 503 823 543 libertate
843 502 996 557 dignus
1018 510 1141 552 esset,
1162 510 1235 541 aut
1255 500 1380 541 vellet
1401 501 1538 541 omni-

108 574 164 600 no
184 559 291 600 liber
309 573 413 609 esse,
434 560 513 600 sibi
532 559 714 600 amicum
737 559 1030 600 arbitrabatur.

163 616 263 655 Non
292 629 375 670 ego
399 615 488 671 jam
518 631 614 656 cum
645 615 771 671 hujus
791 616 886 665 vita,
907 629 989 670 qua
1009 614 1168 664 tetrius,
1191 612 1396 662 miserius,
1419 612 1600 658 dete-64

104 671 292 712 stabilius
323 672 562 727 excogitare
593 672 694 712 nihil
722 686 911 727 possum,
939 670 1121 712 Platonis
1148 679 1221 710 aut
1248 669 1454 725 Archytae
1475 670 1535 710 vi-

104 737 189 767 tam
220 729 492 784 comparabo,
522 728 746 770 doctorum
776 728 996 768 hominum
1026 736 1070 767 et
1104 727 1226 782 plane
1257 726 1535 781 sapientium:

102 796 154 823 ex
175 783 321 824 eadem
342 785 445 826 urbe
467 785 672 826 humilem
695 784 1019 834 homunculum,
1049 791 1086 814 83
1106 798 1130 823 a
1159 782 1326 838 pulvere
1351 792 1392 823 et
1418 782 1533 823 radio
1547 787 1616 835 23

63 860 66 861 ⁷
103 840 310 891 excitabo,
342 842 413 897 qui
444 842 587 883 multis
617 842 733 882 annis
763 850 861 895 post
896 840 990 890 fuit,
1021 839 1336 880 Archimedem.
1397 838 1533 894 Cujus
1546 863 1666 894 p.-241.

103 909 187 950 ego
218 907 403 952 quaestor
432 898 672 953 ignoratum
703 898 756 938 ab
787 897 1074 953 Syracusanis,
1105 911 1203 936 cum
1239 910 1328 936 6336
1359 897 1532 936 0111111110
1544 907 1572 927 a.

103 964 319 1007 negarent,
342 963 506 1009 septum
535 954 722 1009 undique
749 963 792 994 et
822 953 1016 994 vestitum
1046 953 1238 1007 vepribus
1268 961 1309 992 61
1337 951 1535 1003 dumetis,

102 1008 295 1063 indagari
314 1011 568 1066 sepulcrum.
591 1011 786 1051 tenebam
805 1011 915 1051 enim
934 1009 1140 1064 quosdam
1160 1008 1404 1058 senariolos,
1428 1024 1535 1064 quos

103 1063 145 1105 in
165 1066 256 1121 ejus
280 1076 554 1107 monumento
587 1082 677 1107 esse
705 1067 927 1121 inscriptos
958 1079 1226 1120 acceperam:
1258 1064 1329 1119 qui
1349 1065 1536 1105 declara—

103 1121 218 1172 bant,
241 1123 281 1162 in
311 1138 477 1164 summo
510 1124 701 1178 sepulcro
726 1132 763 1155 84
782 1124 988 1177 sphaeram
1021 1136 1111 1162 esse
1139 1121 1318 1177 positam
1341 1136 1438 1161 cum
1460 1136 1535 1178 cy-

100 1176 253 1219 lindro.
312 1181 408 1235 Ego
447 1190 603 1230 autem,
639 1195 737 1221 cum
776 1180 918 1220 omnia
956 1178 1242 1219 collustrarem
1283 1177 1416 1218 oculis
1455 1180 1533 1230 (est
1547 1185 1595 1222 65

97 1234 209 1274 enim
242 1235 295 1276 ad
331 1244 367 1268 85
385 1247 528 1291 portas
562 1237 830 1292 Agragianas
868 1250 1023 1290 magna
1053 1234 1290 1289 frequentia
1320 1234 1535 1288 sepulcro-

98 1292 208 1343 rum)
233 1293 505 1333 animadverti
535 1293 805 1333 columellam
829 1307 912 1332 non
934 1291 1113 1332 multum
1139 1305 1160 1330 e
1181 1290 1319 1330 dumis
1344 1290 1533 1331 eminen-

97 1355 211 1388 tem:
243 1349 283 1388 in
317 1363 400 1404 qua
428 1349 558 1389 inerat
586 1349 759 1403 sphaerae
790 1349 924 1404 figura
953 1357 996 1388 et
1024 1347 1216 1403 cylindri.
1275 1347 1420 1402 Atque
1451 1362 1533 1402 ego

97 1404 238 1444 statim
271 1406 541 1461 Syracusanis
570 1408 705 1457 (erant
734 1414 876 1445 autem
906 1404 1114 1459 principes
1134 1404 1318 1455 mecum)
1343 1403 1442 1453 dixi,
1463 1418 1532 1444 me

97 1459 202 1500 illud
234 1461 372 1515 ipsum
411 1462 598 1502 arbitrari
632 1476 735 1512 esse,
765 1461 882 1517 quod
913 1474 1161 1516 quaererem.
1219 1460 1401 1500 Immissi
1431 1474 1528 1500 cum

96 1515 272 1557 falcibus
305 1517 427 1557 multi
461 1527 695 1572 purgarunt
726 1526 767 1558 et
803 1525 1055 1572 aperuerunt
1083 1516 1240 1556 locum.
1301 1518 1400 1572 Quo
1430 1521 1594 1558 61111166

94 1572 328 1626 patefactus
357 1583 466 1615 esset
496 1575 648 1624 aditus,
670 1574 722 1614 ad
747 1573 962 1614 adversam
994 1573 1127 1613 basim
1158 1575 1424 1613 accessimus.
1455 1587 1530 1628 ap-

95 1629 268 1682 parebat
289 1631 564 1684 epigramma,
587 1631 720 1670 exesis
750 1630 1055 1685 posterioribus
1085 1629 1274 1683 partibus
1307 1629 1533 1670 versiculo-

94 1698 205 1735 rum,
228 1692 266 1717 86
285 1686 511 1728 dimidiatis
528 1688 625 1729 fere.
660 1688 724 1727 Ita
745 1686 1005 1727 nobilissima
1026 1685 1203 1726 Graeciae
1220 1685 1378 1735 civitas,
1392 1700 1529 1740 quon-

93 1741 191 1782 dam
215 1757 310 1784 vero
331 1744 457 1784 etiarn
479 1743 737 1794 doctissima,
759 1743 822 1783 sui
849 1743 947 1783 civis
978 1742 1100 1783 unius
1127 1741 1357 1782 acutissimi
1377 1757 1530 1782 monu-

94 1806 285 1839 mentum
312 1800 561 1855 ignorasset,
583 1800 660 1840 nisi
680 1801 732 1840 ab
754 1799 924 1840 homine
945 1798 1150 1853 Arpinate
1171 1797 1398 1838 didicisset.
1447 1798 1530 1839 Sed

96 1854 255 1904 redeat,
275 1856 387 1896 unde
408 1856 624 1906 aberravit,
647 1856 797 1897 oratio.
857 1855 964 1912 Quis
993 1864 1056 1895 est
1081 1855 1287 1904 omnium,
1308 1855 1381 1910 qui
1399 1855 1530 1896 modo

97 1925 196 1951 cum
217 1912 371 1963 Musis,
393 1912 433 1952 id
462 1921 540 1961 est,
560 1926 657 1953 cum
685 1912 963 1961 humanitate,
984 1921 1026 1952 et
1047 1926 1143 1952 cum
1165 1911 1356 1952 doctrina
1376 1911 1530 1952 habeat

94 1967 268 2022 aliquod
290 1969 611 2019 commercium,
633 1969 704 2024 qui
725 1984 768 2010 se
791 1983 872 2009 non
894 1968 1004 2009 hunc
1025 1968 1373 2008 mathematicum
1394 1968 1528 2018 malit,

97 2038 224 2078 quam
256 2024 376 2065 illum
405 2035 628 2080 tyrannum
651 2027 663 2065 ?
696 2026 740 2066 Si
765 2025 860 2066 vitae
885 2024 1076 2074 modum,
1097 2024 1392 2079 actionemque
1412 2039 1527 2080 quae-

94 2080 245 2121 rimus:
266 2081 436 2122 alterius
452 2095 570 2122 mens
587 2081 818 2123 rationibus
838 2080 1061 2137 agitandis,
1075 2080 1425 2136 exquirendisque
1442 2081 1528 2121 ale-

138 2201 175 2224 82
201 2201 227 2222 ct
251 2194 321 2222 mihi
333 2194 403 2235 fuit
423 2206 485 2223 cum
502 2195 563 2236 Aq.
579 2195 725 2233 amicitia]
744 2196 787 2224 A·
832 2194 978 2224 minavit.
1023 2194 1081 2224 Sed
1097 2204 1167 2223 eam
1185 2193 1402 2232 conjecturam
1418 2194 1529 2223 refellit

91 2238 221 2275 quinius
245 2247 318 2276 ergo
343 2240 434 2276 poeta
459 2239 645 2268 deterrimus
673 2239 732 2268 fuit
757 2248 788 2268 v.
833 2237 988 2266 Buherius
1016 2247 1055 2266 ex
1079 2247 1127 2273 eo,
1153 2237 1238 2275 quod
1265 2236 1446 2265 Achradina
1470 2237 1529 2267 fuit

90 2280 182 2310 Clav.
231 2280 381 2310 Ceterum
411 2291 427 2310 6
458 2281 584 2310 Catullo
616 2281 787 2319 legendum
832 2280 985 2320 particula
1002 2280 1210 2318 Syracusana,
1228 2280 1307 2308 inter
1324 2279 1441 2308 medias
1458 2279 1530 2308 reli-

91 2323 218 2364 Aquino.
247 2332 323 2352 nam
349 2324 390 2352 ibi
417 2325 567 2363 corrigere
594 2334 610 2353 6
637 2324 789 2354 Cicerone

93 2365 245 2406 Aquinios,
263 2374 403 2396 metrum
420 2377 484 2396 non
500 2368 585 2396 sinit.

137 2414 175 2438 83
199 2420 217 2436 a
235 2408 360 2447 pulvere
383 2416 410 2438 et
433 2410 513 2438 radio
536 2408 611 2447 exa]
631 2408 787 2438 Describit

93 2451 372 2488 mathematicum,
397 2453 451 2491 qui
479 2453 563 2482 radio
587 2452 733 2482 describit
756 2452 788 2481 in

93 2493 221 2532 pulvere
237 2494 364 2531 figuras.

139 2543 177 2566 84
194 2536 333 2574 sphaeram
346 2547 408 2566 curn
421 2535 564 2577 cylindro]
579 2537 706 2576 Nempe
721 2537 790 2576 qui-

91 2579 150 2608 bus
167 2579 395 2617 significaretur
414 2580 602 2619 praeclarum
625 2582 788 2610 theorema

91 2622 129 2651 de
147 2622 264 2651 ratione
277 2622 441 2661 utriusque
457 2623 604 2662 corporis,
619 2624 786 2653 inventum

92 2665 132 2693 ab
147 2665 350 2694 Archimede.

138 2712 175 2736 85
205 2714 305 2746 portas
334 2706 533 2746 Agragianas]
570 2707 723 2737 Corradus
753 2708 786 2736 in

95 2748 217 2780 Ouaest.
233 2760 263 2788 p.
280 2756 353 2780 382.
370 2759 386 2778 e
402 2750 487 2779 Verr.
505 2751 566 2786 111,
580 2757 631 2781 ³323.
655 2751 709 2780 ubi
731 2751 787 2778 ha-

95 2791 147 2823 bet
157 2798 256 2829 portas
272 2792 444 2827 Acradinae,
461 2793 594 2823 correxit
610 2792 786 2828 Acradinas,

92 2842 192 2872 quern
207 2842 334 2865 secutus
347 2842 392 2865 est
406 2834 564 2873 Davisius,
578 2836 633 2865 etsi
649 2845 713 2865 non
731 2845 788 2866 no-

832 2332 910 2362 quas
927 2323 1010 2352 urbis
1027 2330 1142 2361 partes,
1159 2322 1250 2359 cujus
1267 2322 1343 2350 adeo
1359 2328 1446 2360 porta
1462 2332 1526 2351 non

829 2373 894 2395 erat
920 2375 1025 2395 versus
1053 2374 1166 2404 agrum
1196 2372 1226 2393 et
1253 2373 1418 2403 campum.
1457 2365 1527 2403 Ipse

830 2409 955 2446 corrigit
973 2407 1182 2446 Galeagrinas‚
1198 2407 1296 2436 dictas
1313 2406 1351 2436 ab
1367 2407 1442 2436 turri
1462 2407 1526 2437 Ga-

833 2451 942 2490 [sagra.
987 2450 1160 2480 Dorvillius
1176 2456 1284 2479 autem
1309 2449 1340 2479 in
1364 2449 1479 2479 Siculis
1496 2460 1526 2489 p.

836 2501 904 2526 193.
923 2494 996 2532 legit
1011 2493 1245 2532 Agragantinas,
1260 2493 1279 2521 i.
1291 2502 1319 2522 e.
1331 2502 1404 2531 quae
1420 2503 1526 2523 versus

833 2536 1027 2576 Agrigenfzmt
1045 2543 1159 2572 essent,
1176 2543 1212 2565 ut
1233 2536 1338 2566 visum
1363 2542 1408 2565 631
1430 2537 1525 2566 etiam

831 2580 1022 2609 camerario.

876 2628 914 2652 86
938 2621 1098 2650 dimidiatis
1110 2620 1193 2660 fere]
1221 2619 1388 2652 Bentleiusv
1402 2620 1526 2658 corrigit

831 2665 1028 2700 dimidiatum,
1047 2671 1198 2702 sequente
1221 2663 1360 2693 Dar-isio.
1384 2663 1438 2692 sed
1461 2672 1525 2692 non

830 2708 1033 2737 dimidiatum
1046 2708 1242 2746 epigramma
1258 2706 1402 2741 restabat,
1412 2705 1466 2735 sed
1481 2705 1527 2734 di-

831 2751 951 2780 midiati
974 2760 1092 2780 versus.
1121 2759 1197 2779 nam
1222 2755 1321 2788 partes
1346 2748 1526 2787 posteriores

830 2803 981 2822 versuum
1005 2799 1093 2822 erant
1115 2802 1230 2829 exesae,
1252 2800 1288 2821 ut
1310 2792 1419 2821 Cicero
1442 2790 1527 2820 dicit,

831 2836 908 2866 vidit
923 2843 955 2866 et
977 2836 1144 2866 Buberius.
