1768 3095
557 80 739 128 LIBER
765 89 1047 127 TERTIUS.
1179 80 1181 82 ’
1440 90 1515 139 169

79 209 147 242 tur
167 200 420 242 eommunia.
478 198 724 240 Amicitiam
745 206 889 239 autem
908 194 1193 245 adhibendam
1213 208 1305 236 esse
1321 198 1513 249 censent,
1525 206 1578 248 70

77 258 176 314 quia
200 259 309 299 sit'21
326 272 376 298 ex
404 270 455 297 eo
481 269 652 311 genere,
673 270 767 310 quae
797 253 974 310 prosint.
1006 266 1262 309 quamquam
1295 262 1439 293 autem
1470 254 1512 295 in

79 315 264 355 amicitia
280 314 348 354 alii
366 313 520 362 dicant,
539 326 658 368 aeque
677 325 818 353 caram
837 325 928 351 esse
948 309 1124 366 sapienti
1145 309 1352 350 rationem
1372 310 1510 361 amici,
1524 324 1554 353 p·
1571 319 1642 344 105·

81 385 129 411 ac
151 377 266 412 suam
285 373 300 421 ς’
327 369 396 410 alii
421 377 560 409 autem
593 368 673 409 sibi
704 368 857 423 cuique
890 367 1094 407 cariorem
1124 380 1274 407 suam:
1306 375 1447 406 tamen
1469 366 1552 407 hia·

80 441 247 482 quoque
265 427 516 481 posteriores
536 426 734 477 fatentur,
755 425 939 466 alienum
957 438 1047 464 esse
1069 438 1094 463 a
1107 422 1288 479 justitia,
1309 421 1365 462 ad
1385 436 1513 477 quam

82 484 168 534 nati
188 497 277 524 esse
296 482 524 533 videamur,
545 482 764 523 detrahere
784 480 886 536 quid
907 479 959 520 de
980 480 1137 535 aliquo,
1160 478 1277 534 quod
1295 479 1374 519 sibi
1395 493 1514 520 assu-

80 537 180 580 mat.
211 539 383 579 minime
413 553 509 580 vero
540 538 743 594 probatur
769 538 869 579 huic
899 536 1146 591 disciplinae,
1168 536 1221 576 de
1243 550 1327 590 qua
1346 535 1514 591 loquor,

80 600 152 636 aut
171 595 414 646 amicitiam,
443 604 515 636 aut
539 595 751 653 justitiam
781 603 954 650 propter
978 593 1183 634 utilitates
1217 592 1408 641 adscisci,
1440 601 1514 633 aut

77 652 258 706 probari.
287 652 445 693 eaedern
476 653 589 693 enim
610 652 822 692 *utilitates
852 658 1051 705 poterunt
1070 664 1139 690 eas
1158 649 1429 700 labefactare,
1448 657 1513 690 at-

78 713 158 762 que
178 713 421 763 pervertere.
453 709 609 750 etenim
630 717 668 740 2²2
688 723 762 749 nec
784 707 966 764 justitia,
996 721 1072 747 nec
1101 706 1287 747 amicitia
1307 719 1397 746 esse
1418 720 1513 746 om-

76 764 174 805 nino
195 775 408 819 poterunt,
428 766 505 806 nisi
527 767 627 821 ipsae
649 780 723 820 per
744 779 788 806 se
808 773 1069 818 expetantur.
1118 764 1195 804 Jus
1216 771 1375 812 autem,
1397 762 1510 818 quod
1525 772 1571 812 71

75 820 134 861 ita
165 822 263 873 dici,
294 823 577 878 appellarique
612 822 759 878 possit,
792 829 830 852 23
847 821 890 861 id
919 835 1010 861 esse
1036 828 1212 861 natura:
1243 819 1512 875 alienumque

76 891 165 918 esse
196 893 221 919 a
253 879 440 935 sapiente
470 894 555 920 non
585 878 715 919 modo
744 877 938 934 injuriam
960 878 1029 917 cui
1049 876 1199 927 facere,
1221 890 1363 916 verum
1385 877 1512 917 etiam

77 948 241 976 nocere.
274 951 350 977 nec
381 951 479 978 vero
511 944 672 977 rectum
704 943 769 975 est
800 949 897 975 cum
931 933 1091 983 amicis,
1113 943 1185 973 aut
1213 933 1318 973 bene
1350 933 1511 974 meritis

75 992 332 1043 consociare,
359 1002 433 1034 aut
463 992 720 1049 conjungere
749 991 943 1047 injuriam
963 1008 975 1031 ς
1006 990 1350 1045 gravissimeque,
1371 999 1413 1030 et
1442 1004 1512 1031 ve—

74 1047 248 1089 rissime·
271 1049 525 1100 defenditur,
556 1063 788 1104 numquam
821 1047 1060 1103 aequitatem
1092 1047 1145 1087 ab
1178 1045 1358 1087 utilitate
1387 1061 1512 1102 posse

77 1104 244 1161 sejungi
262 1123 271 1147 ι
303 1116 359 1157 et,
395 1106 600 1162 quidquid
637 1120 823 1161 aequum,
852 1104 1105 1160 justumque
1143 1111 1268 1153 esset,
1303 1102 1346 1143 id
1382 1103 1511 1144 etiam

76 1160 299 1203 honesturn
318 1180 326 1204 :
358 1163 639 1219 vicissimque,
661 1161 868 1218 quidquid
892 1170 1004 1202 esset
1024 1160 1264 1211 honestum,
1286 1159 1329 1200 id
1346 1159 1510 1216 justum

75 1217 216 1268 etiam,
237 1228 364 1275 atque
386 1220 553 1275 aequum
576 1220 679 1260 fore.

132 1274 203 1315 Ad
224 1290 378 1331 easque
397 1277 583 1325 virtutes,
606 1275 658 1316 de
679 1275 832 1330 quibus
856 1274 1116 1328 disputatum
1146 1282 1226 1323 est,
1246 1273 1509 1315 dialecticam
1523 1285 1575 1325 72

76 1330 203 1371 etiam
234 1332 488 1388 adjungunt,
509 1340 550 1372 et
581 1332 804 1388 physicam
823 1348 832 1372 :
865 1345 1018 1386 easque
1045 1330 1191 1371 ambas
1211 1330 1412 1371 virtutum
1433 1345 1511 1372 no-

75 1386 188 1427 mine
208 1389 440 1443 appellant:
472 1389 661 1438 alteram,
683 1388 798 1443 quod
828 1387 981 1428 habeat
1000 1387 1222 1436 rationem,
1244 1400 1295 1426 ne
1314 1387 1381 1427 cui
1405 1387 1512 1428 falso

76 1444 364 1496 assentiamur,
396 1460 497 1486 neve
528 1459 730 1500 umquam
757 1444 946 1499 captiosa
976 1442 1275 1498 probabilitate
1302 1444 1512 1494 fallamur,

76 1507 114 1531 24
130 1513 277 1555 eaque,
300 1516 394 1557 quae
414 1501 466 1542 de
486 1501 623 1550 bonis,
645 1508 687 1541 et
706 1501 827 1541 malis
858 1500 1108 1549 diceremus,
1130 1509 1178 1539 ut
1208 1508 1365 1550 tenere,
1386 1501 1514 1542 tueri-

76 1570 157 1612 que
190 1558 415 1612 p0ssimus.
448 1573 543 1599 nam
580 1559 667 1598 sine
697 1557 776 1598 hac
810 1566 898 1597 arte
929 1565 967 1588 2⁵
983 1556 1170 1612 quemvis
1200 1555 1454 1598 arbitrantur
1487 1573 1513 1598 a

76 1627 171 1653 vero
192 1614 361 1665 abduci,
382 1615 554 1670 fallique
575 1628 714 1669 posse.
744 1621 856 1654 recte
877 1613 1022 1668 igitur,
1044 1613 1078 1653 si
1105 1611 1302 1653 omnibus
1323 1613 1364 1653 in
1387 1615 1511 1655 rebus

74 1670 289 1711 temeritas
309 1671 605 1727 ignoratioque
635 1671 785 1711 vitiosa
803 1679 881 1721 est,
902 1671 956 1711 ab
975 1670 1040 1710 his
1061 1684 1124 1720 ea,
1145 1684 1238 1724 quae
1269 1669 1383 1710 tollit
1404 1670 1510 1722 haec,

74 1726 202 1767 virtus
224 1729 440 1769 nominata
471 1737 547 1769 est.
607 1727 797 1784 Physicae
829 1741 999 1782 quoque
1020 1741 1103 1767 non
1124 1725 1212 1766 sine
1231 1740 1356 1767 causa
1375 1725 1590 1772 tribu-22

76 1791 143 1823 tus
165 1783 277 1824 idem
297 1792 361 1825 est
379 1784 541 1826 honos:
573 1793 793 1840 propterea
823 1784 953 1839 quod,
976 1783 1047 1839 qui
1070 1782 1364 1824 convenienter
1386 1792 1510 1826 natu·
1523 1798 1571 1839 73

76 1846 132 1879 rae
144 1840 335 1881 -victurus
365 1841 432 1891 sit,
452 1842 490 1881 ei
522 1850 565 1882 et
594 1841 943 1896 proficiscendum
966 1849 1029 1881 est
1051 1839 1104 1880 ab
1126 1839 1241 1879 omni
1271 1841 1446 1892 mundo,
1469 1850 1512 1883 et

75 1895 129 1936 ab
150 1896 241 1952 ejus
263 1898 572 1951 procuratione.
604 1912 679 1938 nec
700 1912 796 1938 vero
817 1906 958 1952 potest
987 1896 1211 1952 quisquam
1241 1895 1292 1937 de
1324 1898 1446 1939 bonis
1468 1907 1513 1940 et

75 1951 128 1992 de
162 1952 282 1994 malis
302 1968 394 1994 vere
408 1953 615 2010 judicare,
646 1954 724 1995 nisi
753 1954 869 1995 omni
887 1954 1062 2009 cognita
1088 1952 1251 1993 ratione
1272 1963 1446 2006 naturae,
1469 1963 1513 1997 et

72 2009 168 2049 vitae
188 2010 312 2050 etiam
336 2009 529 2061 deorum,
549 2020 592 2052 et
610 2020 753 2051 utrum
774 2011 1007 2061 conveniat,
1029 2024 1173 2060 necne,
1197 2018 1345 2051 natura
1369 2011 1510 2053 homi-
1523 2022 1554 2052 b.

74 2065 138 2106 nis
159 2080 257 2107 cum
279 2067 466 2107 universa
485 2084 493 2107 ι
528 2082 707 2123 quaeque
729 2075 826 2108 sunt
846 2076 985 2108 vetera
1004 2076 1217 2122 praecepta
1241 2067 1511 2122 sapientium,

74 2121 145 2176 qui
171 2123 327 2178 jubent
346 2123 516 2178 tempori
540 2134 700 2178 parere,
719 2134 761 2165 et
780 2124 893 2180 sequi
912 2124 1044 2175 deum,
1065 2133 1108 2164 et
1128 2138 1168 2163 se
1188 2138 1360 2176 noscere,
1382 2134 1425 2166 et
1445 2125 1510 2166 ni-

75 2177 137 2218 lzz'Z
154 2179 290 2221 nimis.
350 2181 458 2221 Haec
479 2180 567 2221 sine
588 2181 774 2238 physicis
804 2195 931 2236 quam
952 2181 1035 2220 vim
1057 2179 1242 2221 habeant
1265 2184 1322 2232 (et
1352 2182 1511 2224 habent

73 2237 317 2290 maximam)
349 2237 487 2278 videre
520 2252 645 2278 nemo
680 2246 832 2292 potest.
891 2237 1027 2291 Atqui
1058 2236 1185 2277 etiam
1218 2236 1271 2278 ad
1296 2237 1510 2293 justitiam

75 2292 309 2345 colendam,
327 2293 379 2335 ad
400 2294 576 2335 tuendas
599 2294 819 2345 amicitias,
839 2301 881 2334 et
900 2292 1080 2348 reliquas
1099 2293 1293 2334 caritates
1315 2293 1416 2349 quid
1438 2310 1515 2336 na-

116 2447 153 2470 21
173 2452 209 2469 ex
224 2452 251 2470 eo
264 2452 377 2480 genere,
394 2452 460 2482 quae
479 2439 603 2479 prosint]
628 2449 657 2470 v.
674 2448 769 2478 supra
812 2439 882 2469 edd.
907 2447 952 2477 pr.
978 2444 1007 2467 et
1031 2447 1118 2477 seqq.
1141 2448 1254 2468 omnes
1283 2448 1453 2470 consensu.
1481 2448 1512 2471 at
1530 2446 1533 2450 '

74 2483 112 2513 ad
129 2492 157 2513 c.
176 2490 226 2518 17.
242 2491 321 2514 extr.
813 2491 866 2512 me
877 2491 1002 2520 semper
1021 2481 1175 2511 diceremus
1189 2483 1331 2512 offendit.
1348 2492 1407 2513 nec
1422 2484 1510 2515 enim

116 2533 156 2556 22
173 2527 369 2565 nec-:ustitia
384 2537 432 2556 nec
456 2524 608 2563 amicitiae]
628 2526 704 2555 Edd.
721 2535 767 2565 pr.
810 2526 968 2554 consentit
993 2532 1176 2564 temporum
1198 2526 1309 2555 rationi
1333 2532 1364 2555 et
1385 2532 1510 2557 antece-

65 2569 384 2608 justiria—amicitia:
407 2570 492 2609 quod
515 2569 668 2599 revocavi.
690 2577 767 2598 nam
810 2569 968 2598 dentibus.
1013 2569 1142 2598 Davisio
1164 2568 1266 2607 placet
1280 2570 1344 2599 Jos.
1362 2569 1511 2609 Scaligeri

70 2611 192 2649 justitiae
209 2623 272 2642 non
289 2613 458 2643 commode
479 2613 639 2642 dicuntur.
812 2611 995 2648 conjectura
1032 2611 1208 2641 disseremus.
1262 2612 1381 2643 Saltem
1418 2613 1511 2643 debet

118 2661 156 2684 23
173 2655 205 2684 id
226 2665 280 2684 esse
302 2654 421 2693 natura]
446 2655 497 2685 Sic
513 2656 561 2684 ed.
577 2665 623 2694 pr.
639 2661 670 2684 et
685 2654 765 2684 Ven.
811 2663 877 2685 esse
892 2654 1073 2684 disseramus.
1364 2661 1367 2665 ·

74 2697 122 2726 Jo.
144 2698 182 2727 de
205 2698 348 2728 Colonia.
371 2699 404 2728 in
426 2699 474 2728 ed.
491 2698 571 2727 Ven.
591 2705 683 2730 1494.
697 2697 767 2735 jam
854 2705 893 2728 25
922 2709 951 2738 q.
973 2694 1172 2736 arbitrantur]
1201 2697 1279 2728 Edd.
1306 2707 1352 2736 pr.
1379 2697 1507 2727 arbitra·-

74 2745 133 2774 est,
158 2749 256 2770 errore
276 2742 343 2771 sine
365 2741 463 2771 dubio
484 2750 665 2780 operarum,
682 2747 768 2770 natu·
810 2751 897 2769 mur:
931 2740 1015 2770 male
1039 2740 1111 2769 inde
1138 2741 1260 2769 factum
1286 2747 1355 2779 post
1380 2740 1507 2769 arbitra-

76 2792 151 2816 ram,
164 2784 248 2821 quod
263 2784 295 2813 in
311 2791 427 2815 ceteras
442 2784 504 2813 fere
519 2784 588 2813 edd.
605 2783 702 2814 venit.
812 2782 929 2814 bantur.
941 2792 1055 2813 verum
1068 2790 1125 2818 est,
1136 2783 1221 2821 quod
1233 2784 1402 2820 edidimus,
1413 2784 1507 2823 idque

119 2831 159 2855 ⁶24
175 2836 261 2867 eaque
277 2838 306 2867 q.
320 2827 354 2856 de
369 2827 397 2858 b.
414 2833 441 2856 et
460 2837 498 2856 m.
522 2825 691 2865 diceremus]
716 2826 768 2856 Sic
811 2832 843 2856 et
857 2826 891 2857 in
907 2825 986 2856 Mss.
1002 2831 1162 2866 repertum
1175 2832 1232 2856 est.
