1778 3095
520 113 707 150 LIBER
745 111 1082 149 SECUNDUS.
1435 116 1508 157 595

83 231 162 264 ret.
219 222 289 264 De
310 221 420 272 vino,
440 229 513 262 aut
543 220 796 261 salsamento
826 227 948 274 putes
974 218 1106 274 loqui,
1140 232 1233 273 quae
1262 226 1512 258 evanescunt

83 286 299 320 vetustate.
339 278 391 319 de
431 277 467 318 vi
504 276 587 317 loci
635 277 788 331 agitur,
829 289 965 329 neque
1013 275 1150 315 solum
1200 274 1391 323 naturali,
1438 274 1511 314 sed

82 336 211 376 etiam
244 335 408 376 divina:
439 348 532 389 quae
564 347 648 387 quo
680 331 848 372 tandem
885 331 1014 370 modo
1049 329 1241 370 evanuit?
1274 330 1512 381 Vetustate,

86 392 263 446 inquies.
339 392 447 446 Quae
487 397 669 429 vetustas
706 396 782 437 est,
823 401 916 441 quae
956 386 1036 426 vim
1088 386 1268 426 divinam
1306 386 1510 425 conficere

85 448 249 501 possit?
289 447 390 502 quid
423 453 506 486 tam
544 444 732 485 divinum
771 451 927 491 autem,
960 456 1086 496 quam
1121 441 1283 482 afflatus
1314 455 1365 481 ex
1402 444 1641 481 terrap·1³³³·

84 512 270 543 mentem
308 504 367 544 ita
405 515 590 551 movens,
626 509 672 541 ut
711 514 801 540 eam
842 498 1056 553 providam
1097 512 1232 537 rerum
1272 497 1508 537 futurarum
1520 490 1550 512 a.

83 559 248 610 efficiat,
272 568 320 599 ut
349 572 397 598 ea
424 572 506 598 non
538 556 666 597 modo
699 566 841 596 cernat
870 554 1003 594 multo
1039 562 1147 603 ante,
1175 553 1247 593 sed
1275 553 1401 593 etiam
1430 568 1510 593 nu-

85 629 219 664 mero,
257 628 458 669 versuque
498 613 768 668 pronuntiet?
819 611 987 667 quando
1028 617 1168 650 autem
1207 609 1288 650 ista
1316 609 1374 649 vis
1413 624 1508 650 eva-

84 672 208 712 nuit?
240 685 292 710 an
322 680 547 726 postquam
578 669 767 709 homines
795 669 932 708 minus
960 666 1120 707 creduli
1143 680 1232 706 esse
1258 668 1506 720 coeperunt?

82 727 392 768 Demosthenes
432 726 617 781 quidem,
651 725 723 780 qui
759 725 911 765 abhinc
947 737 1076 763 annos
1115 736 1244 777 prope
1286 736 1374 763 ccc
1414 722 1594 773 fuit,118

76 783 170 838 jam
200 791 292 823 tum
323 782 537 835 φιλιππίζειν
569 781 761 838 Pythiam
802 781 980 828 dicebat,
1014 788 1050 813 19
1072 778 1114 820 id
1153 787 1230 828 est,
1261 778 1380 834 quasi
1410 793 1508 819 cum

85 839 278 894 Philippo
307 840 457 880 facere.
489 839 571 879 hoc
599 846 737 878 autem
767 852 818 877 eo
845 836 1074 891 spectabat,
1094 845 1141 875 ut
1161 850 1253 875 eam
1273 850 1297 875 a
1318 834 1511 891 Philippo

81 904 324 950 corruptam
352 895 523 936 diceret.
553 909 636 949 quo
660 894 756 934 licet
782 893 1033 943 existimare,
1055 893 1096 931 in
1117 891 1206 931 aliis
1229 906 1398 947 quoque
1419 907 1512 932 ora-

85 951 190 992 culis
218 951 439 1007 Delphicis
459 950 616 1006 aliquid
647 964 731 990 non
760 949 907 990 sinceri
927 949 1066 989 fuisse.
1126 947 1207 988 Sed
1229 949 1385 998 nescio,
1407 963 1515 1003 quo-

87 1007 218 1048 modo
245 1008 313 1049 isti
341 1007 598 1062 philosophi,
627 1005 918 1061 superstitiosi,
948 1014 990 1045 et
1022 1018 1140 1059 paene
1175 1004 1359 1054 fanatici,
1392 1004 1514 1059 quid-

86 1064 145 1104 vis
177 1063 302 1104 malle
336 1064 540 1114 videntur,
575 1077 699 1118 quarn
734 1077 776 1103 se
810 1077 894 1102 non
928 1062 1108 1116 ineptos.
1166 1061 1394 1101 Evanuisse
1424 1076 1516 1101 ma-

84 1120 224 1170 vultis,
244 1130 287 1161 et
305 1120 557 1161 exstinctum
578 1133 667 1159 esse
693 1118 751 1169 id,
772 1118 902 1174 quod,
925 1119 959 1158 si
986 1131 1188 1172 umquam
1217 1118 1376 1166 fuisset,
1404 1126 1516 1157 certe

86 1185 289 1217 aeternum
320 1186 443 1227 esset,
464 1191 592 1232 quam
620 1190 682 1226 ea,
705 1190 799 1231 quae
830 1189 913 1215 non
945 1183 1043 1215 sunt
1072 1173 1294 1223 credenda,
1314 1188 1398 1214 non
1426 1188 1516 1213 cre-

91 1232 204 1273 dere.

145 1288 299 1329 Similis
340 1297 403 1329 est
441 1303 555 1330 error
588 1288 630 1329 in
671 1288 867 1329 somniis:
899 1300 1078 1343 quorum
1121 1286 1291 1343 quidem
1326 1286 1514 1327 defensio
1530 1289 1599 1338 58

85 1345 265 1400 repetita
298 1360 423 1400 quam
454 1346 581 1400 longe
610 1346 703 1385 est?
738 1344 898 1385 divinos
928 1345 1089 1384 animos
1121 1353 1293 1384 censent
1321 1358 1410 1384 esse
1439 1358 1514 1384 no·
1532 1366 1604 1405 119

84 1410 206 1452 stros,
247 1415 403 1457 eosque
440 1416 529 1442 esse
564 1409 720 1442 tractos
755 1401 1023 1450 extrinsecus,
1056 1400 1378 1455 animorumque
1413 1415 1516 1441 con-

88 1458 357 1499 sentientium
383 1458 652 1507 multitudine
672 1457 931 1511 completum
951 1471 1040 1497 esse
1063 1456 1269 1497 mundum
1291 1473 1299 1497 :
1332 1457 1410 1497 hac
1437 1457 1518 1511 igi-

88 1523 157 1554 tur
195 1515 362 1565 mentis,
392 1523 434 1554 et
473 1514 603 1569 ipsius
638 1514 865 1563 divinitate,
897 1522 938 1553 et
978 1513 1275 1568 conjunctione
1312 1527 1411 1553 cum
1448 1527 1521 1553 ex-

87 1571 215 1611 ternis
249 1571 475 1621 mentibus,
506 1571 632 1619 cerni,
664 1586 756 1625 quae
796 1570 878 1610 sint
915 1571 1069 1610 futura.
1130 1569 1336 1610 Contrahi
1376 1579 1520 1610 autem

84 1627 271 1667 animum
311 1628 444 1676 Zeno,
484 1635 526 1667 et
563 1627 681 1681 quasi
717 1627 801 1666 labi
838 1634 957 1680 putat
989 1634 1115 1680 atque
1151 1626 1389 1676 concidere,
1422 1635 1461 1657 ‘20
1475 1635 1518 1666 et

85 1682 223 1737 ipsum
262 1697 352 1724 esse
391 1682 586 1723 dormire.
644 1683 741 1723 Jam
784 1683 1043 1738 Pythagoras
1081 1691 1124 1721 et
1165 1682 1298 1732 Plato,
1328 1682 1518 1737 locuple-

86 1740 236 1780 tissimi
265 1748 471 1788 auctores,
501 1753 586 1793 quo
615 1739 656 1778 in
686 1739 843 1779 somnis
864 1739 1043 1779 certiora
1065 1737 1290 1789 videamus,
1311 1753 1521 1793 praepara-

87 1803 154 1836 tos
194 1795 378 1851 quodam
416 1795 548 1845 cultu,
588 1804 715 1849 atque
745 1795 855 1835 victu
893 1795 1098 1849 proficisci
1135 1794 1188 1834 ad
1224 1794 1519 1835 dormiendum

79 1851 247 1907 jubent.
288 1852 384 1892 faba
413 1851 585 1906 quidem
627 1850 882 1906 Pythagorei
914 1851 1058 1905 utique
1088 1851 1353 1891 abstinuere:
1401 1851 1521 1906 quasi

88 1923 184 1949 vero
216 1923 267 1948 eo
298 1908 394 1948 cibo
425 1922 556 1956 mens,
587 1922 670 1947 non
698 1916 839 1947 venter
868 1907 1048 1947 infletur.
1109 1907 1206 1957 Sed,
1243 1907 1384 1947 nescio
1413 1922 1521 1962 quo-

88 1964 232 2014 modo,
261 1964 364 2004 nihil
398 1974 484 2004 tam
515 1962 695 2004 absurde
720 1963 803 2003 dici
833 1972 985 2017 potest,
1013 1963 1130 2018 quod
1161 1977 1244 2003 non
1275 1963 1438 2004 dicatur
1468 1964 1521 2003 ab

89 2021 233 2076 aliquo
270 2020 638 2075 philosophorum.
700 2020 853 2060 Utrum
888 2019 1018 2073 igitur
1051 2034 1271 2060 censemus
1307 2020 1520 2060 dormien-
1538 2031 1613 2063 120

89 2077 194 2118 tium
225 2077 388 2117 animos
419 2090 492 2130 per
522 2085 653 2116 semet
685 2076 798 2130 ipsos
829 2076 871 2117 in
902 2075 1149 2116 somniando
1179 2076 1349 2126 moveri,
1373 2090 1440 2125 an,
1473 2085 1522 2116 ut

87 2133 361 2173 Democritus
396 2142 551 2182 censet,
592 2142 760 2172 externa
797 2143 839 2172 et
878 2132 1113 2173 adventicia
1140 2131 1296 2171 visione
1333 2132 1566 2187 pulsari?b.

89 2190 173 2230 sive
208 2189 318 2229 enim
359 2190 416 2229 sic
448 2198 526 2238 est,
556 2188 639 2228 sive
668 2188 742 2228 illo
772 2188 917 2238 modo,
948 2188 1077 2229 videri
1108 2197 1284 2243 possunt
1314 2189 1523 2243 permulta

89 2246 396 2286 somniantibus
425 2244 529 2284 falsa
554 2258 631 2299 pro
648 2245 766 2285 veris.
825 2246 938 2285 Nam
967 2254 1010 2286 et
1042 2244 1334 2299 navigantibus
1366 2245 1531 2285 moveri-

87 2301 280 2342 videntur
311 2316 374 2351 ea,
410 2316 505 2356 quae
542 2310 678 2341 stant:
710 2308 753 2341 et
780 2301 965 2355 quodam
998 2301 1153 2342 obtutu
1183 2301 1406 2341 oculorum
1438 2300 1523 2341 duo

91 2371 168 2412 pro
197 2373 282 2398 uno
308 2358 488 2398 lucernae
519 2357 691 2397 lumina.
749 2356 866 2413 Quid
897 2357 1049 2408 dicam,
1071 2357 1240 2409 insanis,
1262 2357 1378 2413 quid,
1399 2357 1526 2398 ebriis

89 2429 216 2468 quam
254 2414 388 2454 multa
421 2414 525 2453 falsa
559 2413 804 2453 videantur?
838 2413 953 2468 quod
988 2414 1021 2454 si
1058 2413 1268 2470 ejusmodi
1300 2414 1396 2454 visis
1429 2427 1522 2454 cre·-

92 2469 278 2510 dendum
313 2485 396 2511 non
434 2478 512 2519 est,
551 2484 625 2510 cur
661 2469 832 2510 somniis
872 2469 1080 2520 credatur,
1113 2470 1268 2510 nescio.
1307 2484 1401 2509 nam
1435 2479 1525 2509 tam

92 2526 192 2567 licet
224 2525 276 2565 de
303 2526 368 2566 his
397 2525 622 2576 erroribus,
640 2526 673 2566 si
699 2526 814 2576 velis,
843 2541 970 2581 quam
997 2526 1050 2566 de
1080 2527 1252 2567 somniis
1285 2525 1522 2580 disputare:

91 2590 140 2623 ut
168 2596 230 2632 ea,
258 2596 354 2636 quae
380 2591 505 2632 stant,
536 2582 570 2622 si
601 2583 757 2623 moveri
778 2582 1008 2633 videantur,
1040 2591 1162 2623 terrae
1192 2592 1358 2623 motum
1392 2581 1523 2636 signi-

93 2638 216 2679 ficare
252 2638 379 2687 dicas,
410 2646 483 2678 aut
519 2638 779 2694 repentinam
816 2638 1000 2694 aliquam
1041 2639 1212 2694 fugam:
1242 2639 1415 2694 gemino
1451 2652 1525 2676 au-

140 2758 178 2783 19
201 2751 235 2779 id
254 2758 306 2787 est,
330 2750 413 2791 quasi
436 2760 499 2778 cum
520 2750 653 2791 Philippo
665 2750 784 2792 facere]
875 2758 915 2781 20
939 2758 966 2780 et
981 2751 1073 2790 ipsum
1089 2763 1145 2780 esse
1159 2748 1297 2790 dormire]
1324 2751 1357 2780 Id
1374 2749 1454 2780 nihil
1471 2748 1527 2778 ali-

95 2794 176 2824 Haec
207 2795 286 2824 mihi
314 2794 452 2832 glossam
480 2802 585 2832 sapere
608 2796 674 2826 visa
702 2802 788 2825 sunt.
833 2794 874 2823 ud
890 2803 968 2829 esse,
984 2804 1083 2833 quam
1098 2795 1243 2824 dormire.

96 2837 181 2867 idem
198 2838 302 2868 visum
318 2836 466 2868 Walkero
482 2836 520 2867 V.
537 2836 620 2867 doct.

866 2888 992 2931 aq?-
