1768 3095
569 122 750 160 LIBER
791 120 1037 158 PRIMUS.
1475 121 1525 154 83

92 232 145 276 de
162 234 284 286 bene,
303 233 508 288 beateque
527 230 702 272 vivendo
721 244 746 270 a
767 228 940 271 Platone
971 228 1183 283 disputata
1209 231 1320 275 sunt,
1340 224 1432 264 haec
1451 238 1524 265 ex-

90 291 237 347 plicari
270 305 352 331 non
383 286 566 344 placebit
603 287 784 328 Latine?
817 285 984 328 Quodsi
1021 299 1097 325 nos
1130 297 1215 323 non
1248 282 1562 335 interpretum6

91 348 311 404 fungimur
328 359 515 395 munere,
537 344 610 385 sed
630 354 799 385 tuemur
817 357 880 394 ea,
898 358 992 398 quae
1012 342 1126 382 dicta
1142 348 1241 381 sunt
1259 339 1312 379 ab
1335 338 1398 388 iis,
1419 352 1526 392 quos

90 407 334 461 probamus,
363 401 506 457 eisque
540 410 730 442 nostrum
761 400 992 457 judicium,
1023 408 1066 440 et
1097 405 1288 438 nostrum
1319 393 1527 436 scribendi

91 461 278 502 ordinem
312 458 613 515 adjungimus:
645 457 747 513 quid
781 458 952 507 habent,
984 471 1059 497 cur
1088 455 1241 495 Graeca
1269 459 1528 506 anteponant

90 517 155 568 iis,
189 526 225 550 1⁰
243 531 336 572 quae
368 525 412 556 et
446 514 663 570 splendide
691 514 805 555 dicta
838 514 935 564 sint,
966 526 1103 568 neque
1133 511 1216 551 sint
1245 522 1444 550 conversa
1474 506 1527 548 de

94 573 253 615 Graecis
276 574 288 613 ?
322 574 436 613 Nam
460 581 491 603 11
514 572 549 613 si
568 571 724 622 dicent,
745 571 797 612 ab
818 570 899 611 illis
921 571 996 610 has
1015 584 1079 610 res
1101 581 1191 609 esse
1211 574 1409 607 tractatas
1433 581 1441 605 :
1473 578 1526 604 ne

91 630 202 685 ipsos
222 629 390 685 quidem
415 629 590 670 Graecos
608 637 671 669 est
691 642 766 669 cur
783 637 871 669 tam
894 627 1052 668 multos
1072 625 1230 680 legant,
1255 632 1290 655 12
1309 636 1434 678 quam
1464 621 1524 685 le-

89 686 218 741 gendi
255 695 365 727 sunt.
396 685 498 741 quid
529 685 641 726 enini
676 694 738 726 est
772 700 797 725 a
833 684 1077 740 Chrysippo
1115 680 1444 737 praetermissum
1482 691 1526 718 1n

89 743 273 784 Stoicis?
315 742 498 798 legimus
536 751 678 783 tamen
713 742 971 797 Diogenem,
1006 739 1292 794 Antipatrum,
1328 738 1525 777 Mnesar-

89 799 233 849 chum,
257 799 502 851 Panaetium,
521 798 679 841 multos
708 799 827 849 alios,
852 797 1151 853 inprimisque
1180 794 1427 836 familiarem
1449 805 1526 833 no-

43 864 45 867 ’
89 865 222 897 strum
245 855 530 897 Posidonium.
590 855 707 912 Quid
728 855 1044 911 Theophrastus
1063 855 1076 894 ?
1109 850 1430 893 mediocriterne
1451 848 1526 890 de·

89 912 231 964 lectat,
251 927 350 953 cum
372 922 524 954 tractat
553 912 671 954 locos
692 913 745 954 ab
767 911 998 953 Aristotele
1028 919 1123 952 ante
1154 918 1357 964 tractatos
1377 909 1389 948 ?
1424 904 1528 962 quid

90 969 286 1025 Epicurei
305 971 317 1010 ?
352 985 453 1011 num
474 969 683 1011 desistunt
701 970 754 1010 de
775 969 939 1019 iisdem,
960 968 1012 1009 de
1032 967 1185 1023 quibus
1204 974 1247 1006 et
1267 966 1320 1006 ab
1340 965 1526 1019 Epicuro

91 1027 295 1081 scriptum
324 1035 403 1077 est,
432 1035 475 1067 et
505 1027 559 1068 ab
590 1026 787 1082 antiquis,
819 1026 871 1067 ad
902 1025 1121 1066 arbitrium
1154 1038 1280 1064 suum
1310 1021 1522 1062 scribere?

91 1082 222 1140 Quod
251 1083 285 1124 si
316 1084 457 1124 Graeci
487 1084 688 1140 leguntur
718 1098 742 1124 a
776 1083 953 1133 GraeciS,
981 1081 1180 1122 13iisdem
1214 1080 1266 1120 de
1290 1079 1415 1120 rebus
1445 1077 1561 1119 alia?

90 1140 252 1181 ratione
273 1141 520 1196 compositis
539 1158 547 1182 ε
580 1140 683 1196 quid
712 1149 790 1190 est,
811 1155 886 1181 cur
906 1139 1038 1180 nostri
1058 1153 1082 1178 a
1102 1137 1254 1178 nostris
1273 1150 1358 1176 non
1377 1136 1526 1191 legan-

91 1205 161 1237 tur
180 1198 193 1237 ?
227 1198 498 1254 Quamquam
521 1198 555 1238 si
577 1197 700 1252 plane
720 1198 779 1238 sic
798 1206 1000 1237 verterem
1019 1195 1251 1245 Platonem,
1266 1202 1340 1234 aut
1358 1191 1575 1239 Aristo-3

91 1253 235 1303 telem,
256 1264 304 1295 ut
331 1263 545 1296 verterunt
574 1255 707 1295 nostri
737 1259 876 1309 poetae
904 1253 1092 1293 fabulas:
1123 1253 1249 1302 male,
1273 1249 1416 1300 credo,
1437 1263 1527 1290 me-

92 1323 204 1350 rerer
231 1310 283 1351 de
314 1312 417 1352 meis
448 1311 624 1360 civibus,
652 1311 687 1350 si
716 1310 770 1350 ad
797 1324 942 1350 eorum
972 1309 1262 1365 cognitionem
1292 1307 1430 1347 divina
1457 1305 1530 1347 illa

93 1365 264 1421 ingenia
298 1368 580 1408 transferrem.
612 1367 685 1407 sed
718 1366 760 1407 id
791 1381 926 1422 neque
959 1366 1039 1407 feci
1067 1365 1221 1415 adhuc,
1242 1378 1318 1404 nec
1344 1363 1449 1404 mihi
1466 1372 1530 1403 ta-

93 1436 206 1473 men,
239 1437 290 1464 ne
323 1424 489 1474 faciam,
519 1423 790 1464 interdictum
821 1431 942 1478 puto.
974 1422 1091 1463 locos
1117 1421 1287 1478 quidem
1309 1419 1532 1475 quosdam,

93 1478 128 1519 si
147 1479 367 1530 videbitur,
388 1480 652 1529 transferam,
674 1490 716 1520 et
746 1480 928 1520 maxime
948 1480 1002 1520 ab
1021 1479 1086 1529 iis,
1106 1493 1211 1537 quos
1233 1477 1363 1518 modo
1393 1476 1531 1517 nomi·
1543 1479 1578 1512 b·

94 1535 201 1586 navi,
232 1550 330 1577 cum
360 1537 568 1586 inciderit,
590 1545 638 1576 ut
665 1536 708 1577 id
738 1545 835 1591 apte
867 1536 953 1576 fieri
982 1536 1145 1591 possit:
1176 1543 1224 1575 ut
1253 1534 1306 1575 ab
1338 1534 1532 1574 Homero

93 1592 268 1643 Ennius,
290 1593 491 1634 Afranius
512 1608 535 1633 a
555 1592 794 1633 Menandro
827 1594 946 1633 solet.
969 1607 1045 1633 nec
1072 1606 1183 1641 vero,
1205 1600 1253 1632 ut
1283 1601 1425 1631 noster
1445 1591 1533 1631 Lu·

93 1648 230 1700 cilius,
260 1650 481 1701 recusabo,
512 1664 597 1705 quo
630 1650 767 1690 minus
798 1664 945 1690 omnes
965 1663 1061 1690 mea
1080 1649 1237 1704 legant.
1303 1656 1337 1678 14
1355 1647 1533 1687 Utinam

78 1710 204 1746 'esset
223 1706 294 1748 ille
315 1707 475 1748 Persius
496 1707 503 1747 !
537 1707 680 1762 Scipio
702 1722 814 1757 vero,
837 1716 879 1747 et
907 1707 1087 1748 Rutilius
1121 1705 1258 1746 multo
1286 1705 1413 1745 etiam
1446 1718 1537 1744 ma-

93 1762 186 1817 gis:
218 1778 399 1819 quorum
430 1764 501 1804 ille
524 1763 735 1819 judicium
766 1763 1059 1813 reformidans,
1079 1761 1314 1803 Tarentinis
1334 1761 1394 1801 ait
1413 1775 1472 1810 se,
1492 1770 1535 1801 et

98 1818 383 1872 Consentinis,
421 1830 464 1861 et
500 1820 652 1861 Siculis
688 1820 882 1861 scribere.
945 1821 1094 1860 Facete
1131 1820 1164 1859 is
1200 1818 1388 1875 quidem,
1426 1818 1535 1858 sicut

95 1875 225 1918 alias:
257 1877 329 1917 sed
366 1891 441 1918 nee
473 1886 559 1917 tam
589 1877 705 1917 docti
736 1886 837 1918 tunc
869 1886 1000 1927 erant,
1030 1877 1083 1918 ad
1115 1891 1297 1932 quorum
1324 1874 1537 1932 judicium

95 1932 345 1984 elaboraret,
366 1943 408 1974 et
428 1942 525 1974 sunt
555 1933 665 1974 illius
696 1934 850 1989 scripta
878 1934 1046 1984 leviora,
1069 1944 1114 1974 ut
1135 1932 1349 1974 urbanitas
1371 1945 1536 1972 summa

97 1999 310 2044 appareat,
330 1990 521 2043 doctrina
540 1990 776 2030 mediocris.
836 1992 932 2045 Ego
963 2001 1105 2031 autem
1133 2005 1259 2045 quem
1280 1991 1454 2030 timeam
1476 1987 1535 2028 le·
1550 1994 1572 2026 S

97 2054 277 2095 ctorem,
294 2062 392 2087 cum
413 2046 467 2087 ad
486 2057 542 2096 te,
567 2061 619 2086 ne
641 2047 802 2088 Graecis
822 2047 992 2103 quidem
1020 2048 1241 2088 cedentem
1272 2047 1315 2087 in
1347 2046 1539 2086 Philoso-

96 2101 211 2158 phia,
231 2103 409 2145 audeam
441 2103 620 2144 scribere
639 2105 651 2144 ἓ
686 2104 957 2160 Quamquam
981 2119 1005 2144 a
1025 2113 1066 2145 te
1086 2105 1179 2159 ipso
1210 2103 1254 2144 id
1284 2102 1453 2159 quidem
1476 2103 1539 2142 fa-

98 2158 166 2217 cio
186 2170 439 2214 provocatus
459 2160 702 2215 gratissimo
724 2160 827 2200 mihi
859 2162 982 2211 libro,
1004 2176 1130 2217 quem
1150 2160 1205 2202 ad
1224 2175 1292 2201 me
1313 2160 1365 2201 de
1386 2159 1537 2200 virtute

97 2215 265 2267 misisti.
325 2217 406 2258 Sed
436 2231 486 2257 ex
521 2231 570 2257 eo
599 2216 725 2258 credo
758 2217 1011 2272 quibusdam
1044 2218 1278 2267 usuvenire,
1307 2226 1355 2257 ut
1384 2215 1537 2256 abhor-

98 2282 217 2314 reant
236 2288 261 2314 a
278 2274 453 2324 Latinis,
474 2273 587 2329 quod
608 2273 829 2314 inciderint
850 2274 891 2314 in
914 2274 1072 2314 inculta
1102 2273 1311 2329 quaedam,
1333 2282 1376 2313 et
1406 2271 1540 2312 horri-

100 2328 167 2382 da,
196 2338 233 2363 1⁵
251 2330 304 2371 de
334 2331 445 2372 male
479 2330 640 2372 Graecis
671 2330 821 2371 Latine
854 2331 1010 2386 scripta
1042 2330 1240 2371 deterius.
1272 2329 1425 2386 quibus
1456 2341 1539 2384 ego

147 2510 185 2534 10
201 2513 267 2545 quae
283 2509 311 2532 et
326 2514 349 2533 s.
365 2503 443 2532 dicta
463 2499 536 2542 sint]
562 2503 620 2531 sint
642 2512 698 2542 pro
712 2503 801 2542 vulg.
844 2504 996 2540 defensio,
1021 2504 1143 2534 dictum
1167 2512 1234 2533 esse
1257 2513 1312 2543 pro
1334 2514 1422 2545 quam
1443 2502 1542 2543 legun-

101 2552 167 2576 sunt
189 2555 207 2575 e
231 2546 310 2576 Mss.
333 2546 494 2581 Davisius,
519 2553 610 2575 recte.
639 2547 690 2576 Sic
705 2553 736 2576 et
751 2548 799 2576 ed.
841 2553 902 2581 gur.

101 2599 147 2629 pr.
164 2589 253 2629 Mog.
271 2588 341 2619 Col.
364 2590 458 2629 idque
481 2596 512 2619 et
535 2589 671 2619 latinitas
694 2596 802 2629 postu·
891 2595 926 2619 13
946 2587 1261 2628 iisdem—compositis]
1283 2589 1362 2619 Haec
1381 2590 1510 2620 aberant
1526 2599 1545 2619 a

104 2632 158 2670 lat.
845 2632 908 2662 Ms.
926 2632 1020 2663 Paris.
1037 2633 1141 2672 itaque
1156 2632 1261 2670 spuria
1273 2632 1395 2669 judicat
1408 2633 1490 2663 Dav.

152 2682 185 2705 11
211 2675 235 2704 51'
261 2673 371 2712 dicent]
402 2675 452 2705 Sic
480 2675 559 2705 Mss-
587 2676 719 2713 quidam
745 2685 800 2714 pro
890 2682 927 2705 14
948 2676 1067 2706 Utinam
1084 2680 1152 2704 esset
1171 2674 1220 2703 ille
1237 2674 1367 2715 Persius]
1386 2686 1415 2706 v.
1434 2677 1472 2706 de
1487 2676 1544 2706 Or.

104 2717 211 2757 vulgg.
227 2717 364 2754 dicerent,
381 2718 457 2749 item
474 2719 522 2748 ed.
535 2728 580 2758 pr.
597 2725 627 2748 et
643 2718 803 2755 Lambini,
848 2718 892 2754 II,
911 2723 940 2748 6.

96 2761 189 2800 quod
204 2768 233 2790 et
248 2761 396 2791 Davisius
413 2761 518 2791 edidit.
895 2769 931 2791 15
947 2760 980 2788 tle
995 2759 1069 2790 male
1088 2757 1218 2799 Graecis]
1243 2759 1294 2789 Sic
1315 2770 1370 2800 pro
1385 2760 1470 2790 malis
1488 2761 1545 2790 Gr.

152 2809 188 2832 12
205 2815 291 2844 quam
306 2803 418 2843 legendi
437 2803 516 2843 sunt]
540 2804 612 2834 Hoc
632 2805 714 2834 mihi
731 2804 806 2834 insi·
847 2804 1052 2834 scribendum
1068 2812 1192 2842 semper
1207 2805 1329 2842 putavi:
1354 2805 1430 2844 quia
1444 2805 1488 2835 sic
1502 2810 1548 2833 est

105 2844 214 2876 titium
238 2847 385 2885 videtui-5
418 2856 478 2878 nec
506 2847 656 2879 satisfacit
685 2847 805 2878 Davisii
848 2848 880 2877 in
898 2848 946 2875 ed.
963 2847 1065 2886 prima
1081 2846 1170 2885 Mog.
1187 2846 1300 2885 recepi.

845 2910 925 2940 (42
