1778 3095
250 128 328 162 203
556 122 630 161 DE
658 123 816 161 FINIB.
845 121 1046 160 BONOR.
1074 121 1143 159 ET
1171 122 1381 161 MALOR.

248 230 477 288 voluptatis
499 246 640 284 causa,
662 233 789 275 etiam
813 233 847 275 si
867 247 960 275 eam
982 247 1066 275 non
1087 246 1375 289 consequare;
1407 239 1483 273 aut
1499 236 1585 274 non
1605 229 1685 275 do-

247 288 378 340 lendi,
399 289 527 331 etiam
548 290 582 331 si
603 290 646 331 id
666 290 834 346 assequi
856 305 1061 347 nequeas:
1091 297 1130 323 26
1141 298 1216 332 aut
1237 304 1399 339 eorum,
1419 303 1514 344 quae
1535 297 1689 331 secun-

247 345 352 387 dum
373 355 582 397 naturam,
603 346 876 402 adipiscendi.
938 348 1003 388 Ita
1024 348 1083 398 fit,
1105 356 1168 396 ut,
1187 355 1344 403 quanta
1369 345 1604 386 differentia
1621 354 1685 388 est

247 401 290 444 in
312 403 525 459 principiis
546 403 821 454 naturalibus,
841 412 958 444 tanta
987 403 1041 445 sit
1069 404 1111 444 in
1143 404 1294 445 finibus
1315 403 1527 443 bonorum
1548 402 1686 443 malo-

245 473 428 516 rumque
449 459 763 500 dissimilitudo.
823 460 911 500 Alii
932 475 1073 501 rursus
1095 460 1246 501 iisdem
1268 474 1292 500 a
1313 458 1543 515 principiiS,
1557 472 1684 499 omne

246 515 434 557 officium
463 517 649 557 referunt
679 524 752 555 aut
780 515 834 555 ad
864 515 1139 570 voluptatem,
1161 525 1235 557 aut
1255 517 1309 557 ad
1330 531 1415 557 non
1436 514 1685 566 dolendum,

184 580 320 614 20aut
340 573 393 613 ad
413 572 550 636 prima
578 571 651 612 illa
678 571 913 612 secundum
943 580 1136 613 naturam
1167 572 1410 614 obtinenda.
1469 571 1685 636 Expositis

239 627 332 684 jam
364 629 494 683 igitur
528 642 600 669 sex
633 627 686 668 de
719 643 888 668 summo
920 628 1036 668 bono
1069 628 1298 680 sententiis,
1320 630 1447 670 trium
1470 628 1684 684 proxima-

244 700 339 726 rum
361 685 405 726 hi
426 685 663 741 principes3
694 684 937 748 voluptatis,
959 684 1228 748 Aristippus;
1259 700 1343 726 non
1365 685 1551 736 dolendi,
1573 685 1683 726 Hie-

243 755 475 798 ronymus3
508 740 673 782 fruendi
694 741 850 782 rebus'
840 741 905 791 1is,
926 752 1029 796 quas
1050 741 1207 796 primas
1233 741 1466 783 secundum
1487 750 1680 783 naturam

242 812 336 838 esse
358 798 554 847 diximus,
578 797 834 848 Carneades,
856 812 941 838 non
963 797 1033 838 ille
1055 797 1228 853 quidem
1257 807 1420 848 auctor,
1442 797 1515 839 sed
1535 798 1683 839 defen-

243 869 328 905 sor,
350 854 581 895 disserendi
611 869 739 895 causa
770 854 864 895 fuit.
925 855 1171 910 Superiores
1201 862 1286 895 tres
1315 861 1448 906 erant,
1470 869 1565 910 quae
1590 868 1682 895 esse

114 919 442 966 p.129.possent:
476 925 656 967 quarum
691 919 757 952 est
788 925 873 952 una
904 910 994 952 sola
1022 910 1207 962 defensa,
1233 925 1366 966 eaque
1395 910 1678 952 vehementer.

204 971 233 993 a.
243 982 342 1008 nam
362 967 588 1023 voluptatis
618 982 745 1009 causa
765 967 901 1008 facere
932 968 1088 1018 omnia,
1110 983 1224 1019 cum,
1246 968 1374 1009 etiam
1398 967 1432 1008 si
1454 967 1556 1008 nihil
1576 982 1678 1008 con-

241 1038 485 1080 sequamur,
505 1034 648 1066 tamen
670 1024 810 1080 ipsum
838 1024 945 1065 illud
975 1025 1200 1066 consilium
1228 1024 1288 1065 ita
1314 1023 1509 1075 faciendi,
1530 1038 1607 1079 per
1635 1038 1680 1065 se

237 1081 537 1136 expetendum,
560 1090 602 1122 et
623 1081 864 1131 honestum,
887 1090 930 1122 et
959 1081 1098 1122 solum
1128 1082 1289 1123 bonum
1321 1081 1388 1132 sit,
1412 1095 1538 1121 nemo
1560 1080 1678 1121 dicit.

238 1152 292 1178 ne
311 1137 557 1179 vitationem
578 1137 751 1194 quidem
779 1137 937 1178 doloris
967 1138 1100 1193 ipsam
1129 1152 1202 1193 per
1231 1152 1275 1179 se
1305 1138 1530 1194 quisquam
1550 1137 1593 1178 in
1613 1151 1679 1178 re-

237 1194 319 1235 bus
353 1194 594 1250 expetendis
630 1195 807 1250 putavit,
842 1201 879 1230 27
897 1209 948 1234 ne
981 1194 1016 1235 si
1051 1195 1178 1235 etiam
1214 1194 1367 1236 evitare
1401 1202 1559 1249 posset.
1617 1194 1680 1235 At

238 1265 336 1292 vero
359 1251 497 1292 facere
519 1266 676 1315 omma,
702 1260 751 1291 ut
779 1250 1064 1306 adipiscamur
1093 1265 1188 1306 quae
1219 1250 1454 1291 secundum
1483 1258 1679 1291 naturam

239 1308 337 1358 sint,
358 1308 485 1348 etiam
509 1308 543 1348 si
565 1321 614 1348 ea
635 1322 720 1348 non
740 1321 1029 1363 assequamur,
1050 1306 1094 1347 id
1113 1321 1204 1348 esse
1223 1316 1265 1348 et
1284 1307 1527 1357 honestum,
1547 1313 1591 1348 et
1608 1321 1679 1347 so-

195 1362 330 1409 81um
351 1377 426 1419 per
447 1378 491 1405 se
511 1363 807 1419 expetendum,
827 1373 870 1404 et
891 1364 1029 1405 solum
1051 1365 1219 1405 bonum
1234 1364 1367 1405 Stoici
1387 1363 1548 1405 dicunt.
1595 1363 1678 1405 Sex

177 1437 223 1469 21
239 1420 370 1475 igitur
391 1420 458 1461 hae
480 1430 578 1461 sunt
599 1420 812 1476 simplices
834 1429 874 1453 28
889 1421 942 1461 de
963 1435 1130 1462 summa
1150 1421 1363 1462 bonorum
1379 1419 1677 1476 malorumque

238 1477 482 1518 sententiae:
514 1477 610 1518 duae
642 1492 729 1517 sme
759 1487 953 1541 patrono,
975 1486 1177 1542 quattuor
1197 1477 1392 1518 defensae.
1417 1477 1580 1532 junctae
1601 1491 1677 1518 au-

236 1542 339 1584 tem,
360 1542 403 1573 et
422 1533 613 1589 duplices
633 1534 914 1598 expositiones
945 1534 1101 1575 summi
1132 1534 1248 1584 boni,
1270 1542 1359 1574 tres
1388 1533 1563 1574 omnino
1584 1533 1677 1574 fue-

232 1599 360 1631 runt:
398 1604 475 1631 nec
509 1605 608 1632 vero
642 1591 798 1645 plures,
835 1590 870 1631 si
904 1591 1070 1645 penitus
1104 1600 1243 1631 rerum
1285 1599 1478 1631 naturam
1517 1589 1674 1640 videas,

234 1661 326 1688 esse
347 1655 589 1701 potuerunt.
623 1661 719 1687 nam
753 1656 827 1688 aut
858 1648 1048 1702 voluptas
1079 1647 1256 1703 adjungi
1285 1654 1426 1702 potest
1455 1645 1513 1687 ad
1538 1645 1672 1687 hone-

233 1711 403 1754 statem,
433 1710 481 1743 ut
512 1703 770 1758 Calliphoni,
799 1703 1157 1768 Dinomachoque
1192 1703 1378 1759 placuit:
1411 1711 1484 1744 aut
1515 1701 1675 1744 doloris

232 1760 433 1810 vacuitas,
453 1768 501 1800 ut
522 1760 742 1800 Diodoro:
773 1769 846 1801 aut
876 1760 1011 1815 prima
1042 1769 1216 1810 naturae,
1247 1769 1294 1801 ut
1323 1759 1531 1815 antiquis:
1564 1773 1672 1814 quos

232 1816 404 1856 eosdem
426 1816 723 1867 Academicos,
745 1826 788 1857 et
811 1817 1106 1872 Peripateticos
1128 1816 1410 1857 nominamus.
1460 1814 1544 1856 Sed
1564 1830 1673 1871 quo-

232 1872 344 1913 niam
376 1888 460 1913 non
491 1881 669 1928 possunt
700 1873 845 1913 omnia
873 1873 999 1914 simul
1029 1873 1132 1923 dici,
1147 1871 1270 1914 haec
1259 1887 1302 1913 m
1324 1871 1546 1927 praesentia
1570 1879 1674 1914 nota

231 1943 322 1970 esse
357 1929 587 1980 debebunt,
623 1929 884 1984 xoluptatem
919 1929 1216 1970 semovendam
1253 1938 1377 1969 esse.
1378 1927 1581 1984 ·quando
1615 1928 1671 1970 ad

231 1986 394 2041 majora
414 1986 623 2041 quaedam,
645 1995 693 2026 ut
715 1986 808 2042 jam
830 1987 1061 2041 apparebit,
1084 1986 1171 2026 nati
1195 2000 1357 2027 sumus.
1389 1984 1442 2026 de
1462 1985 1670 2026 vacuitate

231 2042 390 2083 doloris
420 2042 566 2083 eadem
600 2017 687 2083 fere
715 2042 797 2083 dici
831 2044 985 2093 solent,
1007 2057 1102 2098 quae
1131 2042 1183 2083 de
1204 2042 1436 2098 voluptate.
1467 2041 1668 2105 quoniam

229 2099 361 2154 i0·itur
381 2107 423 2139 et
441 2098 492 2139 cle
510 2099 725 2153 voluptate
745 2114 843 2140 cum
865 2100 901 2140 T
904 2109 1099 2155 orquato,
1120 2108 1163 2140 et
1182 2099 1235 2140 de
1255 2097 1521 2149 honestate,
1512 2113 1554 2138 m
1584 2112 1671 2153 qua·

230 2169 317 2196 una
347 2170 472 2196 omne
504 2156 664 2196 bonum
696 2164 938 2211 poneretur,
959 2169 1056 2197 cum
1091 2155 1255 2197 Catone
1285 2164 1350 2196 est
1379 2154 1669 2210 disputatum:

230 2212 431 2267 primum,
467 2227 561 2267 quae
592 2221 740 2252 contra
771 2212 1032 2267 voluptatem
1064 2211 1178 2253 dicta
1207 2220 1320 2263 sunt,
1350 2220 1389 2245 29
1405 2210 1553 2252 eadem
1582 2210 1668 2251 fere

166 2279 217 2311 22
230 2268 388 2309 cadunt
417 2277 564 2309 contra
584 2268 836 2309 vacuitatem
866 2268 1038 2309 doloris.
1096 2270 1191 2310 Nec
1211 2283 1308 2309 vero
1329 2267 1409 2309 alia
1430 2276 1527 2309 sunt
1547 2281 1667 2323 quae-

229 2324 358 2366 tenda
404 2335 552 2366 contra
593 2324 882 2366 Carneadeam
918 2325 1036 2366 illam
1081 2325 1347 2367 sententiam.
1396 2332 1667 2380 quocumque

226 2470 414 2502 Manutius:
438 2473 534 2502 etiam
559 2471 593 2500 id
614 2472 694 2502 mihi
718 2483 782 2503 non
807 2472 923 2513 placet,
1012 2478 1051 2502 23
1077 2471 1111 2500 de
1131 2482 1241 2501 summa
1263 2467 1410 2509 bonorum]
1432 2469 1484 2498 Sic
1508 2468 1588 2500 Mss.
1606 2475 1670 2499 tres

225 2521 256 2545 et
272 2522 445 2553 unumque
462 2516 568 2544 abesse
583 2516 694 2544 velim.
967 2521 1016 2554 ap.
1030 2515 1208 2544 Davisium.
1225 2515 1294 2544 edd.
1310 2516 1426 2543 summi).
1444 2512 1523 2541 iliud
1539 2511 1667 2542 melius.

268 2563 308 2587 26
325 2564 376 2586 aut
400 2556 725 2596 eor1mz-—adipiscendi]
752 2557 810 2586 Pro
825 2569 858 2586 ea
873 2557 922 2587 ad.
967 2564 997 2586 et
1026 2557 1070 2586 sic
1100 2557 1173 2586 alibi
1203 2566 1330 2596 quoque
1360 2555 1469 2585 Cicero
1498 2555 1574 2585 dicit
1610 2563 1667 2594 pro

223 2608 270 2631 se.
287 2609 392 2630 eausa.
416 2600 484 2637 ejus
511 2601 622 2629 formae
645 2607 675 2629 et
697 2600 758 2629 alia
776 2599 923 2638 exempla
965 2609 1097 2630 summo
1114 2600 1198 2629 bono
1214 2607 1245 2629 et
1260 2599 1358 2629 malo.

224 2652 274 2682 ap.
302 2643 489 2672 Ciceronem
516 2649 547 2672 et
571 2643 661 2679 alios,
690 2650 725 2671 ut
754 2643 827 2672 alibi
851 2643 921 2681 jam
1009 2650 1049 2674 29
1066 2642 1162 2671 eadem
1185 2641 1306 2682 cadunt]
1325 2642 1344 2671 i.
1361 2650 1389 2670 e.
1405 2640 1515 2670 locum
1531 2640 1665 2675 habent,

225 2687 422 2716 notavimus.
965 2686 1173 2724 usurparique
1210 2686 1287 2715 adeo
1323 2690 1466 2724 possunt.
1516 2683 1665 2713 Davisius

269 2734 306 2763 27
326 2739 360 2757 nt
385 2728 409 2756 si
433 2726 521 2756 etiam
545 2726 660 2755 evitare
677 2726 783 2766 posset]
810 2727 921 2757 Putavi
966 2729 1090 2767 corrigit
1115 2727 1243 2764 stabunt,
1268 2729 1288 2758 i.
1313 2737 1340 2757 e.
1363 2726 1527 2756 valebunt.
1553 2726 1665 2765 vulga-

224 2770 398 2810 legendum
423 2780 509 2799 esse:
541 2769 652 2798 evitari
677 2779 720 2800 sc.
748 2770 846 2800 dolor.
868 2771 922 2800 sed
966 2777 1037 2800 tum
1068 2770 1183 2800 melius
1210 2778 1268 2801 est.
1293 2770 1377 2800 sicut
1402 2769 1521 2807 aliquid
1547 2769 1664 2799 dicitur

225 2813 342 2844 melius
356 2813 503 2843 Davisius
520 2812 635 2841 evenire
651 2822 695 2843 sc.
710 2813 817 2844 vitatio
834 2813 922 2845 dolo·
966 2813 1066 2842 cadere
1086 2813 1116 2841 in
1139 2813 1271 2853 ahquid,
1287 2813 1332 2843 sic
1355 2819 1387 2843 et
1409 2812 1469 2842 dici
1494 2818 1593 2851 potest
1615 2809 1665 2841 eas-

225 2858 284 2894 ris,
295 2857 380 2896 quod
395 2866 412 2886 e
429 2856 492 2887 Ms.
510 2856 627 2886 Eliensi
645 2856 770 2896 recepit.
966 2856 1031 2886 dere
1047 2862 1157 2887 contra.
