1778 3095
595 151 774 189 LIBER
806 152 1053 190 PRIMUS.
1459 157 1534 191 533

100 258 309 312 mensem,
330 275 427 302 cum
456 267 718 314 oppugnaret
750 260 991 314 Syracusas,
1012 258 1145 300 visum
1176 270 1265 298 esse
1293 257 1435 299 audire
1462 275 1534 301 vo-

105 330 214 368 cem,
237 331 280 358 se
310 316 510 373 postridie
537 325 782 355 cenaturum
817 315 1062 371 Syracusis:
1098 329 1197 356 cum
1227 323 1368 355 autem
1391 315 1424 355 is
1445 316 1534 357 dies

103 371 321 425 illuxisset,
342 386 540 427 magnam
561 370 807 411 seditionem
840 372 881 411 in
909 371 1053 411 castris
1083 371 1173 426 ejus
1192 371 1298 411 inter
1320 371 1470 411 Poenos
1491 383 1534 414 et

102 428 268 470 Siculos
288 430 441 471 milites
461 441 550 467 esse
571 427 747 468 factam:
771 427 886 483 quod
907 441 1003 467 cum
1025 427 1247 467 sensissent
1267 428 1531 484 Syracusani,

101 484 328 540 improviso
356 500 428 526 eos
458 483 497 523 in
527 491 662 523 castra
687 483 896 539 irrupisse,
918 482 1288 537 Hamilcaremque
1316 483 1369 524 ab
1399 483 1446 523 iis
1473 485 1531 524 vi-

99 555 196 581 vum
219 557 310 583 esse
331 540 556 582 sublatum.
619 541 683 580 Ita
712 554 775 580 res
804 540 1013 580 somnium
1043 540 1345 593 comprobavit.
1406 539 1531 580 Plena

98 598 388 653 exemplorum
421 604 483 636 est
520 595 706 646 historia,
740 605 830 637 tum
865 597 1015 637 referta
1046 596 1128 635 vita
1158 596 1409 636 communis.
1468 597 1586 642 At51

97 667 195 694 vero
223 655 267 694 P.
292 653 450 694 Decius
478 652 562 701 ille,
583 654 637 708 Q.
661 653 704 693 F.
728 653 799 708 qui
834 653 993 707 primus
1029 666 1052 692 e
1083 651 1226 692 Deciis
1256 652 1405 692 consul
1433 653 1527 704 fuit,

94 722 193 750 cum
213 718 321 750 esset
340 709 532 750 tribunus
553 709 737 749 militum
759 710 824 750 M.
841 709 1026 758 Valerio,
1049 708 1103 748 A.
1124 707 1322 749 Cornelio
1343 709 1526 750 consuli·

94 764 190 815 bUS,
209 780 233 806 a
253 765 594 820 Samnitibusque
615 775 875 821 premeretur
895 775 1036 806 noster
1056 765 1277 814 exercitus,
1299 779 1395 805 cum
1416 767 1526 820 peri-

93 821 190 861 cula
226 822 472 876 proeliorum
506 822 627 863 iniret
663 822 875 871 audacius,
912 831 1251 876 monereturque,
1281 830 1328 862 ut
1364 822 1527 863 cautior

90 886 214 928 esset,
235 877 354 927 dixit,
375 878 490 934 quod
515 887 650 919 exstat
676 878 718 918 in
745 878 992 919 annalibus:
1025 878 1102 918 sibi
1134 877 1176 918 in
1205 878 1362 919 somnis
1390 878 1524 920 visum

89 946 197 984 esse,
210 949 308 975 cum
325 935 365 975 in
382 935 529 975 mediis
547 935 738 975 hostibus
755 943 998 984 versaretur,
1016 934 1207 974 occidere
1226 948 1323 974 cum
1342 935 1525 977 maxima

87 989 239 1044 gloria.
299 992 353 1032 Et
373 1000 463 1031 tum
485 990 654 1045 quidem
685 990 905 1031 incolumis
926 990 1155 1031 exercitum
1177 990 1395 1032 obsidione
1415 991 1521 1032 libe-

86 1046 202 1087 ravit.
249 1048 346 1087 Post
365 1047 586 1087 triennium
609 1057 766 1098 autem,
787 1062 882 1088 cum
904 1046 1050 1088 consul
1070 1055 1192 1096 esset,
1216 1047 1378 1088 devovit
1398 1063 1456 1099 se,
1478 1058 1521 1090 et

82 1100 126 1141 in
148 1103 280 1143 aciem
307 1104 554 1144 Latinorum
581 1104 729 1158 irrupit
755 1112 954 1144 armatus.
985 1118 1070 1159 quo
1090 1102 1180 1158 ejus
1202 1104 1315 1143 facto
1335 1105 1518 1159 superati

82 1167 194 1209 sunt,
215 1167 256 1199 et
278 1159 404 1200 deleti
425 1160 577 1201 Latini.
638 1160 773 1216 Cujus
803 1175 915 1201 mors
945 1161 1002 1200 ita
1030 1159 1217 1215 gloriosa
1238 1159 1332 1210 fuit,
1350 1169 1396 1200 ut
1418 1175 1517 1201 ean-

82 1213 178 1255 dem
200 1216 518 1271 concupisceret
540 1217 661 1258 filius.
719 1217 802 1258 Sed
830 1217 1042 1257 veniamus
1071 1231 1196 1267 nunc,
1228 1215 1261 1256 si
1290 1216 1442 1271 placet,
1462 1217 1515 1258 ad
1527 1226 1577 1257 52

81 1271 246 1312 somnia
267 1272 632 1328 pbilosophorum.
692 1275 768 1314 Est
800 1273 913 1328 apud
948 1273 1164 1313 Platonem
1188 1273 1395 1323 Socrates,
1417 1288 1512 1314 cum
1529 1278 1557 1325 2
1565 1278 1598 1327 5

79 1337 189 1368 esset
215 1328 258 1368 in
287 1329 479 1370 custodia
506 1330 688 1384 publica,
711 1330 853 1370 dicens
885 1329 1064 1379 Critoni,
1094 1344 1172 1369 suo
1201 1329 1408 1379 familiari,
1436 1331 1515 1371 sibi

75 1392 174 1438 post
208 1385 378 1425 tertium
412 1385 522 1426 diem
557 1401 646 1427 esse
679 1386 980 1427 moriendum:
1024 1385 1172 1426 vidisse
1206 1400 1249 1425 se
1279 1385 1322 1424 in
1356 1387 1513 1427 somnis

75 1440 356 1494 pulcritudine
376 1442 527 1482 eximia
548 1443 773 1493 faeminam,
794 1458 888 1498 quae
910 1457 954 1482 se
976 1442 1145 1482 nomine
1166 1441 1381 1496 appellans
1399 1442 1512 1484 dice-

74 1504 139 1537 ret
160 1497 440 1538 Homericum
461 1495 672 1554 quendam
696 1499 907 1554 ejusmodi
928 1513 1118 1539 versum:

182 1577 296 1613 Tertia
311 1587 343 1614 te
362 1578 499 1615 Phthiae
518 1588 695 1629 tempestas
713 1580 796 1616 laeta
816 1578 951 1617 locabit.

73 1649 203 1692 Quod
223 1659 270 1692 ut
290 1660 352 1692 est
373 1652 549 1702 dictum,
569 1653 626 1693 sic
647 1653 843 1694 scribitur
862 1652 1105 1707 contigisse.
1166 1652 1407 1708 Xenophon
1429 1655 1508 1695 So-

71 1707 268 1757 craticus,
297 1708 368 1763 qui
397 1709 455 1749 vir
485 1718 528 1750 et
558 1711 766 1764 quantus?
800 1709 842 1749 in
873 1724 922 1750 ea
952 1709 1115 1759 militia,
1147 1724 1229 1764 qua
1259 1724 1354 1750 cum
1390 1709 1506 1766 Cyro

70 1763 233 1804 minore
263 1765 507 1818 perfunctus
536 1775 613 1816 est,
635 1780 709 1806 sua
737 1766 881 1806 scribit
902 1766 1066 1806 somnia
1086 1781 1097 1815 3
1131 1780 1313 1821 quorum
1333 1776 1504 1809 eventus

67 1819 279 1860 mirabiles
299 1821 557 1861 exstiterunt.
609 1822 782 1862 Mentiri
803 1822 1145 1878 Xenophontem,
1167 1837 1218 1861 an
1242 1822 1416 1863 delirare
1438 1823 1501 1864 di-
1514 1826 1561 1857 53

68 1878 241 1916 cemus?
274 1877 416 1932 Quid?
441 1877 642 1932 singulari
673 1878 732 1918 vir
759 1878 929 1933 ingenio
950 1878 1215 1928 Aristoteles,
1236 1888 1276 1918 et
1298 1893 1416 1933 paene
1436 1879 1499 1920 di·
1512 1874 1544 1905 b·

67 1931 176 1979 vino,
198 1932 340 1986 ipsene
367 1943 489 1983 errat,
516 1949 568 1973 an
596 1934 699 1974 alios
727 1934 813 1974 vult
840 1935 1006 1975 errare?
1039 1948 1136 1974 cum
1169 1935 1327 1985 scribit,
1359 1936 1499 1976 Eude-

66 2002 185 2028 mum
209 1988 429 2044 Cyprium,
452 1990 696 2030 familiarem
727 2005 865 2041 suum,
888 1991 965 2031 iter
995 1990 1036 2030 in
1070 1991 1366 2032 Macedoniam
1396 1992 1497 2033 faci-

65 2054 204 2085 entem
228 2045 378 2086 Pheras
399 2046 585 2095 venisse3
617 2062 711 2101 quae
741 2056 830 2087 erat
859 2047 959 2088 urbs
990 2047 1031 2087 in
1061 2046 1278 2088 Thessalia
1305 2057 1395 2088 tum
1422 2049 1497 2090 ad-

63 2100 240 2141 modum
270 2102 435 2152 nobilis,
457 2103 509 2143 ab
529 2103 771 2144 Alexandro
802 2114 943 2144 autem
973 2113 1153 2159 tyranno
1175 2104 1335 2144 crudeli
1356 2104 1495 2146 domi-

62 2166 163 2197 natu
183 2158 428 2199 tenebatur:
461 2159 502 2198 in
531 2173 582 2199 eo
610 2159 741 2214 igitur
766 2160 922 2215 oppido
944 2160 1002 2200 ita
1022 2160 1202 2215 graviter
1224 2174 1382 2215 aegrum
1407 2163 1494 2203 Eu-

61 2212 232 2254 demum
255 2214 395 2264 fuisse,
412 2225 457 2255 ut
473 2230 617 2255 omnes
636 2216 788 2256 medici
805 2216 1059 2256 diffiderent:
1082 2217 1120 2255 ei
1140 2217 1269 2257 visum
1291 2217 1332 2257 in
1353 2218 1491 2272 quiete

60 2270 232 2324 egregia
257 2271 363 2311 facie
384 2271 582 2325 juvenem
604 2271 755 2321 dicere,
777 2272 879 2322 fore,
899 2282 947 2313 ut
966 2273 1152 2327 perbrevi
1171 2273 1489 2326 convalesceret,

58 2327 288 2382 paucisque
318 2327 465 2368 diebus
494 2328 758 2369 interiturum
780 2328 1065 2369 Alexandrum
1088 2337 1329 2384 tyrannum,
1350 2330 1489 2384 ipsum

59 2390 198 2422 autem
232 2383 468 2424 Eudemum
502 2384 788 2439 quinquennio
813 2394 909 2439 post
931 2384 1106 2425 domum
1128 2399 1217 2425 esse
1237 2386 1485 2431 rediturum.

55 2436 200 2492 Atque
230 2439 286 2480 ita
316 2440 485 2495 quidem
517 2441 651 2495 prima
680 2440 835 2490 statim,
867 2441 1010 2481 scribit
1040 2441 1307 2492 Aristoteles,
1337 2456 1486 2484 conse-

55 2503 154 2534 cuta
172 2509 181 2542 3
212 2506 255 2535 et
274 2496 531 2537 convaluisse
554 2497 790 2537 Eudemum
809 2513 819 2545 3
847 2506 889 2538 et
909 2497 961 2537 ab
983 2497 1121 2538 uxoris
1144 2498 1340 2539 fratribus
1358 2499 1486 2541 inter·

53 2549 210 2590 fectum
241 2561 496 2605 tyrannum:
536 2554 684 2608 quinto
714 2562 853 2594 autem
885 2567 994 2594 anno
1024 2564 1216 2604 exeunte,
1247 2570 1343 2595 cum
1375 2565 1485 2597 esset

54 2619 149 2660 spes
171 2621 221 2647 ex
242 2607 314 2647 illo
335 2610 512 2660 somnio,
533 2610 574 2650 in
598 2609 790 2665 Cyprum
818 2609 936 2650 illum
969 2624 1021 2650 ex
1053 2610 1193 2651 Sicilia
1213 2625 1302 2651 esse
1322 2611 1482 2653 reditu-

53 2676 161 2712 rum,
195 2663 458 2718 proeliantem
493 2680 590 2706 eum
621 2666 673 2706 ad
704 2667 930 2722 Syracusas
960 2666 1190 2707 occidisse:
1230 2682 1279 2707 ex
1309 2683 1393 2722 quo
1423 2668 1482 2714 ita

52 2716 157 2760 illud
178 2720 386 2760 somnium
409 2734 497 2760 esse
518 2721 851 2777 interpretatum,
873 2731 935 2772 ut,
957 2737 1055 2762 cum
1075 2723 1239 2763 animus
1258 2723 1438 2764 Eudemi
1457 2740 1480 2764 e

49 2788 224 2831 corpore
255 2776 491 2827 excesserit,
516 2785 607 2818 tum
639 2778 815 2819 domum
838 2786 874 2814 87
895 2779 1109 2820 revertisse
1129 2779 1329 2819 videatur.
1387 2779 1480 2819 Ad-

314 2876 350 2909 97
376 2869 527 2900 revertisse
542 2869 696 2911 videatur]
718 2871 903 2910 Legendum
918 2873 1040 2902 videtur
1055 2872 1214 2901 videntur.

780 2925 814 2957 Μ
835 2926 877 2952 m
893 2925 917 2966 3
