1778 3095
269 138 347 176 543
715 139 792 177 DE
833 140 1260 180 DIVINATIONE

268 251 422 285 Meum
442 245 574 288 caveri
593 254 771 302 poterat,
792 256 887 303 post
906 258 1122 304 acceptam
1142 249 1255 291 illam
1283 248 1507 290 maxim‘am
1526 248 1700 293 cladem·

268 307 307 332 ³³⁵
326 301 579 356 explicatum
610 312 688 344 est.
715 317 786 344 ara
812 304 922 344 enim
950 305 1037 361 Ajo
1057 306 1282 361 Loquenti,
1302 320 1429 362 quam
1448 315 1609 361 septam
1630 308 1689 348 vi-

267 356 430 408 demus,
450 359 695 400 exadversus
717 374 811 401 eum
833 360 974 401 locum
1000 371 1242 404 consecrata
1261 371 1337 403 est.
1396 361 1541 417 Atque
1562 362 1689 404 etiam

267 415 467 469 scriptum
490 429 514 455 a
538 415 681 456 multis
701 425 780 466 est,
804 431 900 457 cum
931 426 1052 458 terrae
1076 428 1217 459 motus
1238 419 1372 459 factus
1400 427 1524 468 esset,
1549 419 1602 460 Ut
1622 434 1694 460 sue

264 470 388 525 plena
409 471 641 524 procuratio
657 471 796 527 fieret,
818 487 965 513 vocem
996 473 1048 513 ab
1071 473 1159 514 aede
1177 475 1354 516 Junonis
1375 489 1425 515 ex
1448 488 1543 515 arce
1561 475 1690 516 exsti-

266 527 389 568 tisse:
421 529 617 582 quocirca
635 530 848 570 Junonem
879 529 993 569 illam
1013 530 1265 584 appellatam
1287 532 1523 572 Monetam.
1583 532 1692 572 Haec

267 582 395 638 igitur
428 591 471 624 et
506 599 530 624 a
563 584 641 625 diis
671 584 917 640 significata,
947 592 990 624 et
1017 599 1042 624 a
1065 587 1216 627 nostris
1246 587 1476 643 majoribus
1499 586 1692 642 judicata

266 640 572 681 contemnimus
591 642 604 681 ?

180 698 253 731 102
320 697 474 752 Neque
503 697 641 737 solum
668 696 844 737 deorum
875 703 914 728 36
931 710 1052 737 voees
1082 696 1336 752 Pythagorei
1355 699 1693 750 observaverunt,

214 766 217 769 ·
265 752 338 794 sed
355 754 481 793 etiam
507 752 743 802 hominum,
765 767 858 807 quae
885 761 1035 793 vocant
1055 752 1209 793 omina.
1231 768 1324 808 quae
1345 755 1525 811 majores
1545 755 1692 806 nostri,

265 809 363 864 quia
384 808 518 849 valere
546 808 785 859 censebant,
815 807 970 848 idcireo
995 808 1190 849 omnibus
1218 810 1341 850 rebus
1362 812 1548 864 agendis,
1574 811 1698 867 Quod>

221 872 251 901 b.
266 865 424 915 bonum,
430 864 642 920 faustum,
649 863 783 919 felix,
790 863 1138 920 fortunatumque
1155 872 1268 916 esset,
1289 867 1593 921 praefabantur:
1625 882 1692 908 re·-

262 921 426 976 busque
458 921 620 972 divinis,
641 936 735 976 quae
766 920 933 975 publice
952 921 1110 972 fierent,
1131 930 1177 962 ut
1194 921 1391 976 faverent
1424 921 1590 979 linguis,
1609 924 1690 964 im-

260 978 484 1032 perabatur
502 993 513 1029 3
544 977 671 1033 inque
691 977 802 1017 feriis
823 977 1092 1032 imperandis,
1112 985 1155 1018 ut
1178 977 1317 1019 litibus
1336 985 1374 1019 et
1384 979 1542 1034 jurgiis
1563 994 1603 1020 se
1619 980 1691 1021 ab·

259 1034 470 1075 stiam-ent.
530 1035 723 1089 Itemque
754 1034 795 1074 in
820 1033 1035 1074 lustranda
1052 1034 1231 1085 colonia,
1250 1035 1303 1075 ab
1325 1049 1390 1086 eo,
1411 1036 1482 1090 qui
1502 1049 1595 1075 eam
1617 1036 1691 1077 de-

260 1093 458 1141 duceret3
489 1099 532 1131 et
561 1105 658 1131 curn
691 1090 918 1145 imperator
947 1090 1191 1141 exercitum,
1221 1105 1369 1131 censor
1396 1092 1603 1146 populum
1623 1091 1691 1133 lu-

260 1155 423 1196 straret,
455 1147 575 1188 bonis
606 1147 861 1197 nominibus,
881 1145 952 1201 qui
983 1146 1140 1187 hostias
1171 1147 1387 1198 ducerent,
1413 1147 1692 1202 eligebantur.

262 1203 377 1258 quod
404 1203 516 1244 idem
547 1203 587 1244 in
619 1203 787 1243 delectu
815 1201 1009 1244 consules
1039 1203 1275 1254 observant,
1304 1211 1352 1244 ut
1380 1203 1540 1258 primus
1569 1204 1692 1245 miles

177 1261 246 1292 103
263 1261 334 1301 fiat
360 1260 474 1300 bono
501 1259 684 1300 nomine.
743 1260 851 1315 Quae
877 1258 1046 1314 quidem
1067 1274 1092 1300 a
1118 1268 1161 1300 te
1180 1260 1260 1301 seis
1279 1268 1323 1300 et
1342 1259 1530 1311 consule,
1550 1269 1592 1301 et
1611 1261 1694 1301 im-

264 1325 453 1371 peratore
473 1330 638 1357 summa
657 1315 859 1370 religione
878 1329 967 1356 esse
987 1326 1159 1357 servata.
1220 1316 1544 1371 Praerogativam
1565 1316 1692 1358 etiam

179 1359 252 1414 46
264 1372 444 1428 majores
476 1386 601 1413 omen
623 1374 839 1429 justorum
859 1371 1129 1413 comitiorum
1149 1386 1238 1413 esse
1256 1372 1492 1414 voluerunt.
1548 1373 1692 1429 Atque

263 1443 346 1484 ego
377 1436 414 1465 37
431 1428 623 1485 exempla
654 1429 841 1470 ominum
875 1438 976 1470 nota
1001 1429 1225 1484 proferam.
1284 1430 1334 1469 L.
1357 1429 1525 1470 Paullus
1545 1429 1695 1470 consul

261 1486 434 1537 iterum,
450 1500 549 1526 eum
579 1485 631 1535 ei,
653 1485 814 1526 bellum
842 1494 892 1527 ut
917 1499 1015 1526 cum
1048 1499 1148 1540 rege
1171 1486 1291 1527 Perse
1310 1494 1490 1540 gereret,
1511 1486 1691 1541 obtigis-

260 1552 323 1583 set
345 1558 355 1583 :
386 1551 434 1583 ut
453 1557 503 1583 ea
523 1542 614 1597 ipsa
633 1541 700 1583 die
720 1542 895 1583 domum
914 1541 967 1582 ad
985 1556 1200 1596 vesperam
1220 1541 1356 1592 rediit,
1380 1542 1551 1583 filiolam
1571 1557 1691 1584 suam

258 1598 459 1649 Tertiam,
489 1613 585 1654 quae
614 1607 705 1640 tum
736 1607 823 1639 erat
851 1597 1082 1639 admodum
1112 1613 1250 1654 parva,
1276 1598 1469 1639 osculans
1499 1598 1690 1639 animad-

258 1654 381 1695 vertit
413 1654 676 1696 tristiculam.
699 1655 801 1710 quid
828 1664 906 1704 est,
933 1654 1082 1710 inquit,
1103 1669 1198 1695 mea
1227 1655 1396 1695 Tertia?
1430 1654 1532 1710 quid
1560 1655 1690 1696 tristis

260 1724 304 1751 es
327 1712 341 1751 Ρ
375 1711 442 1751 Mi
472 1719 604 1766 pater,
624 1711 774 1766 inquit,
804 1712 926 1751 Persa
953 1710 1089 1766 periit.
1119 1719 1210 1751 tum
1238 1710 1308 1751 ille
1328 1711 1483 1752 arctius
1503 1710 1688 1766 puellam

261 1766 522 1822 complexus,
556 1767 751 1823 Accipio,
790 1766 941 1822 inquit,
973 1780 1069 1807 mea
1104 1766 1201 1816 filia,
1238 1781 1363 1807 omen
1382 1783 1393 1816 3
1425 1775 1513 1807 erat
1547 1770 1689 1809 autem

176 1831 248 1863 104
262 1833 454 1865 mortuus
483 1824 657 1865 catellus
687 1839 738 1864 eo
768 1823 954 1864 nomine.
1013 1825 1061 1863 L.
1086 1823 1295 1873 Flaccum,
1327 1823 1539 1863 flaminem
1569 1824 1691 1864 Mar-

259 1879 418 1931 tialem,
436 1894 518 1936 ego
537 1880 689 1931 audivi,
705 1894 802 1921 cum
822 1878 993 1928 diceret,
1011 1878 1226 1920 Caeciliam
1249 1879 1431 1929 Metelli,
1447 1893 1546 1920 cum
1565 1880 1690 1921 vellet

261 1936 416 1977 sororis
437 1952 521 1977 suae
544 1936 670 1978 filiam
695 1936 739 1977 in
757 1935 1074 1977 matrimonium
1094 1935 1314 1986 collocare,
1336 1936 1469 1976 exisse
1489 1936 1531 1976 in
1551 1936 1689 1992 quod-

261 1992 358 2034 dam
387 1993 585 2034 sacellum
616 1992 767 2034 ominis
794 1992 985 2047 capiendi
1010 2006 1160 2033 eausa:
1192 1992 1306 2047 quod
1333 1991 1419 2033 fieri
1438 2006 1556 2033 more
1575 2000 1688 2034 vete-

260 2063 354 2090 rum
384 2049 559 2091 solebat.
590 2063 688 2091 cum
718 2049 836 2104 virgo
866 2057 1007 2099 staret,
1037 2057 1080 2089 et
1111 2047 1283 2089 Caeeilia
1311 2049 1354 2089 in
1383 2048 1485 2089 sella
1509 2048 1688 2101 sederet,

262 2119 396 2161 neque
419 2105 491 2146 diu
509 2105 597 2147 ulla
613 2120 692 2147 vox
720 2105 960 2156 exstitisset,
981 2104 1163 2160 puellam
1184 2105 1456 2160 defatigatam
1476 2105 1644 2161 petiisse
1664 2119 1690 2148 a

260 2171 498 2213 matertera,
519 2171 566 2204 ut
586 2162 665 2204 sibi
691 2161 940 2204 concederet
969 2161 1207 2217 paullisper,
1229 2170 1277 2202 ut
1306 2162 1349 2202 in
1379 2160 1470 2258 elius
1490 2161 1591 2202 sella
1617 2176 1686 2203 re-

259 2218 492 2273 quiesceret
510 2235 519 2259 :
550 2219 664 2260 illam
691 2227 833 2260 autem
859 2217 1025 2269 dixisse,
1045 2219 1175 2269 Vero,
1196 2232 1290 2259 mea
1312 2232 1394 2273 pue
1412 2218 1466 2268 la,
1485 2217 1563 2259 tibi
1583 2232 1687 2259 con-

258 2274 365 2315 cedo
395 2289 509 2316 meas
537 2275 668 2317 sedes.
697 2275 812 2332 quod
847 2289 972 2316 omen
1007 2289 1071 2316 res
1096 2284 1322 2316 consecuta
1348 2282 1424 2315 est.
1456 2274 1548 2329 ipsa
1573 2274 1686 2315 enim

259 2330 373 2373 brevi
409 2340 577 2373 mortua
608 2332 702 2374 est:
733 2332 851 2388 virgo
881 2339 1022 2373 autem
1060 2331 1214 2389 nupsit,
1245 2331 1314 2373 cui
1353 2330 1526 2371 Caecilia
1556 2339 1688 2387 nupta

301 2481 341 2505 34
365 2486 428 2506 cum
442 2477 542 2506 caveri
553 2475 680 2517 poterat]
701 2477 763 2508 ΜΞ.
781 2476 885 2507 Guelf.
903 2478 951 2507 ed.
1038 2483 1078 2508 35
1102 2487 1183 2506 ‘voces
1209 2476 1246 2506 P.
1276 2473 1544 2516 observitaverunt]
1577 2476 1629 2506 Sic
1657 2483 1690 2507 et

259 2515 391 2548 Medioi.
409 2525 480 2548 tum.
996 2520 1059 2549 Ms.
1077 2519 1182 2549 Guelf.
1198 2526 1229 2548 et
1251 2519 1319 2548 edd.
1336 2528 1396 2548 ree.
1415 2519 1485 2548 inde
1501 2528 1520 2548 a
1534 2518 1686 2556 victorio,

300 2567 339 2590 35
365 2560 540 2599 explicatum
563 2560 616 2599 est]
641 2562 716 2592 Non
732 2562 812 2592 bene
828 2563 951 2601 opposi-
995 2563 1049 2600 qui
1080 2562 1186 2592 nescio
1216 2561 1300 2590 unde
1330 2560 1447 2591 intulit.
1475 2562 1529 2591 sed
1555 2562 1620 2598 alii,
1651 2570 1694 2592 ut

257 2610 329 2633 turn
346 2603 387 2640 τῷ
408 2603 565 2642 neglectum
585 2605 718 2635 videtur.
735 2606 839 2643 itaque
854 2605 952 2634 Davi·
996 2605 1076 2635 Ven.
1101 2611 1191 2636 1494.
1216 2604 1301 2633 Med.
1326 2605 1399 2634 Age.
1421 2603 1493 2634 Ald.
1514 2604 1687 2634 obser-vave-

256 2646 322 2675 sius
352 2645 476 2684 corrigit
502 2645 649 2685 expiasum
676 2654 727 2683 est,
755 2647 846 2676 bene.
873 2657 950 2677 nam
994 2653 1073 2682 runt,
1091 2648 1177 2685 quod
1193 2648 1311 2676 restitui
1328 2653 1357 2676 et
1373 2656 1478 2686 supra.

255 2689 311 2717 etsi
328 2688 483 2728 explicare
499 2695 529 2717 et
545 2688 712 2728 explanare
727 2690 765 2719 de
781 2689 948 2726 hujusmo-
1036 2696 1073 2723 87
1099 2689 1228 2728 exempla
1258 2688 1394 2728 ominum]
1431 2688 1558 2728 Vulgati
1593 2687 1685 2718 solita

254 2731 285 2760 di
310 2731 401 2761 rebus
423 2731 549 2767 dicitur,
573 2732 677 2770 quoad
700 2733 880 2770 interpretes
903 2739 949 2762 ta-
992 2732 1178 2762 confusione
1194 2731 1312 2762 habent
1334 2732 1468 2768 omnium,
1487 2740 1542 2771 pro
1557 2740 1621 2770 quo
1637 2741 1685 2761 re-

254 2771 337 2803 lium
360 2783 466 2803 rerum
489 2774 732 2809 adhibebantur,
747 2781 855 2805 tamen
873 2775 948 2805 ratio
992 2781 1041 2804 cte
1063 2775 1210 2805 Davisius
1233 2775 1355 2804 ominum
1371 2774 1516 2814 reposuit.
1533 2783 1598 2804 non
1612 2783 1684 2804 om·

253 2816 396 2854 subjecta
424 2817 571 2854 ostendit,
601 2817 641 2848 de
669 2818 847 2857 expiatione
883 2828 948 2849 esse
992 2819 1084 2847 nium
1100 2828 1266 2857 generum,
1282 2827 1354 2856 quae
1370 2823 1525 2856 posuerat,
1537 2816 1684 2856 exempla

254 2868 446 2891 sermonem.
992 2860 1109 2897 attulit,
1121 2861 1176 2892 sed
1190 2867 1317 2892 tantum
1332 2861 1490 2892 ominum.
