1778 3095
570 82 752 120 LIBER
780 80 1089 119 QUARTUS.
1471 84 1550 128 339

119 189 326 242 animum,
344 189 587 245 morbisque
612 189 843 244 perturbat.
900 189 965 229 Ex
995 185 1379 256 perturbationibus
1408 196 1550 228 autem

123 246 308 301 primum
338 246 474 287 morbi
501 246 794 296 conficiuntur,
815 260 909 301 quae
930 252 1080 286 vocant
1100 242 1159 284 illi
1178 243 1383 294 νοσήματα,
1403 258 1549 298 eaque,

123 318 218 358 quae
240 313 337 345 sunt
357 304 414 343 eis
437 303 594 343 morbis
625 303 847 343 contraria.
879 316 973 357 quae
1004 300 1161 341 habent
1180 299 1234 340 ad
1254 313 1318 339 res
1339 308 1472 339 certas
1493 300 1551 340 vi·-

122 361 272 401 tiosam
309 359 581 400 offensionem
616 369 741 414 atque
777 359 1022 399 fastidium.
1053 355 1203 397 deinde
1240 355 1549 410 aegrotationes,

121 431 216 471 quae
237 416 501 479 appellantur
520 430 545 456 a
565 416 755 456 Stoicis'
737 416 1022 479 αῤῥωο-τὴματαῒ
1045 413 1194 469 hisque
1219 412 1320 453 item
1342 411 1550 466 oppositae

121 473 340 514 contrariae
359 472 620 513 offensiones.
681 473 779 512 Hoc
799 473 896 513 loco
921 472 1099 512 nimlum
1128 484 1266 525 operae
1287 468 1590 513 consumiturp.
1604 482 1678 505 214.

121 544 147 570 a
175 528 340 577 Stoicis,
360 528 540 569 maxime
561 543 586 569 a
606 528 863 593 Chrysippo,
883 528 986 569 dum
1006 527 1165 567 morbis
1186 539 1411 580 corporum
1431 527 1577 565 com-a

121 594 293 640 paratur
325 585 573 625 morborum
604 585 732 626 animi
765 584 1012 626 similitudo.
1043 598 1126 640 qua
1161 582 1350 623 oratione
1381 589 1552 636 praeter-

122 641 250 681 missa
277 640 450 681 minime
482 642 726 693 necessaria,
747 656 810 693 ea,
832 657 927 698 quae
955 655 1043 682 rem
1069 640 1299 689 continent,
1322 646 1550 693 pertracte-

123 711 231 737 mus.
291 697 560 753 Intelligatur
602 699 746 754 igitur,
785 698 1157 761 perturbationem,
1200 670 1460 751 jact’antibus
1507 710 1551 735 se
1563 703 1613 735 24

122 753 390 808 opinionibus
420 755 706 796 inconstanter
737 764 780 796 et
809 754 1022 806 turbide,
1014 770 1055 795 m
1086 762 1209 794 motu
1238 767 1328 793 esse
1358 766 1550 816 semper:

123 824 221 851 cum
250 819 392 875 autem
423 812 491 852 hic
519 813 656 853 fervor
685 812 996 867 concitatioque
1028 811 1156 851 animi
1190 809 1492 859 inveteraverit,
1513 816 1556 849 et

123 874 342 923 tamquam
362 867 405 908 in
426 869 538 910 venis
568 869 849 924 medullisque
870 867 1084 918 insederit,
1104 876 1196 908 tum
1218 867 1357 907 existit
1377 875 1419 906 et
1438 880 1554 906 mor-

122 923 217 974 bus,
249 931 292 964 et
322 925 558 980 aegrotatio,
592 934 635 966 et
664 925 913 966 offensiones
946 939 1021 975 eae,
1050 939 1145 980 quae
1179 933 1276 964 sunt
1305 923 1363 963 eis
1396 922 1554 963 morbis

124 979 558 1044 aegrotationibusque
587 982 822 1023 contrariae.
882 983 1004 1031 Haec,
1035 996 1129 1037 quae
1160 980 1271 1030 dico,
1298 979 1634 1034 cogitationell

122 1035 231 1077 inter
263 1051 306 1077 se
339 1037 551 1090 differunt,
572 1053 616 1080 re
647 1039 818 1095 quidem
848 1039 1045 1094 copulata
1074 1046 1184 1087 sunt,
1206 1050 1338 1092 eaque
1367 1037 1559 1092 oriuntur

123 1107 173 1134 ex
194 1093 368 1134 libidine
400 1105 443 1136 et
474 1095 635 1138 laetitia.
666 1111 763 1136 narn
794 1110 892 1136 cum
923 1104 987 1135 est
1018 1094 1243 1149 concupita
1271 1093 1462 1148 pecunia,
1482 1106 1558 1132 nec

124 1149 314 1190 adhibita
339 1152 541 1193 continuo
571 1152 694 1204 ratio,
716 1153 835 1208 quasi
867 1151 1061 1208 quaedam
1093 1150 1308 1191 Socratica
1336 1149 1561 1198 medicina,

127 1214 166 1238 82
182 1221 275 1262 quae
308 1219 472 1249 sanaret
503 1224 595 1249 eam
627 1210 928 1264 cupiditatem:
959 1216 1178 1273 permanat
1205 1207 1247 1247 in
1277 1221 1412 1257 venas,
1434 1215 1477 1246 et
1495 1206 1561 1246 in-

126 1262 288 1304 haeret
278 1279 321 1304 m
341 1264 566 1306 visceribus
585 1265 691 1306 illud
711 1266 885 1316 malum,
907 1265 1129 1320 existitque
1150 1264 1340 1314 morbus,
1360 1271 1403 1304 et
1422 1277 1561 1317 aegro-

126 1319 262 1361 tatio:
294 1328 332 1352 33
352 1336 446 1385 quae
467 1323 586 1363 avelli
607 1323 832 1363 inveterata
862 1336 945 1363 non
977 1321 1139 1376 possit:
1170 1320 1292 1376 eique
1313 1320 1463 1361 morbo
1486 1333 1562 1359 no-

129 1390 226 1417 men
247 1387 312 1418 est
332 1378 513 1419 avaritia
573 1379 856 1435 Similiterque
887 1378 1015 1420 ceteri
1046 1377 1211 1418 morbi:
1243 1385 1291 1417 ut
1316 1376 1464 1432 gloriae
1485 1390 1560 1417 cu·
1572 1385 1622 1418 25

130 1432 299 1488 piditas,
335 1442 384 1475 ut
415 1435 712 1486 mulierositas,
743 1445 791 1476 ut
823 1436 880 1475 ita
911 1434 1118 1489 appellem
1151 1447 1259 1483 eam,
1288 1449 1381 1489 quae
1414 1433 1563 1473 Graece

127 1490 338 1543 φιλογύνεια
363 1490 528 1542 dicitur,
549 1493 760 1548 ceterique
790 1491 981 1532 similiter
1012 1490 1150 1531 morbi
1183 1491 1564 1545 aegrotationesque

131 1556 373 1587 nascuntur.
396 1563 490 1603 quae
513 1557 654 1589 autem
676 1558 773 1589 sunt
793 1548 856 1588 his
877 1548 1099 1597 contraria,
1118 1561 1168 1587 ea
1186 1547 1300 1587 nasci
1320 1554 1521 1601 putantur
1541 1560 1567 1586 a

130 1612 275 1654 metu,
306 1612 354 1644 ut
386 1604 533 1645 odium
566 1605 806 1655 mulierum,
827 1613 867 1636 44
882 1604 1043 1660 quale
1034 1619 1076 1644 1n
1096 1603 1282 1658 μισογύνῳ
1303 1602 1445 1644 Attilii
1474 1612 1564 1643 est:

128 1669 178 1700 ut
212 1660 254 1700 in
286 1659 509 1702 hominum
542 1662 779 1702 universum
812 1676 961 1717 genus,
991 1660 1107 1716 quod
1140 1661 1380 1715 accepimus
1413 1659 1465 1700 de
1494 1659 1567 1699 Ti-

130 1731 272 1768 mone,
292 1717 365 1772 qui
385 1718 639 1774 μισάνθρωπος
669 1718 932 1783 appellatur:
964 1726 1012 1758 ut
1033 1717 1340 1772 inhospitalitas
1363 1725 1439 1757 est.
1471 1730 1566 1772 quae

131 1787 278 1814 omnes
301 1776 596 1829 aegrotationes
614 1776 741 1816 animi
762 1789 811 1815 ex
832 1774 1018 1831 quodam
1038 1782 1156 1814 metu
1172 1782 1401 1814 nascuntur
1419 1787 1566 1814 earum

131 1844 285 1881 rerum,
320 1845 422 1886 quas
458 1832 643 1896 fugiunt,
677 1843 720 1873 et
751 1832 946 1872 oderunt.
1005 1831 1227 1872 Definiunt
1260 1839 1403 1871 autem
1438 1829 1566 1870 animi
1579 1829 1631 1867 26

133 1887 473 1942 aegrotationem,
495 1889 782 1943 opinationem
814 1889 1103 1929 vehementem
1124 1887 1177 1928 de
1198 1901 1242 1927 re
1264 1901 1348 1927 non
1368 1895 1567 1942 expeten-

132 1942 200 1994 da,
222 1951 261 1976 35
279 1952 496 1998 tamquam
516 1944 633 1985 valde
654 1945 900 2000 expetenda,
924 1945 1197 1985 inhaerentem
1217 1952 1260 1984 et
1279 1943 1445 1998 penitus
1468 1943 1568 1983 insi-

133 2009 236 2040 tam.
269 2000 385 2056 quod
418 2010 559 2042 autem
592 2003 777 2042 nascitur
808 2017 858 2042 ex
888 2001 1132 2051 offensione,
1151 2001 1211 2042 ita
1236 2000 1314 2041 def
1320 2008 1454 2050 munt
1475 1999 1568 2055 opi-

132 2057 302 2097 nionem
324 2057 615 2098 vehementem
635 2058 686 2099 de
708 2074 750 2098 re
774 2073 857 2099 non
886 2057 1101 2113 fugienda,
1124 2058 1413 2106 inhaerentem,
1433 2066 1476 2097 et
1495 2070 1570 2112 pe-

133 2113 246 2154 nitus
267 2113 450 2165 insitam,
472 2125 689 2170 tamquam
715 2115 928 2179 fugienda.
960 2115 1050 2155 haec
1081 2123 1222 2154 autem
1244 2120 1284 2145 36
1298 2114 1485 2169 opinatio
1505 2118 1611 2153 estb

126 2168 320 2225 judicare
357 2185 401 2211 se
433 2186 552 2221 scire,
589 2171 704 2227 quod
741 2172 912 2212 nesciat.
971 2170 1259 2225 AEgrotationi
1296 2179 1437 2210 autem
1469 2169 1571 2210 talia

135 2226 328 2282 quaedam
362 2227 553 2283 subjecta
583 2237 696 2278 sunt,
727 2228 909 2277 avaritia,
940 2227 1131 2276 ambitio,
1156 2226 1452 2290 mulierositas,
1474 2239 1567 2281 per-

134 2283 303 2335 vicacia,
323 2283 549 2339 ligurritio,
570 2285 811 2336 vinolentia,
843 2284 1035 2340 cupedia,
1061 2293 1105 2325 et
1134 2283 1167 2323 si
1198 2297 1282 2339 qua
1311 2282 1476 2323 similia.
1506 2292 1571 2324 est

179 2438 219 2463 32
249 2443 316 2474 quae
344 2432 472 2471 sanaret]
506 2432 666 2462 Bentleius
700 2433 834 2464 correxit
876 2441 1016 2462 mannus
1039 2431 1159 2461 dedere.
1205 2430 1310 2470 Vulgo
1334 2429 1420 2472 quale
1443 2430 1472 2459 in
1493 2441 1572 2468 μισα-

137 2482 228 2511 sanet,
244 2477 329 2514 quod
346 2483 376 2506 et
391 2477 547 2506 Buherius
567 2476 719 2515 probavit.
738 2476 832 2506 male.
877 2487 941 2513 γυνε
945 2474 975 2514 lap
993 2481 1042 2504 (εἰ.

137 2517 269 2547 adhibita
292 2525 332 2547 est
355 2519 493 2558 postulat
515 2526 639 2548 sanaret.
663 2519 742 2549 illud
766 2528 833 2558 ger·
920 2525 958 2548 35
974 2525 1121 2558 tamquam
1133 2516 1222 2546 valde
1239 2522 1303 2555 exp.
1317 2514 1369 2556 sit]
1387 2515 1573 2546 Delendum

138 2561 291 2590 manizat.
877 2568 923 2591 est
935 2562 1003 2591 sine
1017 2561 1115 2591 dubio
1130 2560 1179 2589 sit.
1225 2560 1276 2589 Sic
1289 2566 1319 2588 et
1334 2569 1411 2589 mox
1427 2558 1461 2588 de
1477 2570 1506 2588 re
1521 2569 1574 2587 mm

180 2610 220 2634 33
237 2614 303 2646 quae
325 2616 354 2633 a.
373 2604 394 2634 i.
410 2615 462 2634 non
478 2603 610 2643 possunt]
631 2605 717 2634 Quia
740 2605 831 2634 refer·
864 2604 1024 2643 fugienda,
1040 2610 1148 2645 tamqu
1143 2602 1349 2643 1mfugzenda
1366 2603 1464 2632 lnfra
1459 2612 1490 2631 m
1503 2601 1575 2631 loco

139 2652 190 2676 tur
201 2648 265 2677 hoc
279 2648 318 2676 ad
333 2656 433 2677 unam
447 2649 703 2686 aegrotationum,
716 2653 833 2687 possunt
877 2647 973 2677 simili
990 2646 1105 2676 delevit
1122 2646 1302 2676 Bentleius.

140 2688 249 2720 locum
265 2699 329 2720 non
346 2690 453 2721 habet.
498 2690 656 2721 Bentleius
672 2692 753 2721 bene
769 2697 834 2730 pos·
922 2695 961 2720 36
977 2690 1103 2729 opinalio
1125 2696 1166 2718 est
1178 2686 1329 2729 judicare]
1358 2687 1422 2717 Ms.
1441 2686 1576 2735 Gryphii

143 2731 192 2760 sit.
879 2733 1015 2762 habebat
1028 2732 1177 2768 indicatio,
1190 2731 1276 2770 quod
1289 2731 1404 2769 recepit
1416 2731 1494 2759 Dax
1489 2730 1575 2758 [Slus.

184 2779 224 2804 34
247 2773 332 2815 quale
358 2774 389 2804 in
411 2773 554 2813 μισογύνῳ
576 2775 681 2806 Attilii
703 2773 759 2815 est]
783 2775 835 2805 Sic
880 2785 944 2805 non
968 2775 1083 2814 placet,
1106 2783 1305 2815 quamquam
1322 2773 1419 2803 etalii
1436 2772 1514 2802 Mss.
1529 2772 1575 2802 sie

144 2815 222 2847 Mes.
245 2816 363 2857 plures,
388 2820 473 2849 unde
495 2825 526 2848 et
550 2818 697 2849 Davisius
717 2825 748 2848 et
764 2818 836 2848 Ale·
880 2818 1009 2848 habent.

884 2871 958 2900 22
