1768 3095
548 87 729 125 LIBER
759 85 1063 124 QUARTUS.
1157 103 1159 105 ·
1474 91 1520 123 51

83 196 303 239 dissolvit:
336 196 446 238 idem
484 194 589 235 mihi
627 193 799 250 quidem
838 208 923 233 non
960 192 1149 233 videtur:
1183 189 1255 231 sed
1292 189 1527 234 dissolverit

86 268 199 296 sane.
220 263 331 296 certe
353 262 436 294 tam
466 252 600 292 multa
621 265 704 291 non
725 250 980 305 collegisset,
1000 263 1093 304 quae
1117 262 1191 288 nos
1214 246 1406 287 fallerent
1424 261 1523 302 pro-

87 311 304 353 babilitate
334 323 502 363 magna,
541 308 618 348 nisi
650 307 820 358 videret,
854 307 918 347 his
951 305 1086 347 resisti
1118 319 1202 345 non
1234 303 1355 344 facile
1385 317 1520 358 posse.

85 367 202 424 Quid
238 367 431 423 Cyrenaei
464 364 686 406 videntur?
720 364 894 404 minime
922 363 1124 403 contemti
1145 359 1417 417 philosophi:
1449 361 1520 415 qui
1534 361 1586 404 76

87 432 244 479 negant
274 436 364 462 esse
397 421 642 478 quidquam,
664 420 779 476 quod
811 419 968 475 percipi
998 419 1132 474 possit
1155 417 1441 459 extrinsecus:
1472 431 1521 457 ea
1533 413 1563 443 b·

87 494 131 520 se
152 480 240 520 sola
258 478 485 534 percipere,
504 493 600 534 quae
630 486 749 519 tactu
779 477 930 517 intimo
951 475 1146 525 sentiant,
1167 483 1215 516 ut
1244 473 1452 522 dolorem,
1473 482 1522 514 ut

86 536 370 591 voluptatem:
404 549 538 591 neque
570 549 628 584 se,
659 549 745 590 quo
776 533 878 589 quid
907 532 1064 583 colore,
1097 541 1171 572 aut
1200 545 1285 586 quo
1316 544 1422 571 sono
1451 530 1520 580 sit,

71 592 206 642 scire,
228 591 301 632 sed
318 600 484 633 tantum
505 591 671 642 sentire,
693 590 801 632 affici
822 604 865 631 se
885 587 1217 645 quodammodo.

141 648 249 689 Satis
269 648 406 689 multa
437 648 490 689 de
521 647 778 689 auctoribus.
809 660 1068 702 quamquam
1098 660 1149 686 ex
1180 658 1249 685 me
1278 643 1519 700 quaesieras,

83 712 122 736 ⁴1
143 718 281 746 nonne
304 713 496 760 putarem
526 713 625 760 post
655 704 750 744 illos
779 712 951 754 veteres,
970 712 1037 744 tot
1056 701 1234 752 saeculis,
1256 701 1429 742 inveniri
1448 715 1518 741 ve-

84 776 180 803 rum
212 762 416 816 potuisse,
455 770 522 803 tot
554 761 748 817 ingeniis,
785 761 997 815 tantisque
1034 759 1182 800 studiis
1217 757 1517 814 quaerentibus.

84 817 203 860 Quid
232 818 447 859 inventum
467 818 534 869 sit,
554 827 593 850 42
611 817 754 874 paullo
779 826 878 872 post
906 816 1062 867 videro,
1082 825 1124 857 te
1149 814 1242 871 ipso
1261 828 1431 870 quoque
1443 814 1518 871 ju-

84 874 190 916 dice.
247 874 482 916 Arcesilam
513 889 611 916 vero
647 889 731 915 non
767 872 1032 915 obtrectandi
1061 886 1188 914 causa
1218 885 1317 912 cum
1345 871 1519 912 Zenone

83 931 347 986 pugnavisse,
385 931 458 973 sed
491 945 635 973 verum
682 930 862 972 invenire
906 929 1098 981 voluisse,
1147 929 1206 970 sic
1252 927 1516 983 intelligitur.

83 988 242 1038 Nemo,
261 987 447 1044 inquam,
468 989 730 1044 superiorum
751 996 789 1020 43
804 1002 888 1028 non
918 986 1048 1028 modo
1077 993 1350 1042 expresserat,
1368 984 1442 1025 sed
1463 999 1516 1026 ne
1528 987 1578 1029 77

83 1043 245 1086 dixerat
273 1045 460 1100 quidem,
496 1059 618 1102 posse
654 1044 869 1085 hominem
903 1043 1005 1084 nihil
1039 1043 1226 1099 opinari:
1268 1055 1344 1082 nee
1377 1041 1519 1083 solum

83 1113 222 1155 posse,
247 1101 320 1142 sed
350 1102 409 1143 ita
437 1115 605 1143 necesse
635 1116 724 1142 esse
757 1100 947 1157 sapienti.
977 1101 1063 1141 visa
1092 1109 1156 1141 est
1185 1098 1388 1140 Arcesilae
1417 1112 1517 1139 cum

84 1171 180 1198 vera
210 1159 428 1209 sententia,
447 1167 537 1199 tum
571 1159 762 1209 honesta,
792 1168 836 1199 et
866 1157 995 1213 digna
1022 1157 1222 1213 sapiente.
1252 1155 1445 1212 quaesivit
1464 1154 1517 1196 de

86 1214 258 1255 Zenone
276 1215 466 1266 fortasse,
488 1215 589 1271 quid
608 1216 798 1256 futurum
827 1225 951 1265 esset,
983 1215 1017 1254 si
1045 1228 1121 1254 nec
1150 1213 1363 1269 percipere
1392 1211 1516 1267 quid-

85 1283 214 1324 quam
234 1281 376 1325 posset
396 1271 573 1326 sapiens,
593 1286 668 1312 nec
689 1271 851 1326 opinari
869 1271 1065 1325 sapientis
1080 1280 1202 1311 esset.
1261 1269 1354 1320 Ille,
1373 1268 1516 1319 eredo,

86 1335 127 1357 44
146 1325 266 1368 Nihil
284 1329 500 1382 opinatum
531 1328 728 1383 quoniam
747 1335 872 1378 esset,
893 1326 1007 1381 quod
1028 1327 1186 1382 percipi
1204 1335 1360 1381 posset.
1400 1325 1520 1367 Quid

86 1396 192 1437 ergo
226 1382 269 1424 id
305 1386 450 1425 esset?
481 1384 649 1434 Visum,
685 1383 826 1424 credo.
886 1383 1025 1425 Quale
1059 1383 1189 1438 igitur
1221 1382 1392 1423 visum?
1425 1391 1520 1423 tum

83 1438 202 1479 illum
227 1439 284 1480 ita
301 1439 545 1490 definivisse,
564 1454 614 1482 ex
633 1454 698 1491 eo,
719 1440 834 1495 quod
852 1449 975 1490 esset,
996 1440 1106 1480 sicut
1124 1448 1236 1480 esset
1253 1439 1522 1494 impressum,

83 1503 128 1536 et
146 1495 373 1550 signatum,
391 1505 430 1529 45
445 1505 487 1537 et
507 1496 705 1538 effictum.
739 1498 838 1537 Post
853 1496 1115 1551 requisitum,
1131 1496 1329 1545 etiamne,
1352 1495 1386 1536 si
1405 1495 1521 1551 ejus-

85 1552 202 1593 modi
221 1561 330 1594 esset
347 1554 480 1595 visum
501 1568 659 1604 verum,
680 1560 719 1585 46
739 1552 861 1608 quale
882 1553 945 1593 vel
968 1553 1136 1593 falsum.
1195 1551 1282 1592 Hic
1303 1553 1520 1593 Zenonem

85 1607 234 1650 vidisse
264 1618 400 1660 acute,
420 1610 584 1652 nullum
617 1624 705 1651 esse
737 1610 886 1660 visum,
908 1610 1023 1665 quod
1053 1609 1211 1665 percipi
1240 1617 1397 1664 posset,
1417 1609 1451 1649 si
1478 1609 1522 1650 id

84 1664 168 1706 tale
195 1675 306 1708 esset
333 1667 387 1708 ab
418 1682 485 1718 eo,
515 1667 630 1723 quod
661 1677 739 1717 est,
760 1674 797 1703 47
813 1676 862 1707 ut
889 1665 1202 1722 ejusdemmodi
1230 1666 1283 1707 ab
1313 1680 1380 1716 eo,
1405 1665 1522 1721 quod

86 1735 171 1762 non
190 1731 268 1774 est,
288 1733 431 1779 posset
456 1738 561 1765 esse.
619 1725 749 1765 Recte
778 1724 990 1764 consensit
1020 1722 1260 1774 Arcesilas3
1291 1722 1345 1763 ad
1374 1722 1523 1763 defini-

84 1778 244 1819 tionem
279 1779 485 1822 additum.
525 1795 660 1837 neque
695 1780 805 1820 enim
838 1779 991 1820 falsum
1025 1780 1183 1836 percipi
1211 1794 1349 1836 posse,
1386 1793 1522 1835 neque

85 1848 245 1886 verum,
274 1837 309 1877 si
337 1846 448 1878 esset
478 1838 575 1888 tale,
607 1838 730 1894 quale
757 1837 821 1877 vel
851 1836 1019 1877 falsum.
1078 1836 1279 1878 Incubuit
1308 1845 1451 1877 autem
1478 1836 1522 1876 in

85 1904 154 1931 eas
176 1891 492 1947 disputationes,
512 1903 561 1934 ut
581 1894 766 1944 doceret,
786 1894 948 1934 nullum
981 1894 1064 1934 tale
1091 1908 1182 1934 esse
1209 1893 1343 1934 visum
1365 1908 1389 1933 a
1409 1907 1521 1944 vero,

85 1956 134 1988 ut
154 1962 238 1989 non
259 1949 567 2005 ejusdemmodi
594 1951 720 1991 etiam
740 1959 779 1982 48
797 1965 821 1990 a
839 1951 946 1991 falso
976 1961 1119 2006 posset
1146 1964 1250 1991 esse.
1311 1950 1419 1991 Haec
1443 1964 1518 1991 au·
1532 1953 1583 1993 78

85 2012 170 2044 tem
203 2014 267 2046 est
294 2021 378 2046 una
408 2008 638 2057 contentio,
659 2022 751 2062 quae
782 2006 919 2048 adhuc
949 2007 1238 2062 permanserit.
1268 2021 1364 2048 narn
1397 2006 1516 2058 illud,
1530 2011 1561 2040 P·
1577 2009 1627 2034 20·

87 2060 191 2102 nulli
210 2063 268 2103 rei
289 2077 554 2104 assensurum
576 2078 665 2104 esse
685 2064 931 2118 sapientem,
952 2064 1056 2105 nihil
1075 2063 1127 2105 ad
1147 2064 1254 2104 hanc
1274 2073 1517 2105 controver-
1528 2054 1560 2076 δ’

82 2116 188 2159 siam
209 2119 457 2174 pertinebat.
476 2119 629 2162 licebat
659 2121 770 2161 enim
802 2120 904 2161 nihil
930 2121 1158 2177 percipere,
1178 2130 1222 2162 et
1253 2130 1395 2162 tamen
1426 2120 1519 2177 opi-

81 2276 124 2297 ex
139 2267 275 2306 vestigiis
291 2267 354 2297 ΜΒ,
370 2268 424 2298 sed
439 2277 505 2297 non
520 2268 602 2297 bene
618 2268 782 2307 interpun-
827 2267 890 2298 Ms.
907 2277 971 2306 reg.
987 2267 1055 2297 Par.

85 2311 143 2345 xit,
169 2316 202 2338 at
228 2309 372 2340 dissolvit.
396 2311 470 2340 idem
493 2311 564 2340 mihi
579 2322 608 2352 q.
624 2321 653 2340 n.
668 2321 704 2340 v.
727 2311 782 2340 nisi
870 2318 908 2341 45
925 2317 951 2339 et
967 2308 1110 2350 fferam]
1131 2310 1315 2349 Legendum
1334 2309 1469 2350 effictum,
1485 2318 1523 2340 ut

85 2352 214 2388 videret,
232 2353 310 2382 forte
325 2353 460 2383 vidisset.
823 2353 890 2391 jam
906 2354 1033 2383 Manut.
1050 2354 1155 2383 edidit.
1193 2353 1304 2382 Graece
1316 2353 1522 2392 ἒναπαμεμαγ-

127 2402 163 2425 41
184 2405 272 2424 nonne
290 2396 440 2436 putarem]
459 2407 546 2426 nonne
568 2406 623 2436 pro
645 2407 682 2424 an
706 2407 780 2434 n0n3
824 2395 905 2433 μένῃ,
929 2394 1215 2432 ἐναποτετυπωμένη,
1239 2396 1522 2436 ἐναπεσφραγισμὲγη

84 2438 208 2468 videtur
222 2439 266 2468 sic
281 2439 396 2468 dixisse
411 2440 485 2478 quia
501 2441 679 2478 quaesierat,
695 2451 783 2469 nonne
825 2441 910 2478 apud
933 2440 1093 2469 Laertium
1117 2439 1206 2468 Zeno
1229 2439 1302 2468 Citt.
1320 2449 1351 2470 n.
1370 2447 1408 2470 50
1425 2448 1455 2470 et
1473 2448 1523 2471 51.

79 2487 180 2521 putas.
228 2482 266 2511 ln
291 2482 436 2522 tantisque
462 2482 563 2512 studiis
589 2482 705 2521 copula
730 2484 782 2512 de·
825 2492 899 2522 quae
914 2483 1064 2523 expressit
1078 2484 1187 2512 omnia
1205 2481 1324 2512 Cicero.

85 2524 178 2553 lenda
207 2525 339 2554 videtur.
364 2534 441 2560 nam
470 2525 573 2555 studia
602 2535 668 2554 non
695 2535 782 2564 quae·
869 2530 909 2555 46
926 2525 1011 2567 quale
1025 2522 1215 2565 velsalsum]
1235 2525 1347 2556 Addidi
1364 2535 1440 2555 cum
1458 2526 1522 2556 Da-

86 2573 171 2602 runt,
188 2567 241 2596 sed
256 2567 384 2605 ingenia
400 2568 524 2607 magnis
539 2568 661 2601 studiis.
826 2568 903 2599 visio
924 2567 986 2607 vel,
1003 2570 1088 2608 quod
1110 2575 1141 2598 et
1163 2569 1232 2598 edd.
1248 2575 1321 2598 vett.
1344 2570 1476 2605 habent,
1494 2575 1524 2599 et

127 2616 168 2639 42
181 2608 283 2648 paullo
290 2616 356 2648 post
371 2609 487 2650 videro]
506 2611 558 2640 An
574 2610 686 2640 viclebo.
827 2621 903 2641 mox
920 2621 1047 2651 quoque
1062 2612 1198 2642 additur.

130 2657 168 2682 4³
186 2663 238 2680 non
255 2652 336 2681 modo
349 2652 536 2693 expresserat]
556 2654 576 2683 i.
593 2663 620 2684 e.
637 2660 783 2684 accurate
870 2660 908 2689 47
927 2661 959 2683 ut
979 2653 1188 2693 ejusdemmodt]
1215 2654 1266 2684 Sic
1290 2654 1428 2694 rescripsi
1445 2664 1461 2684 e
1476 2664 1524 2685 se-

87 2694 268 2732 disputarat.
284 2705 314 2724 v.
331 2695 419 2725 Clav.
826 2698 998 2737 quentibus
1014 2707 1069 2737 pro
1086 2697 1228 2737 q'usmadi.

131 2743 171 2766 44
188 2737 277 2766 Nihil
289 2738 439 2779 opinatur]
456 2738 601 2769 Davisius
617 2739 712 2769 edidit
723 2739 783 2778 opi·
871 2747 910 2772 48
937 2753 953 2769 α
970 2740 1053 2782 falso
1072 2747 1163 2779 pessel
1187 2737 1257 2780 esse]
1287 2740 1391 2780 Vulgo
1415 2741 1523 2771 vitiose

88 2784 232 2810 natm-um.
256 2790 345 2819 posse
360 2783 455 2811 etiam
472 2781 532 2821 legi
549 2781 723 2820 opinabitur.
739 2782 785 2811 al·
821 2783 924 2823 possit.

89 2827 243 2852 {erutrum
273 2824 403 2862 quidem
430 2834 542 2855 verum
568 2832 624 2855 est.
648 2825 726 2856 illud
754 2832 785 2854 et

834 2879 905 2909 132
