1778 3095
596 107 776 145 LIBER
811 108 1055 147 PRIMUS.
1468 120 1543 152 255

112 215 248 256 inesse
268 214 310 255 in
330 214 478 256 animis
498 214 718 254 hominum
740 213 877 254 divina
896 213 1116 270 quaedam:
1148 228 1242 269 quae
1265 216 1299 256 si
1318 230 1546 272 cernerem,

111 271 470 326 quemadmodum
502 270 614 310 nasei
644 280 831 325 possent,
851 270 994 321 etiam,
1014 270 1373 326 quemadmodum
1402 274 1546 317 interi-

113 336 220 377 rent,
250 327 443 368 viderem.
475 341 569 366 nam
599 326 863 381 sanguinem,
893 327 1039 377 bilem,
1068 327 1280 382 pituitam,
1311 343 1421 379 ossa,
1452 346 1545 372 ner-

113 398 199 434 vos,
229 398 364 432 venas,
396 396 564 423 omnem
596 381 778 438 denique
808 384 1091 434 memborum,
1122 393 1165 425 et
1198 384 1327 425 totius
1357 388 1546 440 corporis

114 439 292 495 figuram
328 438 468 479 videor
501 453 625 493 posse
657 439 809 490 dicere,
844 439 956 481 unde
983 450 1194 491 concreta,
1223 450 1265 482 et
1295 456 1380 496 quo
1414 444 1546 485 modo

113 496 224 538 facta
256 497 350 537 sint.
383 501 420 529 96
442 495 547 550 [per]
574 495 760 537 animum
792 497 946 552 ipsum,
981 497 1015 537 si
1044 496 1147 537 nihil
1176 507 1284 538 esset
1312 499 1351 538 in
1381 513 1446 549 eO,
1468 499 1548 540 nisi

113 553 169 604 id,
191 562 236 594 ut
256 567 328 607 per
347 566 444 592 eum
465 551 707 602 viveremus,
729 563 816 593 tam
838 562 987 594 natura
1005 562 1198 608 putarem
1220 553 1402 595 hominis
1418 555 1546 596 vitam

114 609 349 659 sustentari,
370 623 498 665 quam
529 609 636 659 vitis,
657 623 784 663 quam
815 610 989 651 arboris.
1021 610 1112 650 haec
1141 611 1254 651 enim
1285 612 1412 651 etiam
1441 612 1546 653 dici-

114 680 207 706 mus
229 666 375 706 vivere.
407 665 507 705 item
529 666 562 706 si
577 664 678 705 nihil
702 665 875 707 haberet
893 667 1058 707 animus
1089 666 1286 715 hominis,
1308 668 1384 708 nisi
1406 677 1452 709 ut
1473 683 1548 724 ap-

112 731 290 778 peteret,
310 731 383 762 aut
403 722 630 776 refugeret,
651 721 692 762 id
722 737 891 778 quoque
918 732 1028 764 esset
1048 723 1087 764 ei
1106 738 1332 764 commune
1352 739 1450 765 cum
1472 726 1547 766 be-

112 778 215 819 stiis.
274 779 419 819 Habet
448 779 633 833 primum
665 780 929 831 memoriam,
960 790 1003 820 et
1032 794 1122 820 eam
1158 780 1377 831 infinitam,
1407 796 1546 823 rerum
1560 794 1610 834 57

111 834 494 876 innumerabilium.
545 850 671 890 quam
712 835 882 891 quidem
922 837 1040 877 Plato
1085 836 1420 878 recordationem
1459 853 1549 880 esse

113 890 200 932 vult
224 892 447 947 superioris
466 891 574 932 vitae.
598 907 695 932 nam
715 892 758 932 in
777 891 850 933 illo
871 892 992 943 libro,
1016 893 1087 948 qui
1107 893 1348 935 inscribitur
1371 896 1550 947 Menon,

112 948 335 1003 pusionem
365 948 573 1004 quendam
606 949 798 989 Socrates
819 949 1051 1004 interrogat
1072 950 1267 1004 quaedam
1292 952 1552 1006 geometrica

114 1003 166 1045 de
185 1004 444 1046 dimensione
464 1005 670 1061 quadrati.
702 1005 754 1046 ad
775 1020 824 1046 ea
844 1006 902 1046 sic
923 1005 993 1046 ille
1013 1006 1256 1061 respondet,
1278 1018 1327 1048 ut
1347 1023 1449 1063 puer
1467 1026 1476 1050 :
1508 1019 1551 1050 et

113 1069 255 1102 tamen
289 1062 348 1103 ita
379 1062 521 1103 faciles
553 1061 904 1117 interrogationes
936 1072 1046 1114 sunt,
1067 1072 1114 1104 ut
1134 1063 1344 1118 gradatim
1374 1079 1550 1121 respon-

114 1117 216 1159 dens
252 1128 288 1156 97
308 1118 457 1159 eodem
496 1119 722 1174 perveniat,
757 1133 843 1174 quo
875 1120 908 1159 si
944 1121 1205 1174 geometrica
1238 1119 1465 1162 didicisset.
1500 1136 1551 1162 ex

145 1189 202 1215 uo
222 1175 327 1215 effici
347 1175 435 1216 vult
456 1176 664 1226 Socrates,
685 1186 732 1216 ut
752 1176 925 1226 discere,
949 1176 1052 1216 nihil
1078 1176 1193 1217 aliud
1223 1177 1289 1228 sit,
1312 1178 1389 1218 nisi
1411 1193 1551 1219 recor-

115 1189 218 1271 dari.
250 1245 376 1287 quem
397 1232 537 1273 locum
560 1231 697 1272 multo
717 1232 843 1272 etiam
864 1233 1099 1273 accuratius
1130 1233 1311 1288 explicat
1332 1234 1373 1274 in
1394 1249 1445 1275 eo
1466 1249 1552 1276 ser-

115 1302 257 1337 mone,
283 1302 409 1343 quem
442 1287 591 1328 habuit
619 1302 670 1329 eo
700 1289 791 1343 ipso
821 1289 903 1339 die,
924 1303 1009 1344 quo
1039 1291 1218 1331 excessit
1238 1304 1260 1331 e
1288 1290 1394 1331 vita:
1426 1291 1554 1333 docet

116 1344 244 1394 enim,
265 1344 465 1399 quemviS,
487 1345 558 1400 qui
578 1344 770 1386 omnium
791 1360 930 1387 rerum
960 1345 1075 1386 rudis
1105 1361 1195 1387 esse
1223 1346 1425 1398 videatur,
1445 1348 1553 1389 bene

117 1400 396 1456 interroganti
416 1402 756 1456 respondentem,
778 1402 1003 1452 declarare,
1024 1417 1067 1442 se
1089 1417 1173 1443 non
1195 1414 1287 1444 tum
1317 1403 1389 1444 illa
1416 1403 1552 1445 disce-

115 1471 174 1507 re,
197 1457 270 1497 sed
291 1457 596 1498 reminiscendo
626 1471 931 1513 recognoscere
949 1476 958 1499 ι
991 1473 1066 1499 nec
1087 1473 1184 1500 vero
1205 1460 1290 1500 fieri
1311 1460 1400 1501 ullo
1420 1461 1552 1502 modo

113 1527 252 1568 posse,
274 1523 321 1553 ut
339 1527 364 1553 a
384 1513 523 1568 pueris
546 1523 610 1554 tot
628 1528 783 1564 rerum,
805 1524 932 1570 atque
953 1524 1164 1556 tantarum
1187 1516 1345 1566 insitas,
1365 1527 1408 1558 et
1433 1519 1552 1572 quasi

113 1569 383 1625 consignatas
416 1570 458 1610 in
489 1570 639 1610 animis
671 1571 878 1621 notiones,
898 1586 1002 1626 quas
1033 1571 1163 1620 ἐννοίας
1193 1585 1357 1623 vocant,
1380 1573 1598 1615 habere—b.

114 1640 223 1677 mus,
244 1625 322 1666 nisi
352 1626 530 1677 animus,
551 1635 775 1682 antequam
806 1627 848 1667 in
878 1642 1034 1682 corpus
1063 1628 1313 1680 intravisset,
1334 1630 1375 1670 in
1408 1646 1550 1671 rerum

114 1681 359 1738 cognitione
379 1682 593 1738 viguisset.
655 1691 693 1718 98
714 1683 912 1739 Cumque
934 1684 1037 1725 nihil
1058 1695 1182 1736 esset,
1201 1694 1249 1726 ut
1270 1686 1466 1727 omnibus
1488 1686 1551 1728 lo-
1565 1698 1616 1730 58

113 1739 173 1780 cis
208 1754 233 1779 a
266 1739 437 1780 Platone
472 1739 702 1792 disseritur,
743 1741 863 1793 (nihil
898 1741 1008 1782 enim
1044 1741 1115 1782 ille
1147 1751 1268 1797 putat
1300 1757 1405 1794 esse,
1438 1744 1554 1799 quod

115 1795 274 1837 oriatur
305 1805 348 1837 et
378 1796 566 1847 intereat,
588 1796 716 1852 idque
748 1797 886 1838 solum
918 1812 1023 1848 esse,
1045 1799 1160 1853 quod
1192 1813 1356 1854 semper
1381 1800 1465 1841 tale
1486 1802 1554 1851 sit,

118 1860 157 1886 99
171 1851 338 1908 qualem
369 1852 506 1894 ideam
537 1854 721 1908 appellat
751 1854 836 1905 ille,
857 1869 934 1895 nos
967 1856 1165 1909 speciem)
1190 1871 1273 1897 non
1304 1857 1444 1911 potuit
1465 1858 1554 1898 ani-

117 1921 212 1950 mus
233 1909 324 1950 haec
345 1908 385 1949 in
406 1924 581 1965 corpore
611 1910 798 1951 inclusus
828 1925 1058 1966 agnoscere
1078 1928 1087 1953 :
1119 1913 1293 1967 cognita
1318 1913 1474 1955 attulit.
1505 1928 1556 1954 ex

117 1979 204 2020 quo
224 1975 312 2006 tam
333 1966 561 2007 multarum
584 1981 724 2008 rerum
745 1968 1001 2023 cognitionis
1022 1969 1244 2010 admiratio
1272 1969 1450 2011 tollitur.
1479 1984 1555 2011 ne-

117 2036 200 2077 que
232 2036 282 2062 ea
312 2022 435 2077 plane
467 2022 578 2063 videt
607 2024 786 2074 animus,
815 2039 914 2065 cum
945 2035 1032 2065 tam
1064 2035 1234 2081 repente
1263 2027 1305 2067 in
1335 2027 1556 2068 insolitum

116 2086 289 2134 tamque
330 2079 622 2133 perturbatum
662 2080 923 2122 domicilium
961 2082 1229 2138 immigravit,
1266 2083 1338 2124 sed
1378 2099 1477 2124 cum
1514 2097 1558 2124 se

115 2134 292 2190 collegit
312 2144 439 2191 atque
458 2136 668 2186 recreavit,
691 2146 780 2178 tum
803 2139 997 2193 agnoscit
1017 2138 1087 2179 illa
1106 2139 1430 2181 reminiscendo.
1492 2141 1558 2181 Ita
1569 2152 1620 2193 59

118 2190 222 2232 nihil
256 2192 371 2233 aliud
407 2203 471 2234 est
509 2193 683 2243 discere,
723 2194 802 2234 nisi
836 2195 1058 2235 reeordari.
1097 2210 1179 2251 ego
1217 2206 1359 2238 autem
1397 2197 1559 2252 majore

116 2248 243 2288 etiarn
276 2249 463 2305 quodam
494 2249 623 2290 modo
656 2251 904 2292 memoriam
936 2251 1134 2293 admiror.
1166 2252 1268 2308 quid
1287 2263 1351 2294 est
1372 2254 1485 2294 enim
1505 2253 1558 2293 il-

117 2303 205 2355 lud,
240 2320 326 2361 quo
359 2306 660 2348 meminimus?
695 2316 767 2348 aut
800 2322 927 2363 quam
958 2308 1085 2348 habet
1121 2309 1235 2349 vim?
1265 2318 1325 2341 100
1339 2321 1413 2351 aut
1446 2308 1559 2350 unde

161 2479 200 2507 96
224 2481 277 2514 per
302 2475 430 2504 animum
444 2473 550 2514 ipsum]
579 2475 755 2505 Molestum
771 2482 818 2505 est
859 2477 936 2515 peri.

119 2517 152 2548 h.
172 2517 194 2547 l.
209 2524 273 2556 per.
319 2517 517 2548 Camerarius
544 2519 717 2557 corrigebat
734 2525 816 2558 prae-
903 2526 941 2552 98
964 2518 1094 2561 Cumque
1116 2519 1194 2549 nihil
1213 2520 1295 2560 esset]
1315 2521 1490 2560 Reliquum
1514 2528 1561 2553 est

117 2567 207 2597 terea,
236 2560 350 2591 melius
377 2560 525 2591 Davisius
551 2561 683 2591 delevit:
716 2571 816 2600 quem
859 2564 891 2592 in
916 2563 1107 2602 parenthesi,
1134 2570 1164 2593 et
1191 2574 1231 2594 ex
1254 2574 1291 2594 ea
1315 2564 1561 2604 intelligendum

118 2611 191 2634 Sum
223 2604 376 2640 imitatus,
407 2604 483 2642 qula
512 2614 578 2634 non
611 2612 657 2635 est
687 2605 719 2634 in
750 2605 813 2635 Ms.
859 2606 935 2647 quod
948 2606 1072 2634 oriretur
1087 2613 1114 2634 et
1129 2607 1271 2637 interiret.

119 2645 226 2676 Guelf.
902 2655 941 2681 99
957 2648 1072 2689 qualem
1089 2649 1181 2678 ideam
1196 2662 1226 2681 α.
1238 2649 1272 2689 ι’.]
1290 2650 1369 2681 Puto
1385 2650 1559 2690 legendum

163 2695 199 2723 97
232 2688 324 2718 eodem
348 2687 522 2729 perveniat]
551 2690 683 2730 Semper
708 2691 815 2730 putavi
858 2701 958 2732 quam.

120 2740 161 2766 eo,
176 2739 221 2761 sc.
236 2741 300 2771 quo
321 2731 470 2762 tendebat
493 2732 645 2770 Socrates,
669 2741 725 2763 aut
747 2740 817 2772 post
905 2741 964 2765 100
990 2741 1043 2763 aut
1066 2734 1139 2763 unde
1166 2735 1320 2776 naturam]
1348 2742 1455 2764 natura
1485 2734 1562 2773 quid

120 2781 200 2803 curn
224 2774 333 2804 Lamb.
358 2774 531 2814 legendum
557 2787 611 2817 quo
633 2776 657 2805 si
678 2787 710 2815 g.
727 2776 755 2806 d.
781 2784 817 2806 ut
859 2777 913 2806 hic
929 2778 980 2812 sit,
997 2787 1094 2807 nemo
1109 2778 1209 2807 dicat:
1229 2779 1306 2809 Mss.
1323 2788 1373 2818 ap.
1390 2778 1560 2807 Davisium

119 2815 215 2845 edidit
236 2816 344 2848 Davis.
360 2826 448 2848 nunc
463 2825 494 2848 et
510 2819 541 2848 in
558 2818 621 2849 Ms.
639 2818 747 2850 Guelf.
771 2829 818 2849 te·
859 2820 991 2855 habent,
1006 2821 1092 2860 quod
1116 2821 1293 2852 Lambinus
1316 2821 1493 2860 conjecerat
1508 2830 1562 2848 na-
