1778 3095
565 146 748 184 LIBER
777 146 1115 184 SECUNDUS.
1479 153 1557 196 477

126 257 169 304 ’m
189 257 284 298 altis
313 268 537 311 corporum
568 253 758 308 partibus
787 253 1006 295 collocatae
1037 262 1148 296 sunt.
1210 255 1404 309 Itemque
1422 271 1557 309 nares,

124 328 176 355 eo
198 313 312 369 quod
332 312 468 354 omnis
487 309 593 351 odor
612 316 649 341 61
667 309 720 350 ad
747 323 899 364 supera
930 310 1076 361 fertur,
1097 317 1210 352 recte
1238 324 1405 352 sursum
1432 322 1556 356 sunt:

124 378 168 411 et
194 370 310 426 quod
337 369 419 410 cibi
448 375 491 408 et
518 366 704 422 potionis
727 365 938 422 judicium
968 381 1172 422 magnum
1203 381 1349 408 earum
1374 376 1451 418 est,
1472 384 1557 411 non

126 427 214 468 sine
234 441 360 468 causa
378 423 606 465 vicinitates
628 423 711 464 oris
732 431 886 463 secutae
907 431 1018 463 sunt.
1075 424 1171 464 Jam
1193 432 1407 479 gustatUS,
1429 431 1468 456 6⁶2
1484 427 1557 480 qui

125 484 278 524 sentire
298 495 459 531 eorum,
480 480 632 535 quibus
654 480 872 529 vescimur,
894 494 1052 535 genera
1082 479 1222 530 debet,
1242 480 1406 521 habitat
1436 481 1480 521 in
1509 497 1558 522 ea

126 549 244 595 parte
266 539 362 589 oris,
383 551 466 593 qua
484 536 723 587 esculentis,
745 543 782 568 63
802 546 845 577 et
864 536 1095 591 potulentis
1116 536 1196 577 iter
1221 545 1368 577 natura
1395 538 1557 592 patefe-

123 597 196 638 cit.
253 596 408 636 Tactus
441 601 584 634 autem
615 601 707 634 toto
743 607 920 648 corpore
954 592 1216 648 aequabiliter
1252 593 1369 634 fusus
1400 603 1478 644 est,
1509 603 1558 635 ut

125 667 272 694 omnes
292 651 414 701 ictus,
436 664 669 706 omnesque
699 650 851 691 nimios
882 658 925 691 et
952 649 1134 705 frigoris,
1156 658 1198 690 et
1228 649 1377 690 caloris
1407 651 1558 706 appul-

124 724 194 750 sus
230 715 269 739 64
283 707 435 748 sentire
474 721 706 762 possemus.
764 707 923 762 Atque,
958 716 1005 747 ut
1044 707 1083 747 in
1119 705 1303 747 aedificiis
1340 707 1559 749 architecti

123 774 313 806 avertunt
333 764 386 804 ab
406 763 554 814 oculis,
569 772 611 804 et
628 763 797 805 naribus
817 763 1088 804 dominorum
1111 777 1174 813 ea,
1192 778 1286 818 quae
1305 763 1559 818 profluentia

127 820 360 863 necessario
381 820 490 860 taetri
510 829 649 861 essent
669 820 828 876 aliquid
848 820 1043 861 habitura
1062 837 1071 861 :
1104 820 1162 860 sic
1185 830 1334 860 natura
1354 835 1418 861 res
1441 820 1557 860 simi-

123 878 182 919 les
214 877 364 933 procul
392 877 630 918 amandavit
653 891 678 917 a
703 877 907 918 sensibus.
967 877 1075 919 Quis
1105 891 1202 917 vero
1233 877 1387 931 opifeX,
1407 884 1559 932 praeter
1573 880 1638 933 57

123 943 331 985 naturam,
362 948 445 990 qua
474 933 575 973 nihil
608 941 747 987 potest
776 947 868 973 esse
897 933 1105 983 callidius,
1135 942 1294 974 tantam
1326 933 1555 974 sollertiam
1573 954 1644 987 142

123 991 318 1047 persequi
346 990 554 1046 potuisset
582 990 624 1029 in
655 990 876 1030 sensibus?
910 1005 1004 1045 quae
1035 990 1219 1045 primum
1247 990 1394 1031 oculos
1421 1004 1558 1031 mem-

125 1047 265 1088 branis
295 1046 550 1087 tenuissimis
571 1047 748 1097 vestivit,
769 1056 811 1087 et
837 1047 993 1102 sepsit:
1026 1061 1130 1101 quas
1159 1046 1345 1102 primum
1376 1047 1559 1102 perluci-

123 1104 199 1145 das
219 1105 332 1154 fecit,
353 1113 401 1144 ut
421 1117 494 1158 per
521 1117 590 1143 eas
619 1103 731 1144 cerni
760 1114 900 1158 posset
921 1120 930 1153 3
965 1103 1102 1144 firmas
1125 1114 1281 1154 autem,
1301 1112 1349 1144 ut
1369 1104 1560 1145 contine—

125 1170 280 1202 rentur.
350 1159 433 1200 Sed
453 1159 638 1200 lubricos
660 1159 808 1201 oculos
831 1160 945 1211 fecit,
967 1169 1010 1201 et
1030 1160 1224 1210 mobiles,
1246 1169 1294 1200 ut
1313 1169 1357 1201 et
1375 1160 1560 1202 declina-

123 1225 229 1268 rent,
251 1216 389 1273 siquid
419 1226 618 1257 noceret:
649 1225 693 1258 et
719 1216 982 1272 adspectum,
1003 1227 1090 1272 quo
1124 1217 1292 1267 vellent,
1312 1216 1435 1258 facile
1456 1231 1560 1258 con-

122 1283 344 1315 verterent.
374 1273 567 1328 aciesque
588 1273 691 1328 ipsa,
713 1288 795 1329 qua
816 1274 1040 1324 cernimus,
1061 1289 1155 1330 quae
1184 1273 1344 1328 pupula
1371 1283 1560 1325 vocatur,

124 1331 184 1371 ita
201 1345 326 1386 parva
347 1339 424 1380 est,
445 1339 493 1371 ut
511 1344 574 1380 ea,
593 1345 688 1385 quae
716 1344 867 1371 nocere
900 1331 1075 1385 possint,
1097 1330 1219 1371 facile
1248 1330 1350 1371 vitet
1371 1347 1380 1371 z
1411 1330 1560 1386 palpe-

125 1387 313 1443 braeque,
333 1402 426 1442 quae
457 1396 555 1427 sunt
586 1397 803 1442 tegmenta
834 1387 1072 1438 oculorum,
1094 1394 1132 1419 65
1147 1386 1407 1427 mollissimae
1428 1395 1560 1438 tactu,

102 1474 106 1483 f
124 1458 176 1484 ne
195 1443 397 1484 laederent
416 1443 565 1494 aciem,
582 1444 796 1499 aptissime
815 1444 937 1484 factae
957 1452 1000 1484 et
1019 1444 1072 1484 ad
1092 1443 1346 1485 claudendas
1364 1444 1559 1499 pupulas,
1572 1463 1601 1492 p.
1617 1461 1668 1485 55.

126 1515 178 1541 ne
196 1500 299 1556 quid
320 1499 533 1550 incideret,
555 1509 598 1540 et
616 1499 667 1540 ad
690 1500 936 1556 aperiendas
956 1519 964 1542 ε
997 1500 1121 1556 idque
1137 1500 1329 1556 providit,
1347 1509 1392 1541 ut
1409 1500 1562 1541 identi-
1571 1505 1602 1528 ὃ·

124 1556 219 1597 dem
254 1557 339 1596 fieri
370 1566 513 1611 posset
542 1571 640 1597 cum
672 1557 856 1598 maxima
884 1557 1111 1598 celeritate.
1170 1557 1439 1612 Munitaeque
1463 1566 1563 1600 sunt
1577 1568 1649 1603 142

123 1613 336 1669 palpebrae
355 1621 572 1668 tamquam
596 1612 702 1654 vallo
723 1613 903 1668 pilorum
926 1631 935 1655 z
968 1614 1136 1669 quibus,
1158 1623 1200 1654 et
1229 1614 1382 1668 apertis
1411 1614 1561 1666 oculis,

124 1675 164 1701 66
182 1670 218 1711 si
249 1669 353 1725 quid
383 1670 601 1720 incideret,
632 1670 903 1725 repelleretur
920 1686 931 1721 3
967 1680 1009 1711 et
1042 1685 1192 1711 somno
1226 1670 1562 1722 conniventibus,

124 1740 224 1767 cum
246 1726 380 1767 oculis
402 1726 456 1767 ad
477 1726 735 1768 cernendum
758 1742 841 1768 non
861 1741 1097 1782 egeremus,
1120 1733 1156 1763 67
1170 1735 1218 1767 ut
1238 1726 1325 1782 qui,
1342 1735 1563 1783 tamquam

123 1782 317 1834 involuti,
353 1783 629 1838 quiescerent.
691 1785 844 1825 Latent
875 1793 1077 1839 praeterea
1109 1783 1281 1833 utiliter,
1312 1792 1355 1824 et
1389 1784 1564 1825 excelsis

123 1839 310 1895 undique
330 1839 519 1894 partibus
539 1840 773 1894 sepiuntur.
823 1841 1009 1882 Primum
1029 1841 1140 1882 enim
1163 1841 1393 1895 superiora,
1415 1855 1564 1896 super—

125 1895 232 1937 ciliis
251 1896 452 1947 obducta,
473 1896 668 1937 sudorem
696 1912 720 1937 a
746 1898 896 1952 capite,
918 1906 960 1938 et
989 1912 1014 1938 a
1042 1898 1180 1938 fronte
1212 1897 1467 1938 defluentem
1498 1911 1566 1938 re-

100 1952 303 2049 {cnunc
363 1953 495 1993 Genae
517 1953 668 1994 deinde
689 1954 742 1994 ab
762 1953 958 1995 inferiore
986 1964 1106 2009 parte
1134 1962 1326 1995 tutantur
1346 1954 1565 2010 subjectae,

142 2008 352 2064 eviterque
384 2010 641 2050 eminentes.·
687 2011 829 2051 Nasus
849 2011 908 2051 ita
928 2010 1090 2052 locatus
1111 2020 1189 2060 est,
1209 2018 1257 2051 ut
1278 2011 1398 2066 quasi
1418 2025 1565 2052 murus

126 2065 260 2106 oculis
281 2066 524 2122 interjectus
544 2080 634 2107 esse
651 2066 854 2108 videatur.
884 2067 1070 2109 Auditus
1086 2076 1226 2108 autem
1247 2082 1412 2122 semper
1434 2076 1564 2123 patet.
1581 2082 1654 2117 144

125 2121 216 2178 ejus
239 2122 351 2163 enim
372 2137 496 2163 sensu
517 2123 645 2163 etiam
667 2123 921 2164 dormientes
943 2139 1134 2180 egemus.
1164 2138 1189 2165 a
1209 2139 1295 2179 quo
1317 2138 1416 2165 cum
1437 2139 1565 2165 sonus

169 2247 205 2271 61
231 2241 272 2270 ad
292 2248 392 2280 supera
404 2241 522 2282 fertur]
551 2242 627 2272 Mss.
655 2242 758 2281 plures
778 2249 822 2272 et-
867 2249 938 2272 turn
955 2249 1001 2271 est
1017 2242 1097 2271 infra
1113 2251 1141 2271 c.
1156 2245 1209 2272 60·

125 2286 189 2315 iam
207 2284 315 2314 Guelf.
331 2292 361 2314 et
377 2285 446 2314 edd.
464 2293 538 2314 vett.
556 2285 711 2323 superiora.
911 2289 949 2315 65
975 2284 1150 2313 mollissimae
1167 2282 1438 2322 tactu—aptissime
1446 2282 1565 2324 factet]

168 2332 207 2358 62
232 2327 282 2368 qui
305 2327 545 2366 sentire—debet]
576 2328 627 2357 Sic
654 2329 724 2357 edd.
749 2334 823 2357 vett.
868 2328 899 2357 Si
926 2337 999 2358 vera
1025 2335 1071 2357 est
1097 2327 1204 2362 lectio,
1229 2327 1343 2365 pendet
1369 2335 1388 2355 a
1403 2325 1579 2368 palpebra„

126 2370 205 2401 Ven.
231 2378 322 2404 1494.
347 2371 479 2401 Mediol.
506 2372 636 2401 Ascens.
664 2372 735 2401 ΑΜ.
765 2372 822 2400 ὅτε,

125 2419 219 2444 recte.
255 2413 360 2453 Vulgo
376 2414 461 2444 male
476 2413 597 2444 deberet.

168 2461 207 2486 63
232 2463 260 2485 et
270 2455 442 2496 purulentis]
461 2458 511 2487 Sic
529 2457 608 2487 Mss.
625 2457 763 2496 plerique
780 2463 824 2486 et-

126 2498 190 2528 iam
208 2499 314 2528 Guelf.
331 2507 361 2529 et
381 2501 451 2530 edd.
469 2506 544 2529 vett.
561 2501 620 2530 nisi
636 2501 720 2539 quod
737 2510 824 2539 quae-

125 2542 199 2570 dam
224 2542 342 2572 habent
360 2543 531 2581 poculentis,
548 2550 584 2573 ut
606 2543 687 2573 Ven.
710 2550 739 2573 et
764 2544 823 2572 Bo-

126 2594 203 2614 nom
223 2591 315 2617 1494.
332 2586 462 2616 Mediol.
483 2586 556 2617 Ald.
578 2587 664 2625 quod
688 2593 719 2616 et
740 2587 824 2626 apud

126 2627 202 2657 alios
219 2634 362 2657 auctores
381 2627 496 2659 latinos
520 2631 682 2668 reperitur,
699 2631 752 2660 sed
769 2631 824 2666 ita,

126 2676 163 2699 ut
179 2670 257 2701 Mss.
274 2670 406 2708 varient,
423 2679 453 2701 et
475 2672 527 2702 alii
551 2673 720 2712 pluresque
737 2680 825 2713 potu-

127 2712 235 2743 lentum
251 2714 400 2743 habeant.

172 2761 211 2786 64
234 2756 339 2786 sentire
365 2755 516 2796 possimus]
551 2757 635 2788 Quia
664 2759 779 2799 pendet
809 2759 827 2786 ὲ,

117 2798 208 2838 susus
223 2806 276 2836 est,
294 2799 465 2838 legendum
481 2806 527 2829 est
536 2806 689 2838 possemus.
712 2803 758 2832 sic
772 2811 825 2831 su-

129 2851 203 2879 pra:
228 2853 270 2871 eos
293 2849 394 2871 erectos
414 2842 576 2877 constituit,
594 2850 626 2872 ut
648 2844 762 2874 deorum
783 2855 826 2873 co-

125 2884 283 2923 gnitionem
299 2891 399 2926 capere
409 2891 533 2924 possent.
557 2886 701 2916 similiter
717 2896 826 2927 peeca-

868 2371 921 2400 sed
947 2371 1049 2410 aptius
1074 2371 1252 2399 referuntur
1277 2370 1347 2398 haec
1371 2370 1409 2399 ad
1432 2369 1569 2400 vicinius

869 2420 1044 2452 tegumenta,
1064 2413 1148 2442 unde
1171 2412 1345 2451 legendum
1368 2413 1475 2443 visum
1497 2412 1569 2442 mol-

869 2456 978 2485 lissima
995 2456 1122 2496 etfacta
1139 2456 1280 2485 Davisio.

905 2504 944 2529 66
958 2500 982 2528 si
995 2499 1068 2541 quid
1077 2498 1227 2535 incideret,
1240 2495 1436 2537 repelleretur]
1451 2497 1568 2527 Malim

868 2541 1068 2581 depelleretur,
1086 2543 1163 2571 item
1187 2551 1262 2571 mox
1287 2553 1305 2569 a
1317 2540 1422 2581 fronte
1442 2540 1569 2581 defluen-

868 2592 924 2614 tem
940 2584 1085 2625 depellunt
1101 2594 1156 2624 pro
1177 2583 1327 2624 repellunt.
1352 2593 1430 2613 nam
1454 2584 1495 2612 ita
1518 2581 1579 2613 Ci-'

868 2638 940 2658 cero
956 2635 986 2658 et
1001 2628 1077 2658 alibi
1094 2635 1124 2658 et
1139 2634 1186 2658 est
1201 2628 1317 2667 aptius.
1339 2637 1370 2657 v.
1388 2627 1420 2655 in
1437 2627 1502 2656 fine
1518 2636 1571 2656 ca·

868 2672 953 2711 pitis:
971 2672 1114 2700 humorem
1129 2671 1170 2699 ad
1177 2670 1332 2711 pulverem
1345 2668 1493 2710 multaque
1508 2668 1569 2698 alia

868 2714 1033 2754 depellenda
1047 2725 1100 2743 non
1115 2713 1259 2744 inutilem.

914 2763 951 2792 67
978 2764 1011 2786 ut
1027 2756 1090 2798 qui]
1115 2757 1187 2787 Hoc
1203 2765 1329 2795 semper
1343 2755 1492 2785 vitiosum
1511 2763 1576 2793 pu<

869 2801 930 2830 tavi
951 2800 1203 2840 delendumque.
1225 2807 1285 2829 nec
1300 2805 1411 2828 tamen
1426 2797 1570 2835 displicet

868 2844 990 2873 Davisii
1016 2843 1203 2880 conjectura
1228 2848 1261 2871 ut
1286 2841 1431 2877 delentis,
1460 2847 1491 2869 et
1514 2849 1569 2878 pro

869 2887 920 2926 qui
936 2887 1115 2927 reponentis
1130 2886 1161 2915 hi
1175 2884 1227 2916 vel
1242 2884 1277 2913 ii.
