1778 3095
566 46 742 85 LIBER
770 45 1079 84 QUARTUS.
1458 52 1534 86 353

111 159 251 195 metus
270 153 559 203 inconstantia,
579 152 880 203 imbecillitate,
900 152 1066 194 levitate
1095 150 1319 192 dicendum
1347 162 1437 194 est:
1469 162 1535 196 ta·-

111 224 210 251 men
231 211 414 253 multum
439 210 622 266 prodest,
642 224 706 261 ea,
731 224 824 264 quae
852 216 1114 259 metuuntur,
1134 208 1224 263 ipsa
1250 218 1532 252 contemnere.

111 265 274 322 Itaque,
295 268 377 309 sive
408 282 507 308 casu
533 265 700 317 accidit,
721 267 804 306 sive
834 265 1025 316 consilio,
1044 265 1345 321 percommode
1373 266 1532 308 factum

108 332 186 373 est,
207 324 321 379 quod
340 324 398 365 eis
419 323 470 364 de
490 323 627 373 rebus,
651 337 744 377 quae
763 323 945 363 maxime
964 329 1223 372 metuuntur,
1245 321 1296 363 de
1317 330 1468 372 morte,
1489 333 1533 364 et

107 378 161 419 de
189 380 334 421 dolore
362 380 512 435 primo,
540 388 583 420 et
609 378 801 434 proximo
832 378 899 419 die
926 378 1188 433 disputatum
1223 387 1300 419 est.
1358 379 1466 434 Quae
1497 379 1532 419 si

103 437 283 490 probata
302 446 412 486 sunt,
433 445 550 476 metu
578 449 732 490 magna
762 450 814 475 ex
843 444 959 490 parte
987 435 1148 476 liberati
1170 448 1329 476 sumus.
1388 435 1454 475 Ac
1476 434 1530 476 de

105 493 313 532 malorum
332 492 542 546 opinione,
563 491 777 532 hactenus.

161 547 390 588 Videamus
412 562 520 589 nunc
541 548 592 589 de
615 549 838 598 bonorum,
860 546 902 588 id
922 555 999 597 est,
1021 546 1074 587 de
1094 546 1253 597 laetitia,
1274 555 1317 588 et
1336 546 1388 587 de
1408 547 1527 602 cupi·
1540 547 1608 594 31

103 602 249 644 ditate.
294 604 408 645 Mihi
427 604 597 660 quidem
618 606 659 645 in
679 614 769 646 tota
787 603 947 645 ratione
966 618 1029 654 ea,
1051 618 1145 659 quae
1165 603 1345 658 pertinet
1365 603 1419 645 ad
1438 604 1527 644 ani·
1540 616 1588 653 65

101 659 161 700 mi
184 669 242 692 100
257 661 607 716 perturbationes,
626 676 708 702 una
728 675 791 702 res
811 660 972 701 videtur
992 674 1161 701 causam
1183 660 1412 712 continere,
1434 675 1528 701 om-

100 730 174 756 nes
206 730 275 757 eas
305 731 396 758 esse
424 717 467 758 in
497 728 640 759 nostra
669 726 891 773 potestate,
927 731 1071 758 omnes
1102 716 1267 773 judicio
1297 725 1527 773 susceptas,

100 786 248 813 omnes
273 773 539 816 voluntarias.
600 775 684 815 Hic
705 774 834 829 igitur
853 787 969 814 error
988 781 1052 813 est
1068 773 1319 829 eripiendus,
1341 773 1431 814 haec
1451 773 1525 815 de-

97 828 302 870 trahenda
329 831 496 886 opinio:
530 839 670 887 atque,
700 840 762 881 ut,
789 831 861 871 lin
890 829 1011 870 malis
1041 828 1236 885 opinatis,
1266 830 1526 872 tolerabilia:

97 884 173 936 sic,
192 885 234 926 in
256 886 390 938 bonis,
411 886 620 931 sedatiora
639 896 736 929 sunt
767 885 981 927 efficienda
999 900 1062 936 ea,
1085 901 1178 942 quae
1198 901 1369 942 magna,
1389 894 1432 927 et
1452 887 1526 928 lae-

97 942 242 983 tabilia
262 943 472 985 dicuntur.
531 944 675 1000 Atque
697 944 779 984 hoc
799 942 969 1000 quidem
992 957 1219 984 commune
1238 944 1462 995 malorum,
1484 952 1527 985 et

94 997 330 1040 bonorum:
362 1009 424 1051 ut,
445 1000 480 1042 si
502 1001 594 1057 jam
625 1000 792 1041 difficile
813 1000 866 1041 sit
889 998 1152 1056 persuadere,
1174 999 1279 1041 nihil
1296 1014 1439 1041 earum
1459 1014 1527 1042 re-

94 1069 204 1106 rum,
225 1071 318 1111 quae
338 1057 585 1112 perturbent
603 1058 806 1108 animum,
825 1065 899 1098 aut
918 1056 961 1097 in
983 1056 1118 1107 bonis,
1140 1066 1214 1097 aut
1232 1056 1274 1096 in
1296 1056 1414 1097 malis
1434 1071 1525 1097 esse

93 1109 352 1163 habendum,
367 1123 507 1155 tamen
525 1114 606 1155 alia
619 1114 672 1155 ad
686 1114 816 1156 alium
835 1121 1000 1154 motum
1016 1113 1177 1154 curatio
1197 1113 1250 1154 sit
1269 1112 1523 1165 adhibenda,

93 1167 259 1224 aliaque
277 1170 438 1210 ratione
458 1170 692 1222 malivolus,
707 1170 788 1211 alia
807 1178 982 1220 amator,
999 1169 1080 1210 alia
1099 1185 1240 1210 rursus
1259 1170 1420 1221 anxius,
1441 1170 1522 1212 alia
1533 1183 1562 1213 p.
1577 1181 1649 1205 224-

91 1223 283 1277 timidus,
314 1226 604 1282 corrigendus.
634 1237 759 1284 atque
787 1235 877 1268 erat
904 1226 1040 1277 facile,
1063 1235 1307 1281 sequentem
1335 1241 1430 1267 eam
1455 1242 1520 1268 ra·
1531 1226 1564 1251 ³·

92 1281 268 1333 tionem,
301 1281 394 1338 quae
427 1284 608 1325 maxime
639 1285 842 1340 probatur
875 1282 928 1323 de
960 1282 1096 1333 bonis,
1126 1291 1168 1323 et
1198 1283 1333 1333 malis,
1366 1297 1522 1339 negare

91 1352 295 1394 umquam
314 1339 462 1381 laetitia
481 1340 588 1381 affici
607 1355 731 1396 posse
750 1339 1031 1395 insipientem,
1054 1339 1168 1394 quod
1190 1339 1294 1380 nihil
1317 1354 1521 1396 umquam

89 1392 264 1436 haberet
284 1396 398 1437 boni.
440 1397 524 1437 Sed
545 1397 758 1453 loquimur
778 1411 887 1437 nune
907 1410 1025 1436 more
1043 1398 1272 1436 communi.
1312 1396 1405 1437 Sint
1423 1411 1521 1438 sane
1532 1399 1586 1437 66

88 1449 170 1491 ista
190 1452 315 1503 bona,
335 1467 429 1508 quae
449 1462 664 1508 putantur,
686 1453 882 1503 honores,
900 1452 1068 1502 divitiae,
1090 1452 1339 1507 voluptates,
1359 1462 1519 1496 cetera:

87 1514 230 1548 tamen
264 1508 306 1549 in
340 1508 399 1549 eis
429 1509 529 1564 ipsis
559 1510 775 1564 potiundis
806 1509 1032 1558 exsultans,
1061 1509 1329 1565 gestiensque
1359 1509 1521 1562 laetitia,

86 1565 221 1619 turpis
252 1574 346 1607 est:
388 1573 449 1616 ut,
481 1566 683 1611 siridere
718 1580 964 1607 concessum
994 1565 1060 1615 sit,
1093 1565 1350 1620 vituperetur
1378 1574 1520 1608 tamen

85 1620 366 1663 cachinnatio.
402 1631 419 1653 2
437 1622 586 1663 eodem
615 1623 726 1664 enim
756 1623 856 1663 vitio
885 1631 949 1664 est
976 1621 1125 1662 effusio
1146 1622 1274 1662 animi
1296 1622 1338 1661 in
1359 1622 1519 1675 laetitia,

85 1689 187 1731 qUO,
209 1677 251 1719 in
280 1678 441 1729 dolore,
470 1680 729 1721 contractio:
761 1679 993 1735 eademque
1023 1679 1188 1719 levitate
1218 1678 1426 1734 cupiditas
1456 1690 1521 1722 est

83 1731 129 1773 in
148 1735 402 1789 appetendo,
419 1750 502 1791 qua
521 1736 682 1787 laetitia,
703 1737 744 1777 in
765 1736 963 1778 fruendo:
984 1743 1026 1776 et
1045 1744 1094 1776 ut
1114 1734 1236 1775 nimis
1257 1734 1401 1776 afflicti
1422 1751 1515 1777 mo-

82 1787 220 1841 lestia,
243 1798 261 1822 3
280 1791 339 1832 sic
369 1792 492 1832 nimis
519 1793 618 1833 elati
644 1793 792 1834 laetitia
816 1792 912 1848 jure
935 1791 1183 1848 judicantur
1200 1792 1324 1833 leves.
1355 1802 1398 1833 et
1417 1807 1518 1835 cum

82 1843 281 1898 invidere,
302 1848 562 1903 aegritudinis
584 1849 663 1890 sit:
694 1849 814 1891 malis
838 1859 980 1891 autern
1001 1847 1146 1890 alienis
1166 1848 1426 1904 voluptatem
1445 1864 1515 1891 ca-
1562 1848 1566 1852 ’

81 1914 196 1957 pere,
220 1903 375 1945 laetitiae
392 1921 401 1945 :
424 1915 651 1961 utrumque
669 1906 944 1957 immanitate,
962 1916 1005 1947 et
1025 1905 1191 1946 feritate
1213 1905 1394 1960 quadam
1414 1920 1513 1961 pro-

81 1960 293 2014 ponenda,
315 1961 512 2017 castigari
534 1962 653 2003 solet.
712 1963 857 2019 Atque
881 1972 959 2004 4ut
979 1962 1189 2003 confidere
1211 1962 1347 2012 decet,
1369 1963 1516 2004 timere

124 2093 185 2118 100
202 2086 444 2126 perturbationes]
475 2087 546 2116 Hoc
569 2086 707 2126 postulat
728 2096 775 2117 se-

77 2138 180 2169 quens
195 2141 286 2159 omnes
299 2141 356 2159 eas.
373 2130 457 2159 male
472 2130 569 2169 vulgo
579 2129 776 2169 perturbatio-

76 2181 152 2202 nem.

123 2222 137 2245 1
163 2215 194 2244 in
209 2214 294 2244 malis
309 2215 432 2254 opinatis
448 2213 625 2254 tolerabilia]
650 2215 775 2244 Davisi-

77 2266 115 2287 us
129 2258 215 2288 dedit
230 2257 434 2289 tolerabiliora.
461 2258 584 2288 Putavit
601 2259 630 2287 id
647 2268 773 2297 respon-

75 2300 148 2330 dere
171 2301 211 2338 «τῷ
232 2301 374 2330 sedatiora
388 2313 397 2330 .·
420 2303 506 2341 quod
522 2311 585 2331 non
603 2308 658 2331 est.
697 2301 772 2331 Scil.

74 2343 218 2373 sedatiora
244 2345 376 2383 pertinet
401 2346 440 2374 ad
467 2352 638 2383 utrumque
669 2354 772 2374 mem-

74 2385 184 2422 brum,
197 2394 465 2426 opponunturque
481 2387 644 2417 tolerabilia
660 2387 691 2417 in
709 2399 771 2416 ma-

74 2427 112 2458 lis
128 2435 158 2459 et
171 2439 276 2468 magna
291 2439 327 2459 ac
346 2429 490 2459 laetabilia
511 2432 544 2460 in
566 2429 642 2459 bonis
653 2441 663 2458 :
689 2437 771 2460 utra—

73 2479 137 2511 que
152 2478 229 2502 sunt
243 2472 407 2503 efficienda
423 2473 574 2503 sedatiora.

120 2522 138 2545 2
162 2514 254 2544 eodem
271 2515 343 2544 enim
358 2516 434 2545 vitio
449 2523 490 2546 est
505 2515 603 2556 effiesio
619 2513 694 2554 δῖα]
709 2516 771 2546 Pu-

72 2562 106 2588 to
120 2557 293 2598 legendum
310 2567 376 2589 esse
391 2559 420 2587 in
435 2559 520 2589 vitio.
566 2559 597 2589 Si
614 2559 700 2588 enim
716 2559 770 2589 illa

73 2600 177 2630 forma
198 2601 252 2630 hic
275 2608 355 2631 esset
376 2601 452 2630 vitio
474 2608 527 2638 est,
543 2602 669 2631 deberet
689 2611 768 2640 esse,

69 2641 184 2681 pariter
199 2643 273 2672 enim
287 2643 364 2673 vitio
379 2650 432 2679 est,
450 2652 505 2674 aut
519 2645 674 2675 similiter.

117 2690 135 2714 3
159 2685 200 2714 sic
213 2685 299 2715 nimis
314 2685 384 2716 elati
400 2685 522 2725 latitia]
540 2687 645 2726 Vulgo
661 2694 707 2718 est
727 2687 768 2716 sic

71 2726 165 2756 animi
174 2726 245 2756 elati
255 2728 316 2759 laet.
329 2735 360 2760 at
372 2729 451 2759 illud
460 2731 546 2768 quod
557 2741 613 2760 nos
622 2731 767 2761 dedimus

72 2778 92 2800 ο
106 2770 297 2801 correctione
311 2771 456 2809 Bentleii,
469 2774 588 2812 optime
603 2774 768 2814 respondet

131 2824 246 2855 VOL.
267 2825 335 2856 lv.
359 2827 399 2855 P.
420 2827 454 2855 Ι.

818 2086 918 2122 alteri,
934 2086 1019 2116 nimis
1042 2086 1147 2126 ‘Zffliffl'
1169 2086 1308 2117 molestia.
1350 2088 1516 2119 Consentit

818 2129 882 2159 ΜΞ.
899 2130 1016 2159 Davisii
1035 2137 1064 2158 et
1078 2130 1261 2160 Alemanni.
1279 2138 1348 2160 turn
1365 2141 1514 2171 sequens,

808 2171 1059 2211 jurejudicantur
1076 2171 1153 2201 leves
1168 2179 1214 2202 est
1229 2182 1405 2204 commune
1423 2176 1515 2205 utris-

817 2225 891 2254 que.
915 2215 1011 2245 nimis
1034 2215 1159 2245 afflictis
1183 2216 1339 2252 molestia,
1363 2224 1393 2246 et
1417 2218 1514 2248 nimis

816 2258 903 2288 elatis
927 2258 1044 2287 laetitia.
1090 2258 1148 2287 Sed
1167 2265 1273 2288 tamen
1292 2269 1355 2289 non
1372 2260 1515 2299 displicet

817 2301 949 2331 Bentleii
965 2301 1159 2339 conjectura,
1176 2302 1317 2331 addentis
1333 2302 1428 2331 molles
1444 2311 1513 2343 post

816 2344 900 2373 nimis
915 2343 1019 2383 afflicti
1036 2343 1163 2373 molestia
1178 2355 1187 2373 :
1204 2354 1300 2383 quam
1319 2353 1348 2375 et
1364 2346 1512 2378 Davisius

815 2394 845 2417 et
862 2388 1017 2417 Buherius
1034 2388 1213 2426 probavere.

858 2438 875 2460 4
900 2437 932 2459 ut
947 2429 1084 2470 corfidere
1098 2429 1188 2468 decet]
1213 2431 1352 2460 Britanni
1370 2441 1512 2462 correxe-

813 2482 846 2503 re
865 2483 982 2510 cavere,
1005 2474 1093 2511 quia,
1110 2480 1146 2503 ut
1168 2474 1201 2503 in
1225 2483 1311 2514 seqq.
1331 2475 1459 2513 gaudere
1482 2483 1513 2505 et

814 2515 926 2553 laetari,
943 2526 981 2546 ex
997 2518 1109 2546 eodem
1130 2523 1206 2546 sunt
1226 2527 1352 2556 genere,
1369 2519 1511 2556 quodam

814 2560 909 2589 modo
925 2566 1051 2589 tantum
1071 2560 1221 2589 differunt
1235 2571 1244 2597 ;
1269 2561 1314 2590 sic
1329 2568 1359 2590 et
1375 2562 1427 2591 hic
1444 2571 1511 2591 esse

813 2603 942 2632 debeat:
965 2603 1019 2632 sed
1035 2601 1173 2642 confidere
1188 2610 1218 2632 et
1236 2603 1336 2632 timere
1351 2613 1417 2634 esse
1433 2614 1509 2634 con-

811 2645 912 2676 traria.
955 2645 1015 2674 Sed
1032 2645 1062 2674 id
1077 2646 1151 2674 satis
1166 2655 1230 2675 non
1247 2654 1302 2677 est.
1350 2646 1460 2676 Cicero
1477 2647 1510 2675 τὸ

811 2689 952 2718 nimium
969 2689 1064 2718 modo
1080 2689 1240 2727 repudiat:
1257 2696 1287 2719 et
1304 2690 1355 2719 hic
1372 2689 1509 2730 coqfidere

811 2738 841 2760 et
857 2731 956 2760 timere
970 2738 1046 2761 sunt
1061 2740 1079 2760 e
1093 2733 1256 2762 contrariis
1277 2734 1455 2772 generibus,
1474 2738 1511 2762 ut

812 2781 882 2812 post
895 2774 1047 2804 contractio
1063 2780 1093 2803 et
1109 2773 1204 2804 elatio.

794 2828 866 2860 Aa
