1778 3095
566 106 747 145 LIBER
779 107 1096 143 QUARTUS.
1487 114 1560 153 177

128 215 247 257 affert
267 216 329 267 iis,
351 216 423 272 qui
442 215 619 265 videant,
641 223 797 269 quanta
827 214 881 253 sit
904 212 1029 253 etiam
1054 212 1166 267 apud
1187 214 1288 254 deos
1308 215 1557 267 moderatio,

126 282 307 328 quantus
347 273 450 314 ordo
472 289 481 313 ε
512 281 555 312 et
595 269 931 325 magnitudinem
967 269 1110 320 animi,
1141 269 1316 310 deorum
1351 284 1478 325 opera
1515 284 1558 315 et

126 330 238 371 facta
267 329 559 371 cernentibus:
584 328 795 383 justitiam
826 326 969 375 etiam,
1000 340 1097 366 cum
1127 326 1348 381 cognitum
1385 326 1556 380 habeas,

126 386 241 441 quod
273 387 326 427 sit
353 384 506 425 summi
530 384 720 434 rectoris,
740 391 781 423 et
808 382 968 423 domini
990 397 1159 432 numen,
1180 382 1295 438 quod
1316 383 1556 435 consilium,

125 458 219 497 quae
240 443 441 483 voluntas.
473 441 594 496 cujus
615 439 668 480 ad
689 447 880 480 naturam
911 448 1009 494 apta
1030 439 1150 488 ratio,
1167 453 1262 479 vera
1282 439 1353 479 illa
1374 449 1416 479 et
1437 455 1554 481 sum-

124 514 194 539 ma
222 499 286 538 lex
314 512 339 537 a
368 496 630 551 philosophis
660 496 827 537 dicitur.
887 496 1002 536 Inest
1031 495 1073 536 in
1102 495 1248 536 eadem
1275 496 1553 551 explicatione
1570 510 1616 540 12

124 566 297 604 naturae,
322 553 565 594 insatiabilis
597 553 791 608 quaedam
814 568 836 594 e
857 552 1165 608 cognoscendis
1187 552 1310 592 rebus
1330 552 1522 608 voluptas
1543 571 1552 596 :

125 612 165 652 in
193 624 274 665 qua
305 625 402 659 una,
431 610 635 651 confectis
661 610 784 650 rebus
817 609 1073 659 necessariis,
1098 609 1215 650 vacui
1249 609 1444 664 negotiis,
1474 610 1569 652 ho-'

122 675 238 706 neste
267 681 316 707 ac
345 666 575 707 liberaliter
603 681 829 722 possumus
859 666 1006 707 vivere.
1065 667 1182 721 Ergo
1210 665 1253 706 in
1284 665 1363 706 hac
1393 667 1555 707 ratione

122 730 212 763 tota
232 722 283 763 de
304 723 496 764 maximis
518 724 603 764 fere
623 723 747 763 rebus
769 722 900 763 Stoici
920 722 1013 763 illos
1035 722 1169 763 secuti
1191 730 1301 773 sunt,
1323 732 1370 763 ut
1389 733 1433 764 et
1452 723 1554 764 deos

121 792 226 829 esse,
256 788 298 820 et
328 788 527 835 quattuor
555 795 606 821 ex
635 780 759 820 rebus
790 779 933 820 onmia
961 788 1153 819 constare
1175 778 1375 820 dicerent.
1438 779 1553 821 Cum

118 843 261 876 autem
287 845 542 892 quaereretur
572 851 638 877 res
666 835 898 877 admodum
930 835 1124 886 difficilis,
1148 850 1247 876 num
1270 836 1416 891 quinta
1436 852 1553 892 quae-

119 891 215 932 dam
238 902 386 934 natura
404 893 613 947 videretur
631 907 736 943 esse,
764 907 814 933 ex
839 907 922 948 qua
951 892 1074 943 ratio,
1096 901 1138 933 et
1168 892 1448 948 intelligentia
1465 894 1550 935 ori-

118 957 247 999 retur,
268 949 310 989 in
333 964 418 1005 quo
440 950 566 990 etiam
598 949 651 991 de
681 950 845 1000 animis,
876 948 997 1005 cujus
1026 949 1191 1004 generis
1211 959 1364 1000 essent,
1386 965 1548 1006 quaere-
1560 962 1588 992 P·
1612 958 1682 984 ²09·

118 1014 258 1047 retur:
280 1007 398 1046 Zeno
420 1006 461 1047 id
481 1006 586 1048 dixit
606 1021 695 1047 esse
715 1007 883 1061 ignem:
911 1006 1112 1046 nonnulla
1131 1005 1281 1046 deinde
1302 1007 1422 1049 aliter
1433 1023 1446 1058 3
1477 1008 1550 1049 sed
1586 1016 1593 1023 ⁰

116 1076 166 1102 ea
194 1077 343 1118 pauca.
372 1063 424 1103 de
455 1063 639 1104 maxima
658 1075 799 1104 autern
823 1078 881 1113 re,
903 1063 1053 1103 eodem
1072 1062 1216 1113 modo,
1236 1063 1372 1104 divina
1391 1074 1550 1116 mente,

116 1127 243 1174 atque
275 1128 423 1160 natura
448 1120 654 1162 mundum
682 1119 937 1170 universum,
958 1128 1083 1175 atque
1114 1119 1204 1175 ejus
1231 1120 1434 1161 maximas
1455 1136 1551 1176 par-

116 1183 180 1216 tes
199 1176 502 1218 administrari:
524 1177 744 1218 materiam
768 1192 864 1217 vero
886 1191 1040 1226 rerum,
1060 1186 1103 1217 et
1120 1176 1302 1232 copiam,
1322 1177 1436 1232 apud
1456 1178 1551 1229 hos,

116 1232 295 1283 exilem3
327 1233 440 1288 apud
477 1234 571 1274 illos
610 1233 864 1274 uberrimam
903 1234 1173 1288 reperiemus
1233 1234 1377 1275 Quam
1417 1234 1552 1275 multa
1568 1256 1612 1287 13

118 1297 157 1322 29
173 1289 227 1330 ab
259 1290 323 1330 his
351 1290 587 1345 conquisita
606 1299 646 1330 et
668 1290 848 1331 collecta
867 1299 965 1331 sunt
984 1289 1037 1330 de
1057 1290 1245 1331 omnium
1273 1291 1551 1333 animantium

116 1359 286 1400 genere,
317 1355 427 1397 ortu,
459 1347 676 1395 membris,
699 1346 892 1387 aetatibus
911 1347 924 1386 ?
958 1361 1084 1401 quam
1113 1346 1248 1387 multa
1268 1346 1321 1387 de
1341 1348 1465 1389 rebus
1485 1348 1552 1399 iis,

116 1416 211 1456 quae
231 1403 467 1458 gignuntur
486 1418 509 1443 e
529 1413 637 1443 terra
655 1405 666 1443 ?
700 1417 826 1457 quam
849 1403 1011 1453 multae,
1030 1417 1241 1458 quamque
1262 1403 1314 1443 de
1335 1405 1460 1444 rebus
1480 1420 1552 1445 va-

114 1458 186 1498 riis
217 1470 260 1498 et
289 1474 441 1509 causae,
462 1474 537 1499 cur
558 1459 742 1514 quidque
764 1459 848 1509 fiat,
869 1468 911 1499 et
931 1458 1326 1510 demonstrationes,
1348 1461 1552 1515 quemad-

113 1514 290 1555 modum
312 1529 490 1570 quaeque
513 1515 639 1555 fiant?
673 1529 756 1570 qua
775 1530 825 1555 ex
847 1515 960 1555 omni
983 1515 1117 1570 copia,
1139 1516 1320 1570 plurima
1340 1526 1383 1557 et
1402 1518 1548 1559 certis-

111 1570 217 1611 sima
232 1580 482 1626 argumenta
501 1580 724 1612 sumuntur
744 1570 796 1611 ad
818 1571 882 1626 cuj
891 1586 1021 1626 usque
1040 1572 1099 1611 rei
1121 1581 1313 1612 naturam
1335 1573 1547 1627 explican-

112 1627 224 1668 dam.
256 1642 359 1683 ergo
387 1627 539 1678 adhuc,
562 1639 768 1683 quantum
793 1628 988 1682 equidem
1010 1628 1218 1683 intelligo,
1239 1643 1364 1670 causa
1384 1644 1468 1670 non
1491 1631 1548 1671 vi·

111 1683 232 1725 detur
252 1684 380 1725 fuisse
409 1685 602 1725 mutandi
634 1684 829 1725 nominis.
888 1685 990 1725 Non
1010 1685 1137 1735 enim,
1159 1685 1191 1725 si
1213 1685 1356 1726 omnia
1377 1701 1460 1727 non
1482 1701 1546 1727 se-

110 1742 333 1796 quebatur,
352 1741 504 1782 iccirco
527 1757 610 1782 non
631 1750 719 1781 erat
741 1750 858 1782 ortus
880 1741 1008 1782 illinc.
1066 1741 1273 1797 Equidem
1295 1743 1421 1783 etiam
1444 1744 1547 1798 Epi-

111 1811 275 1847 curum,
314 1799 355 1838 in
395 1798 581 1854 physicis
619 1797 805 1853 quidem,
843 1798 1140 1839 Democritum
1182 1808 1287 1854 puto
1309 1816 1317 1839 :
1356 1807 1397 1831 30
1410 1814 1547 1855 pauca

110 1863 262 1904 mutat,
292 1855 355 1895 vel
384 1855 504 1909 plura
534 1869 646 1895 sane.
676 1863 718 1894 at
749 1869 846 1895 cum
869 1869 891 1894 e
922 1855 1113 1909 plurimis
1144 1855 1292 1896 eadem
1314 1855 1430 1906 dicit,
1452 1866 1545 1898 tum

109 1920 222 1951 certe
252 1909 304 1950 de
334 1911 541 1951 maximis.
572 1910 687 1966 quod
716 1911 827 1951 idem
859 1925 955 1952 cum
988 1912 1111 1952 vestri
1141 1912 1312 1963 faciant,
1334 1927 1418 1954 non
1444 1914 1545 1955 satis

108 1981 310 2021 magnam
332 1967 525 2008 tribuunt
544 1967 827 2008 inventoribus
848 1967 1044 2022 gratiam.

164 2023 247 2063 Sed
277 2023 368 2063 haec
399 2023 615 2064 hactenus.
675 2025 802 2064 Nunc
832 2024 1061 2076 videamus,
1090 2040 1249 2081 quaeso,
1280 2025 1333 2067 de
1373 2036 1592 2089 summ06

108 2079 237 2130 bono,
259 2079 374 2135 quod
396 2081 584 2121 continet
614 2080 942 2135 philosophiam,
973 2082 1125 2137 ecquid
1146 2082 1316 2123 tandem
1338 2083 1542 2135 attulerit,
1559 2116 1606 2149 14

106 2137 383 2191 quamobrem
411 2137 465 2176 ab
493 2136 795 2186 inventoribus,
817 2147 1034 2192 tamquam
1056 2154 1080 2179 a
1100 2139 1359 2193 parentibus,
1380 2140 1542 2182 dissen-

104 2193 215 2234 tiret.
277 2194 374 2234 Hoc
404 2193 536 2248 igitur
563 2193 675 2243 loco,
697 2208 954 2249 quamquam
985 2210 1010 2235 a
1038 2204 1093 2246 te,
1115 2195 1240 2246 Cato,
1261 2204 1299 2227 31
1316 2196 1545 2252 diligenter

104 2258 168 2290 est
197 2249 443 2304 explicatuS‚
475 2257 514 2281 32
531 2250 622 2291 finis
652 2250 719 2290 hic
751 2250 975 2301 bonorum,
1007 2252 1101 2306 [qui
1132 2253 1320 2293 continet
1349 2253 1542 2308 philoso-

103 2305 281 2362 phiam,]
305 2315 348 2347 et
377 2307 470 2362 quis
500 2322 526 2347 a
555 2307 723 2357 Stoicis9
754 2315 797 2348 et
826 2307 1188 2363 quemadmodum
1210 2309 1445 2351 diceretur:
1477 2319 1542 2351 ta-

102 2453 236 2483 causalis
252 2455 375 2484 videtur
389 2466 394 2483 :
422 2455 505 2484 unde
519 2455 693 2485 Lambinus
711 2455 796 2496 quod,
843 2462 897 2492 tet,
915 2465 1015 2495 pauca
1031 2456 1085 2486 illa
1101 2457 1162 2487 sint
1178 2466 1217 2486 an
1235 2456 1351 2493 multa,
1369 2467 1434 2487 non
1451 2468 1538 2497 quae-

101 2496 247 2526 Davisius
270 2497 342 2538 quia
365 2498 434 2527 addi
458 2498 594 2529 volebat.
610 2499 712 2535 bene3
738 2499 797 2528 nisi
841 2509 910 2529 ram
937 2507 992 2529 aut
1019 2501 1149 2539 urgebo.
1176 2508 1208 2529 at
1234 2499 1313 2530 illud
1338 2502 1444 2540 negari
1472 2512 1539 2531 non

101 2538 210 2569 Cicero
232 2540 378 2570 consulto
401 2542 538 2571 formam
558 2542 707 2572 orationis
723 2551 796 2571 mu·
839 2549 952 2581 potest,
976 2552 1053 2572 eum
1077 2553 1141 2573 non
1165 2544 1261 2573 modo
1284 2543 1423 2582 plurima
1445 2545 1485 2574 ab
1501 2554 1538 2574 eo

99 2583 184 2612 tavit.
838 2586 1003 2621 sumsisse,
1020 2587 1073 2616 sed
1086 2588 1182 2617 etiarn
1199 2587 1355 2622 maxima,
1372 2587 1404 2616 in
1420 2589 1537 2626 quibus

143 2632 183 2658 29
207 2624 243 2653 ab
258 2624 314 2663 his]
334 2626 363 2655 A
380 2626 601 2665 Peripateticis.
837 2637 883 2658 sc.
899 2635 1003 2658 totum
1019 2636 1158 2668 systema
1174 2629 1348 2659 Democriti
1362 2630 1484 2660 nititur.

142 2673 183 2698 30
199 2674 297 2706 pauca
320 2675 524 2698 mutat—cum
539 2670 573 2699 de
590 2667 742 2708 plurimis]
761 2669 793 2699 Si
882 2678 933 2701 31.
956 2672 986 2701 d.
1008 2679 1049 2701 est
1070 2671 1245 2713 explicatus]
1276 2673 1423 2703 Davisius
1445 2673 1536 2704 malit

94 2714 192 2747 pauca
214 2717 308 2740 mutat
322 2721 435 2741 verum
451 2719 508 2748 est,
526 2713 648 2742 amicus
666 2711 793 2751 Epicuri
837 2712 1027 2752 explicatum.

99 2751 260 2789 loquitur:
283 2755 368 2793 quod
390 2764 456 2784 non
471 2756 605 2785 videtur.
650 2754 710 2785 Sed
727 2755 794 2795 pla-
879 2762 920 2786 32
932 2756 968 2797 f.
996 2756 1025 2786 h.
1049 2755 1076 2786 b.
1099 2755 1150 2797 qui
1172 2756 1297 2786 continet
1312 2755 1407 2797 phil]
1432 2757 1535 2788 Verba

98 2800 149 2823 cet
164 2794 281 2825 Davisii
298 2797 481 2834 conjectura
495 2805 594 2828 mutet.
619 2798 660 2827 ita
680 2807 792 2828 sensus
836 2799 907 2829 haec
923 2811 952 2840 q.
970 2811 994 2829 c.
1004 2805 1040 2839 p.
1058 2800 1120 2828 hoc
1136 2799 1207 2829 loco
1230 2806 1349 2829 temere
1365 2809 1383 2829 a
1403 2800 1534 2831 librariis

97 2843 144 2866 cst
159 2848 164 2865 ε
190 2847 254 2866 non
270 2847 377 2877 quaero
393 2840 468 2877 hoc,
485 2851 584 2880 quam
601 2840 705 2871 multa
718 2851 792 2871 mu·
834 2843 964 2882 repetita
979 2851 996 2871 e
1011 2842 1155 2882 proxime
1171 2843 1428 2874 antecedentibus
1443 2851 1532 2884 puto.

157 2890 272 2920 ΥΟΕ.
294 2893 362 2921 lv.
385 2894 423 2922 Ρ.
445 2895 478 2922 1.
823 2895 853 2921 N
