1778 3095
229 155 307 190 602
669 150 746 187 DE
783 150 1218 189 DIVINATIONE

229 273 383 323 corpus
413 256 505 315 ejus
531 258 634 299 texit
666 272 743 298 suo
771 258 914 313 pallio
973 261 1089 315 Ergo
1115 259 1195 300 hoc
1223 260 1355 300 inerat
1380 258 1423 300 in
1443 259 1566 303 rebus
1586 261 1653 302 fu-

230 316 349 355 turis.
370 324 412 356 et
431 329 576 355 causas
599 315 806 355 naturales
837 315 1042 357 habebat:
1074 331 1141 366 an,
1160 326 1202 356 et
1228 327 1277 357 ut
1296 315 1514 367 videretur,
1544 326 1586 358 et
1605 314 1654 358 ui:

147 370 424 423 70eveniret,
451 386 571 412 casus
604 370 772 411 effecit?
805 372 952 413 Quid?
994 372 1180 427 ipsorum
1210 373 1483 427 interpretum
1513 372 1655 428 conje-

144 443 217 475 144
230 437 374 478 cturae‚
397 441 534 468 nonne
550 427 686 481 magis
706 427 876 482 ingenia
891 428 1103 469 declarant
1124 444 1283 479 eorum,
1305 443 1431 483 quam
1452 429 1532 469 vim
1553 443 1655 469 con-

230 498 481 548 sensumque
508 485 696 523 naturae?
732 483 889 524 Cursor
917 483 970 524 ad
1000 484 1200 539 Olympia
1226 485 1431 540 proficisci
1451 486 1657 540 cogitans,

229 541 338 581 115115
368 550 432 580 651
461 540 503 580 111
534 539 691 580 somnis
721 554 846 580 curru
862 540 1174 604 quadrigarum
1206 541 1311 582 vehi.
1334 555 1455 582 mane
1475 541 1527 582 ad
1554 555 1658 582 con-

221 598 446 659 jectorem.
487 597 548 636 At
568 596 653 646 ille,
670 597 839 644 vinces,
859 596 1008 650 inquit.
1031 596 1074 636 id
1093 596 1204 637 enim
1223 597 1412 638 celeritas
1433 597 1657 653 significat,

229 662 272 693 et
305 668 362 693 vis
397 667 617 708 equorum.
680 653 778 692 Post
813 651 925 691 idem
956 651 1009 692 ad
1038 653 1362 707 Antiphontem.
1424 655 1464 694 Is
1498 662 1657 704 autem,

228 709 422 759 Vincare,
444 709 592 763 inquit,
615 723 781 749 necesse
803 717 879 748 est.
909 722 960 747 an
992 723 1073 749 non
1106 708 1322 763 intelligis,
1341 719 1540 764 quattuor
1561 718 1658 750 ante

229 775 271 805 te
291 765 523 806 cucurrisse
541 765 554 804 ?
587 766 697 805 Ecce
716 764 820 804 alius
841 778 1009 804 cursor:
1046 768 1187 819 (atque
1208 765 1360 805 horum
1382 766 1656 816 somniorum,

228 831 271 862 et
292 821 438 862 talium
460 821 608 875 plenus
630 830 693 861 est
714 820 941 875 Chrysippi
962 820 1082 870 liber,
1104 821 1251 875 plenus
1272 821 1517 876 Antipatri.)
1570 821 1656 863 Sed

228 877 282 917 ad
316 891 527 917 cursorem
562 877 701 918 redeo.
733 876 785 917 ad
817 876 1089 931 interpretem
1121 876 1285 927 detulit,
1320 877 1517 941 aquilam
1538 892 1582 918 se
1615 879 1658 918 in

229 934 386 974 somnis
416 933 549 973 visum
583 947 673 974 esse
704 933 877 973 factum.
934 933 995 973 At
1024 933 1110 983 ille,
1141 933 1306 974 Vicisti.
1341 934 1421 974 ista
1452 933 1564 974 enim
1594 934 1658 975 avi

229 989 341 1029 xolat
380 989 494 1029 nulla
529 989 1056 1030 ν611611161111115.36Η1116
1096 990 1267 1044 quidem
1296 990 1504 1054 Antipho,
1533 990 1658 1041 Baro,

230 1046 381 1101 inquit,
415 1055 458 1086 te
488 1045 643 1087 victum
680 1060 768 1086 esse
797 1060 880 1085 11011
908 1045 1053 1086 116165.>
1089 1046 1167 1086 ista
1198 1046 1309 1086 enim
1339 1047 1421 1087 avis
1451 1046 1659 1087 insectans

145 1104 216 1138 145
231 1102 331 1142 alias
351 1116 397 1142 ax
401 1116 443 1142 es
463 1111 505 1142 et
525 1103 704 1157 agitans,
727 1116 890 1156 semper
905 1101 996 1157 ipsa
1013 1108 1227 1157 pestrema
1246 1112 1324 1143 est.
1375 1103 1520 1143 Parere
1541 1117 1657 1157 quae-

231 1158 329 1199 dam
358 1166 551 1199 matrona
583 1159 771 1214 cupiens,
802 1158 998 1199 dubitans
1027 1168 1189 1199 essetne
1216 1173 1452 1214 praegnanS,
1482 1159 1566 1199 visa
1594 1167 1658 1199 est

230 1215 272 1255 111
314 1215 454 1270 quiete
489 1215 754 1270 obsignatam
794 1215 947 1255 habere
988 1225 1192 1256 naturam.
1242 1215 1396 1256 retulit.
1460 1215 1658 1269 Negavit,

230 1286 338 1321 eam,
362 1271 559 1326 quoniam
586 1272 809 1326 obsignata
834 1271 994 1322 fuisset,
1016 1272 1237 1326 concipere
1262 1271 1460 1326 potuisse.
1518 1271 1579 1311 At
1596 1271 1659 1312 al-

230 1336 308 1379 ter,
330 1337 617 1382 praegnantem
638 1343 728 1369 6556
748 1328 863 1368 dixit.
888 1343 983 1368 nam
1013 1328 1133 1368 inane
1155 1327 1367 1382 obsignari
1387 1327 1490 1368 nihil
1509 1327 1658 1368 solere.

232 1386 339 1439 Quae
369 1393 433 1424 est
463 1384 542 1425 ista
567 1399 632 1424 ars
660 1384 924 1440 conjectoriS,
951 1384 1154 1425 eludentis
1176 1385 1377 1439 ingenio?
1410 1399 1460 1424 an
1482 1398 1543 1434 ea,
1564 1399 1657 1440 quae

188 1449 219 1478 b
234 1427 331 1491 dixi,
352 1450 394 1480 et
419 1441 751 1491 innumerabilia,
773 1456 866 1495 quae
888 1441 1066 1481 collecta
1084 1441 1240 1482 habent
1260 1440 1406 1490 Stoici,
1427 1440 1658 1496 quidquam

233 1497 481 1551 significant,
516 1497 592 1537 nisi
634 1512 809 1538 acumen
846 1497 1082 1548 hominum,
1116 1512 1166 1538 ex
1201 1497 1474 1538 similitudine
1505 1497 1658 1552 aliqua,

230 1553 517 1608 conjecturam
549 1554 679 1594 modo
709 1554 807 1604 11116,
826 1554 956 1594 modo
986 1554 1085 1594 illuc
1105 1554 1381 1595 ducentium?
1415 1553 1575 1594 Medici
1602 1553 1657 1594 si-

229 1624 316 1664 gua
332 1610 524 1665 quaedam
548 1610 703 1651 habent
723 1625 772 1650 ex
792 1610 918 1660 venis,
939 1620 981 1651 et
1000 1625 1049 1650 ex
1070 1611 1217 1665 spiritu
1237 1610 1407 1665 aegroti:
1429 1609 1658 1664 multisque

230 1682 281 1707 ex
301 1666 392 1706 aliis
427 1668 567 1707 lutura
598 1667 882 1721 praesentiunt
944 1667 1255 1707 Gubeinatores
1279 1681 1377 1706 611111
1403 1665 1658 1706 exsultantes

230 1722 426 1777 loligines
456 1722 646 1773 1111611111,
677 1733 748 1763 aut
779 1722 999 1777 delphinos
1031 1738 1075 1763 se
1103 1723 1145 1763 in
1174 1732 1343 1778 poitum
1371 1722 1658 1778 conjicientes,

232 1788 524 1834 tempestatem
546 1779 768 1834 significari
788 1789 950 1834 putant.
1010 1780 1117 1819 Haec
1136 1780 1296 1819 ratione
1315 1778 1525 1834 explicari,
1541 1787 1586 1819 et
1605 1777 1659 1818 ad

233 1844 423 1875 naturam
454 1836 574 1876 facile
605 1850 724 1876 16106
728 1836 786 1876 ari
815 1844 1015 1890 possunt:
1047 1850 1097 1876 ea
1125 1850 1234 1886 1610,
1266 1850 1359 1891 quae
1389 1833 1532 1890 paullo
1562 1842 1659 1875 ante

231 1891 330 1941 dixi,
352 1892 467 1932 nullo
490 1891 632 1932 modo.

147 1942 215 1994 71
286 1922 346 1988 A⁷t
375 1949 485 1988 6111111
515 1948 749 1989 observatio
783 1948 991 1998 diuturna,
1024 1949 1132 2003 (haec
1162 1948 1273 1989 enim
1293 1963 1387 2004 pars
1406 1962 1490 1990 una
1509 1949 1653 2001 restat)

146 2009 220 2048 146
232 2004 423 2045 notandis
458 2005 581 2045 rebus
613 2005 713 2046 fecit
747 2014 894 2045 artem.
953 2006 1022 2046 An
1058 2005 1228 2046 tandem
1254 2005 1416 2046 somnia
1450 2004 1659 2045 observari

229 2063 434 2115 possunt?
469 2075 651 2116 quonam
690 2061 848 2102 modo?
882 2071 980 2102 sunt
1017 2063 1126 2103 enim
1166 2060 1489 2102 innumerabiles
1525 2061 1657 2101 varie-

229 2126 348 2158 tates.
397 2117 518 2158 Nihil
537 2126 623 2158 tam
642 2129 911 2173 praepostere,
932 2128 1018 2159 tam
1038 2118 1269 2169 incondite,
1284 2126 1372 2158 tam
1392 2126 1658 2158 monstruose

229 2174 408 2229 cogitari
438 2182 592 2228 potest,
622 2174 738 2229 quod
767 2189 850 2215 non
881 2175 1089 2230 possimus
1120 2175 1343 2215 somniare.
1401 2175 1501 2230 Quo
1526 2173 1658 2215 modo

228 2230 360 2285 igitur
390 2230 481 2270 haec
509 2230 680 2281 infinita,
707 2240 749 2272 et
778 2245 943 2286 semper
971 2246 1076 2272 noxa
1096 2239 1169 2272 aut
1189 2230 1395 2271 memoria
1418 2230 1658 2285 complecti,

229 2297 303 2327 aut
332 2287 588 2328 observando
619 2296 763 2328 notare
792 2289 1047 2343 possumus?
1079 2287 1301 2351 Astrologi
1334 2296 1477 2328 motus
1517 2300 1656 2327 erran-

227 2343 335 2383 tium
369 2343 583 2384 stellarum
618 2355 739 2385 notax
743 2353 877 2385 erunt
910 2345 1101 2385 intentus
1136 2354 1199 2384 est
1231 2343 1343 2384 enim
1382 2343 1485 2384 ordo
1525 2343 1567 2383 in
1605 2341 1656 2383 iis

229 2399 375 2449 stellis,
398 2400 468 2455 qui
498 2415 583 2440 non
613 2400 853 2454 putabatur
914 2401 1034 2442 Cedo
1055 2400 1240 2450 tandem,
1263 2399 1334 2455 qui
1361 2399 1414 2440 sit
1441 2397 1560 2448 ord0,
1581 2407 1656 2439 aut

229 2470 323 2509 quae
363 2456 626 2497 concursatio
663 2457 954 2497 somniorum?
987 2472 1072 2513 quo
1109 2456 1240 2497 modo
1276 2463 1417 2496 autem
1455 2454 1657 2509 distingui

227 2521 406 2565 possunt
434 2526 527 2553 iera
557 2513 717 2553 somnia
736 2527 761 2554 a
790 2513 918 2564 falsis,
939 2527 1037 2554 cum
1067 2513 1212 2554 eadem
1243 2519 1286 2552 et
1315 2511 1404 2551 aliis
1424 2510 1544 2550 aliter
1563 2525 1657 2551 eva-

229 2567 344 2617 dant,
374 2576 418 2608 et
445 2568 595 2608 iisdem
625 2584 709 2610 non
740 2583 904 2624 semper
932 2569 1082 2610 eodem
1112 2567 1273 2608 modo?
1306 2575 1352 2607 ut
1375 2566 1479 2607 mihi
1501 2566 1654 2608 mirum

229 2623 431 2674 videatur,
462 2638 561 2666 cum
591 2625 782 2666 mendaci
810 2625 987 2675 homini,
1019 2639 1070 2665 ne
1099 2638 1241 2665 16111111
1281 2622 1449 2679 quidem
1481 2623 1654 2673 dicenti,

227 2679 396 2721 credere
426 2680 649 2733 soleamus,
680 2696 764 2737 quo
794 2680 924 2722 modo
953 2681 1035 2732 isti,
1065 2681 1099 2722 si
1129 2679 1338 2722 somnium
1357 2694 1499 2722 xerum
1526 2678 1655 2720 evasit

268 2831 307 2855 36
334 2825 410 2856 Huic
432 2826 545 2867 quidem
567 2825 709 2869 Antipho]
734 2828 785 2858 Sic
809 2828 841 2858 in
857 2828 937 2859 libro
961 2827 1068 2859 Guelf.
1091 2834 1173 2858 recte
1193 2837 1248 2867 pro
1268 2826 1397 2866 vulgato
1419 2825 1547 2868 equidem
1567 2825 1653 2866 quod

225 2870 338 2902 frustra
351 2870 488 2901 defendit
504 2871 661 2902 Davisius.
