1778 3095
116 416 187 448 115

202 138 279 182 394
562 133 808 173 TUSCUL.
846 134 1284 173 QUAESTIONUM

200 238 378 289 minum,
401 237 472 295 qui
491 238 689 289 ferarum,
718 253 801 280 non
828 239 886 281 ita
912 239 1101 294 expictus
1129 246 1206 290 est,
1235 246 1298 289 ut,
1319 251 1411 293 quae
1433 237 1521 292 ipse
1541 252 1625 280 non

201 294 362 345 viderit,
384 309 459 336 nos
479 304 528 335 ut
550 295 798 346 videremus,
824 296 1039 337 effecerit?
1073 295 1175 352 quid
1202 309 1307 350 ergo
1335 302 1408 334 aut
1434 294 1626 336 Homero

200 350 253 391 ad
281 351 601 393 delectationem
631 351 773 402 animi,
801 367 849 393 ac
877 352 1150 407 voluptatem,
1181 360 1253 393 aut
1283 351 1479 406 cuiquam
1499 349 1626 392 docto

202 407 382 449 defuisse
407 422 610 463 umquam
640 409 919 450 arbitramur?
954 417 991 445 72
1007 409 1091 459 An,
1123 409 1163 450 ni
1193 409 1250 450 ita
1280 421 1322 448 se
1352 421 1416 448 res
1441 405 1630 457 haberet,

200 465 489 519 Anaxagoras,
519 474 592 506 aut
622 466 689 505 hic
719 466 806 520 ipse
836 465 1122 515 Democritus,
1152 480 1291 521 agrOS,
1316 472 1359 504 et
1380 462 1630 518 patrimonia

201 536 277 561 sua
315 521 608 576 reliquissent:
659 521 757 562 huic
798 522 1000 571 discendi,
1039 522 1338 576 quaerendique
1375 519 1523 560 divinae
1554 518 1627 559 de-

200 577 415 619 lectationi
434 586 526 618 toto
541 592 583 618 se
597 578 737 618 animo
752 577 960 618 dedissent
978 579 991 618 ?
1027 579 1174 633 Itaque
1189 592 1395 633 augurem
1411 575 1629 626 Tiresiam,

203 648 329 689 quem
368 634 598 689 sapientem
640 634 803 687 fingunt
842 638 995 688 poem,
1036 649 1267 690 numquam
1315 633 1521 675 inducunt
1558 631 1631 672 de-

204 690 439 745 plorantem
462 691 694 730 caecitatem
716 704 834 729 suam
855 705 864 729 :
896 698 939 730 at
965 704 1059 730 vero
1083 690 1386 746 Polyphemum
1419 690 1634 730 Homerus

203 761 302 788 cum
335 747 576 797 immanem,
605 746 826 801 ferumque
862 745 1058 796 finxisset,
1094 761 1191 787 cum
1226 747 1354 787 ariete
1383 746 1509 787 etiam
1544 744 1634 785 col-

205 803 448 859 loquentem
471 802 586 852 facit,
606 801 781 857 ejusque
801 801 971 842 laudare
1000 803 1203 853 fortunas,
1232 802 1362 857 quod,
1392 817 1476 857 qua
1495 800 1634 851 vellet,

204 859 367 914 ingredi
386 867 544 914 posset,
566 867 622 908 et,
651 873 745 914 quae
772 858 908 908 vellet,
939 859 1158 914 attingere.
1218 859 1346 900 Recte
1361 858 1430 899 hic
1450 856 1634 913 quidem.

207 916 338 956 nihilo
357 915 468 956 enim
497 925 586 956 erat
616 915 705 971 ipse
727 914 929 971 Cyclops,
961 930 1088 971 quam
1117 915 1222 956 aries
1256 915 1340 966 ille,
1372 914 1633 970 prudentior.

125 973 258 1026 401ss
277 971 477 1012 surditate
493 986 588 1012 vero
610 971 808 1027 quidnam
834 981 897 1013 est
913 972 1013 1012 mali
1031 974 1044 1013 ?
1077 982 1166 1013 erat
1187 971 1399 1012 surdaster
1418 972 1483 1012 M.
1508 969 1635 1011 Cras-

123 1046 198 1085 116

125 1670 195 1711 117

82 1902 200 1939 μου.

171 1947 203 1970 ἃ.

209 1043 305 1070 sus:
339 1036 376 1064 73
389 1028 461 1069 sed
490 1028 604 1070 aliud
638 1028 871 1079 molestius,
904 1029 1019 1084 quod
1051 1028 1160 1070 male
1189 1028 1400 1078 audiebat,
1430 1027 1557 1068 etiam
1588 1027 1638 1076 si,

208 1094 257 1126 ut
277 1085 382 1126 mihi
404 1084 635 1135 videbatur,
665 1084 830 1141 injuria.
889 1092 927 1121 74
945 1085 1178 1140 [Epicurei]
1211 1085 1342 1126 nostri
1372 1085 1521 1125 Graece
1551 1083 1638 1124 fere

208 1142 415 1192 nesciunt,
446 1156 522 1182 nec
559 1142 698 1182 Graeci
733 1142 894 1182 Latine.
925 1156 1029 1197 ergo
1062 1142 1106 1183 hi
1142 1142 1184 1182 in
1218 1141 1402 1191 illorum,
1433 1150 1476 1182 et
1505 1140 1566 1180 illi
1595 1140 1638 1181 in

206 1198 360 1240 horum
398 1212 590 1239 sermone
621 1197 764 1239 surdi:
798 1205 835 1234 7⁵
848 1212 1081 1254 omnesque
1117 1198 1160 1239 id
1195 1212 1270 1238 nos
1305 1198 1347 1238 in
1384 1198 1432 1238 iis
1466 1197 1639 1252 linguis,

205 1270 309 1311 quas
340 1270 423 1296 non
454 1254 743 1309 intelligimus,
775 1270 869 1311 quae
899 1259 997 1295 sunt
1030 1254 1370 1304 innumerabiles,
1404 1253 1517 1294 surdi
1538 1268 1637 1308 pro-

206 1313 318 1353 fecto
340 1325 499 1352 sumus.
557 1311 619 1351 At
638 1325 782 1352 vocem
811 1310 1032 1352 citharoedi
1064 1326 1146 1352 non
1179 1310 1382 1352 audiunt:
1415 1325 1467 1350 ne
1487 1310 1640 1351 strido-

205 1383 294 1410 rem
334 1367 503 1423 quidem
544 1381 666 1408 serrae
707 1376 812 1417 tum,
852 1382 947 1409 cum
986 1368 1177 1409 acuitur:
1217 1377 1288 1408 aut
1326 1374 1364 1404 76
1377 1366 1643 1423 grunnitum,

205 1440 302 1466 cun)
330 1424 555 1481 jugulatur
588 1439 684 1465 sus:
725 1439 815 1475 nec,
848 1439 946 1466 cum
984 1425 1196 1481 quiescere
1228 1423 1388 1475 volunt,
1426 1423 1642 1464 fremitum

206 1482 506 1522 murmurantis
526 1481 665 1521 maris.
722 1482 792 1532 Et,
823 1482 857 1522 si
886 1490 1033 1522 cantus
1064 1496 1135 1522 eos
1166 1482 1273 1522 forte
1304 1481 1527 1530 delectant,
1555 1480 1641 1535 pri-

207 1554 327 1579 mum
368 1537 556 1593 cogitare
595 1537 762 1588 debent,
804 1547 1025 1594 antequam
1064 1538 1107 1578 hi
1154 1538 1236 1579 sint
1276 1537 1442 1588 inventi,
1485 1537 1642 1578 multos

207 1595 329 1635 beate
348 1595 496 1635 vixisse
525 1595 744 1650 sapientes.
775 1594 924 1635 deinde
954 1595 1090 1635 multo
1120 1595 1323 1650 majorem
1343 1593 1500 1649 percipi
1521 1607 1643 1649 posse

209 1651 398 1707 legendis
420 1651 497 1701 his,
530 1666 656 1706 quam
687 1650 919 1702 audiendis,
949 1651 1223 1707 voluptatem.
1282 1651 1408 1700 Tum,
1430 1659 1477 1691 ut
1498 1650 1641 1706 paullo

209 1719 306 1749 ante
337 1723 472 1749 caecos
503 1708 556 1748 ad
590 1708 750 1748 aurium
784 1707 1107 1748 traducebamus
1143 1708 1417 1762 voluptatem,
1448 1706 1507 1747 sic
1544 1706 1642 1748 licet

210 1765 360 1806 surdos
393 1763 444 1804 ad
474 1764 711 1805 oculorum.
747 1764 901 1804 etenim
927 1765 1000 1819 qui
1032 1778 1174 1805 secum
1211 1763 1326 1819 loqui
1358 1763 1527 1818 poterit,
1556 1777 1642 1804 ser-

211 1836 383 1862 monem
405 1821 575 1862 alterius
597 1835 680 1861 non
701 1820 895 1876 requiret.

271 1878 567 1934 Congerantur
587 1877 629 1918 in
652 1892 781 1917 unum
813 1876 969 1926 omnia,
1000 1885 1047 1917 ut
1077 1876 1189 1917 idem
1222 1876 1372 1926 oculis,
1401 1885 1444 1917 et
1473 1876 1644 1918 auribus

212 1943 358 1990 captus
395 1934 472 1975 sit:
516 1941 730 1989 prematur
763 1933 889 1974 etiam
926 1933 1144 1974 doloribus
1185 1932 1398 1974 acerrimis
1431 1933 1644 1989 corporis3

209 1992 282 2047 qui
301 1992 483 2047 primum
505 2005 579 2047 per
599 2005 642 2030 se
669 1990 745 2045 ipsi
773 1990 1022 2045 plerumque
1052 1990 1281 2031 conficiunt
1311 1989 1550 2032 hominem:
1583 1989 1646 2030 sin

210 2049 318 2089 forte
352 2047 659 2103 longinquitate
698 2046 892 2102 producti
930 2046 1218 2088 vehementius
1252 2056 1393 2087 tamen
1434 2054 1645 2102 torquent,

213 2120 337 2161 quam
360 2114 407 2145 ut
427 2118 552 2144 causa
573 2104 638 2154 sit,
660 2118 735 2144 cur
755 2104 940 2144 ferantur
959 2120 968 2144 :
1002 2102 1104 2159 quid
1131 2112 1195 2145 est
1228 2103 1413 2154 tandem,
1436 2103 1494 2144 dii
1513 2102 1613 2144 boni
1633 2103 1642 2144 Ι

212 2161 326 2217 quod
349 2161 586 2202 laboremus
605 2162 617 2200 ?
652 2169 798 2215 portus
819 2160 929 2201 enim
950 2169 1106 2216 praesto
1133 2168 1210 2211 est,
1233 2167 1269 2197 77
1290 2160 1507 2216 [quoniam
1530 2173 1644 2200 mors

258 2287 295 2315 72
321 2279 382 2316 An,
399 2280 430 2308 ni
445 2279 488 2308 ita
504 2278 582 2320 &c.]
601 2280 650 2310 An
673 2289 727 2319 pro
749 2286 801 2309 aut
824 2281 908 2310 dedit

996 2286 1034 2315 75
1058 2291 1204 2322 omnesque
1235 2279 1268 2309 id
1291 2279 1350 2319 nos]
1381 2280 1414 2309 id
1436 2280 1526 2311 nullo
1550 2282 1646 2311 modo

214 2323 361 2353 Davisius
377 2333 393 2352 e
411 2323 489 2353 Mss.
506 2323 597 2353 bene.

952 2333 1063 2354 verum
1081 2331 1136 2353 est.
1183 2324 1262 2353 Puto
1279 2323 1449 2363 legendum
1466 2323 1543 2353 item.

258 2372 296 2400 73
320 2365 370 2395 sed
389 2365 474 2394 aliud
494 2364 648 2404 molestius]
676 2366 733 2395 Pro
755 2365 839 2395 aliud
867 2365 910 2394 le-

215 2410 357 2448 gendum
388 2407 474 2445 illud,
505 2418 649 2448 quocum
680 2416 710 2439 et
738 2408 811 2438 alibi
843 2418 910 2448 per-

216 2458 379 2481 mutatum
409 2450 494 2480 aliud
521 2452 716 2488 notavimus,
747 2458 911 2481 notarunt-

215 2504 277 2533 que
293 2501 323 2523 ct
338 2494 402 2523 alii.

260 2543 299 2570 74
324 2536 462 2575 Epicurei
484 2536 586 2575 nostri]
617 2536 751 2576 EpIcurei
766 2546 831 2566 non
847 2537 910 2575 apti

216 2580 288 2610 h.1.
305 2580 390 2608 unde
414 2579 496 2608 varie
520 2580 580 2609 hoc
604 2580 737 2609 verbum
763 2585 909 2608 tentatur.

217 2622 364 2652 Davisius
391 2621 521 2658 conjicit
549 2622 686 2660 operarii.
730 2622 815 2652 auia
844 2629 913 2661 post

220 2665 322 2695 Graeci
347 2665 430 2693 nude
454 2664 616 2700 dicuntur,
648 2665 740 2694 credo
769 2671 799 2694 et
825 2663 914 2693 nostri

217 2709 302 2738 nude
332 2708 471 2745 positum
495 2715 514 2736 a
539 2706 690 2737 Cicerone
718 2714 747 2737 et
776 2706 914 2746 Epic-mei

219 2760 286 2781 esse
302 2760 318 2779 e
334 2757 410 2780 nota
425 2749 614 2788 glossatoris,
632 2751 687 2789 qui
711 2750 872 2786 didicerat,
893 2758 911 2778 a

216 2794 367 2823 Cicerone
405 2793 566 2833 Epicureis
609 2793 777 2824 infantiam
815 2793 910 2831 objici

221 2836 357 2866 solitam.

997 2371 1036 2400 76
1057 2366 1240 2405 grunnitum,
1258 2377 1321 2395 cum
1325 2366 1487 2406 jugulatur
1502 2365 1562 2407 sus]
1581 2368 1646 2397 Da-

954 2409 1050 2438 visius
1067 2409 1200 2439 correxit
1215 2409 1273 2437 suis
1286 2419 1295 2436 :
1318 2410 1371 2438 sed
1394 2410 1435 2439 ita
1451 2416 1530 2439 esset
1543 2410 1647 2441 alieno

954 2451 1036 2482 loeo.
1051 2451 1171 2481 animal
1195 2451 1379 2490 intelligitur
1401 2461 1458 2481 sua
1479 2460 1590 2492 sponte
1614 2455 1647 2484 in

953 2494 1116 2534 grunnitus.

998 2542 1035 2571 77
1060 2535 1194 2577 quoniam
1229 2547 1303 2566 mors
1339 2536 1444 2566 ibidem
1480 2536 1533 2576 est]
1567 2538 1649 2568 Haec

955 2579 1047 2609 uncis
1064 2579 1191 2616 inclusi,
1214 2586 1261 2609 est
1281 2580 1368 2609 enim
1392 2581 1558 2610 manifeste
1574 2587 1649 2611 nota

955 2622 1145 2660 glossatoris,
1183 2629 1218 2652 ut
1254 2623 1310 2652 viri
1348 2623 1430 2652 docti
1458 2623 1650 2661 judicavere.

958 2665 1099 2694 Verbum
1138 2675 1210 2694 mors
1247 2672 1354 2695 tamen
1393 2675 1469 2695 curn
1511 2667 1648 2696 Buherio

956 2707 1054 2738 veliin
1069 2708 1181 2737 servari
1197 2707 1242 2738 sie
1260 2720 1266 2737 :
1285 2714 1387 2748 porrus
1402 2709 1475 2738 enim
1484 2714 1594 2747 praesto
1609 2716 1651 2739 εει

956 2761 1027 2778 mors
1044 2751 1082 2790 (s.
1099 2749 1209 2788 mortis)
1225 2758 1365 2781 aelernum
1386 2750 1432 2780 nil
1444 2751 1576 2781 sentienti
1592 2762 1649 2782 rec.

957 2794 1154 2832 Augustinus
1171 2795 1259 2824 hunc
1276 2794 1385 2824 locum
1408 2795 1538 2824 afferens
1555 2795 1652 2825 habet

954 2836 1104 2872 sentiendi,
1136 2837 1214 2868 item
1251 2837 1314 2868 Me.
1352 2838 1436 2877 apud
1471 2837 1650 2868 Davisium.
