1778 3095
599 79 780 116 LIBER
806 78 1088 114 TERTIUS.
1167 130 1170 134 ,
1489 80 1566 114 313

127 203 172 232 re
187 204 201 241 3
233 188 337 231 nihil
356 187 565 238 admirari,
585 201 684 227 cum
715 183 942 236 acciderit3
975 183 1096 234 nihil,
1115 192 1344 238 antequam
1373 185 1569 235 evenerit,

129 260 214 289 non
236 246 398 288 evenire
417 258 541 300 posse
561 243 768 321 arbitrari.

188 335 408 387 Quamobrem
425 346 544 377 omnes,
566 346 638 369 cum
659 331 814 369 secundae
831 344 883 367 res
902 339 980 367 sunt
998 330 1154 373 maxime,
1174 337 1245 367 tum
1264 330 1410 366 maxime

182 389 353 429 Meditari
372 401 478 424 secum
496 395 631 436 oportet,
649 400 712 436 quo
723 395 822 436 pacto
841 382 1027 421 advorsom
1045 398 1232 420 aerumnam
1241 384 1395 433 ferant:

184 443 330 482 Pericla,
349 440 486 480 damna,
502 450 640 490 peregre
658 438 786 475 rediens
805 449 928 489 sempor
946 451 1054 475 secum
1073 438 1205 488 cogit&

180 499 255 534 Aut
261 494 334 541 filii
346 504 531 544 peccatum,
552 500 616 530 aut
636 493 749 529 uxoris
769 501 916 536 mortem,
937 501 998 528 aut
1017 490 1164 527 morbum
1179 490 1273 537 filiae
1289 507 1301 527 .-

184 548 380 587 Commum'a
400 560 467 584 esse
485 546 569 589 haec,
589 560 628 583 ne
645 546 730 597 quid
746 546 860 582 horum
881 559 1039 596 umquam
1061 544 1195 581 accidat
1215 546 1324 581 animo
1343 558 1468 581 novum
1485 561 1496 580 .-

185 601 360 652 Quidquid
369 610 497 651 praetcr
513 612 601 651 spem
621 601 768 645 eveniat,
787 612 878 636 omne
897 599 934 635 id
951 598 1112 650 deputare
1129 611 1197 635 esse
1217 599 1250 635 in
1269 598 1371 635 lucro.

127 688 245 741 Ergo
266 685 349 726 hoc
369 684 591 725 Terentius
612 698 636 724 a
656 683 927 739 philosophia
957 692 1183 724 sumtum
1171 691 1206 716 9
1221 696 1319 723 611111
1341 690 1428 722 tam
1449 695 1568 722 com·
1589 689 1607 734 1
1620 684 1652 735 5

125 742 253 784 mode
285 741 451 791 dixerit,
474 756 565 792 nos,
596 756 619 781 e
652 755 834 796 quorum
866 740 1056 780 fontibus
1088 739 1130 779 id
1161 739 1360 780 haustum
1382 748 1461 789 est,
1484 753 1626 794 non31

123 808 168 840 et
201 799 391 840 dicemus
424 798 506 839 hoc
544 798 709 848 melius,
738 806 780 838 et
813 797 1072 837 constantius
1107 797 1367 836 sentiemus?
1402 795 1469 836 hic
1506 804 1571 837 est

126 856 240 897 enim
261 855 333 896 1116
355 856 493 896 vultus
516 869 682 919 semper
702 854 831 903 idem,
853 868 978 909 quem
1000 852 1154 893 dicitui
1186 853 1432 907 Xanthippe
1461 867 1571 908 prae-

125 912 266 954 dicare
300 912 425 953 solita
458 912 500 952 in
538 912 624 952 viro
657 926 734 951 3110
767 911 895 951 fuisse
930 910 1119 960 Socrate,
1154 909 1304 950 eodem
1335 924 1500 964 semper
1527 925 1570 950 se

124 969 276 1010 vidisse
306 978 528 1010 exeuntem
563 968 682 1009 illum
718 967 864 1017 domo,
889 978 931 1008 et
962 975 1255 1007 rev.ertentem
1288 981 1364 1007 nec
1394 981 1492 1006 xero
1523 982 1572 1006 ea

123 1026 241 1067 frons
261 1035 365 1076 erat,
387 1041 481 1090 quae
513 1026 577 1066 M.
604 1025 746 1066 Crassi
779 1024 890 1064 illius
922 1023 1087 1073 veteris,
1121 1038 1248 1079 quem
1280 1022 1408 1064 semel
1441 1023 1499 1064 ait
1528 1023 1570 1063 in

125 1082 243 1124 omni
263 1083 345 1124 vita
364 1083 502 1123 1131336
524 1082 739 1123 Lucilius:
772 1080 846 1122 sed
867 1080 1107 1137 tranquilla,
1129 1089 1172 1121 et
1193 1095 1352 1121 serena.
1375 1080 1435 1120 sic
1457 1080 1569 1120 enim

126 1140 384 1194 accepimus.
423 1139 567 1203 60Jure
609 1148 750 1180 autem
791 1147 880 1179 erat
919 1152 1084 1193 semper
1125 1137 1239 1178 idem
1276 1137 1432 1187 vultus,
1472 1152 1568 1177 cum

127 1196 296 1246 mentis,
318 1211 343 1236 a
372 1211 456 1252 qua
475 1212 509 1236 13
530 1195 717 1259 fingitur,
739 1194 855 1236 nulla
884 1195 1000 1236 fieret
1026 1194 1223 1235 mutatio.
1284 1195 1429 1236 Quare
1459 1194 1570 1234 acci
1584 1202 1616 1232 b

127 1253 199 1308 pio
220 1252 418 1308 equidem
439 1267 464 1293 a
485 1253 730 1308 Cyrenaicis
750 1251 842 1292 haec
862 1266 978 1292 arma
999 1261 1147 1292 contra
1167 1266 1302 1301 casus,
1323 1259 1366 1291 et
1385 1265 1433 1291 61
1435 1259 1571 1300 entus,

127 1309 281 1365 quibus
305 1325 452 1350 60111111
475 1309 741 1350 advenientes
767 1309 952 1363 impetus
980 1308 1179 1348 diuturna
1208 1307 1574 1362 praemeditatione

125 1366 401 1421 frangantur:
434 1365 646 1421 simulque
672 1365 838 1421 judi00‚
875 1366 1035 1406 malum
1072 1364 1193 1415 illud,
1226 1364 1435 1420 opinionis
1467 1379 1573 1415 esse,

126 1438 211 1463 non
236 1433 410 1463 naturae.

186 1479 230 1518 Si
252 1479 360 1519 enim
392 1479 434 1519 in
467 1493 511 1519 re
541 1487 694 1529 essent,
714 1494 790 1521 cur
820 1478 967 1518 fierent
997 1477 1162 1533 provisa
1181 1478 1366 1518 leviora?
1401 1477 1472 1518 sed
1494 1486 1572 1527 est,
1586 1487 1635 1519 32

124 1534 276 1576 iisdem
300 1535 352 1575 de
379 1535 503 1576 rebus
532 1535 650 1591 quod
681 1535 764 1575 dici
793 1535 926 1590 possit
956 1534 1167 1585 subtilius,
1191 1535 1225 1575 si
1255 1534 1369 1589 prius
1400 1509 1574 1598 Epicuri

126 1592 377 1632 sententiam
400 1591 651 1633 viderimus:
683 1592 754 1647 qui
784 1602 942 1642 censet,
965 1605 1134 1632 11666336
1164 1605 1254 1631 6336
1285 1606 1430 1631 01111163
1453 1607 1494 1631 111
1516 1607 1574 1632 ae-

125 1648 341 1703 gritudine
361 1663 467 1699 esse,
489 1649 560 1704 qui
583 1663 628 1689 se
650 1649 691 1688 in
713 1649 835 1689 malis
865 1663 957 1689 esse
986 1648 1256 1712 arbitrentur,
1281 1648 1364 1688 sive
1386 1648 1458 1688 illa
1477 1658 1573 1688 ante

123 1705 304 1760 provisa,
326 1715 369 1746 et
388 1714 630 1761 exspectata
651 1705 748 1755 sint,
770 1705 854 1746 Sive
874 1705 1207 1746 inveteraverint.
1231 1719 1328 1745 nam
1350 1719 1486 1760 neque
1507 1719 1575 1746 ve-

124 1770 284 1802 tustate
302 1762 437 1803 minui
457 1762 583 1814 mala,
607 1777 684 1803 nec
718 1762 806 1802 fieri
832 1762 1137 1818 praemeditata‚
1160 1761 1342 1802 leviora:
1375 1761 1574 1802 stultam-

127 1833 210 1873 que
230 1819 358 1859 etiam
385 1834 476 1860 esse
506 1818 828 1860 meditationem
850 1819 983 1860 futuri
1002 1818 1116 1869 mali,
1139 1827 1211 1859 aut
1234 1819 1412 1859 fortasse
1432 1833 1483 1859 ne
1506 1818 1574 1859 fu-

125 1875 210 1915 turi
242 1875 443 1931 quidem:
477 1876 576 1916 satis
610 1890 701 1916 esse
732 1875 930 1917 odiosum
959 1875 1119 1916 malum
1148 1889 1290 1926 omne,
1312 1891 1408 1916 cum
1441 1875 1574 1916 venis-

126 1941 220 1972 set:
253 1932 325 1987 qui
357 1943 499 1973 autem
531 1947 697 1988 semper
725 1933 1009 1996 cogitavisset,
1037 1932 1229 1973 accidere
1258 1947 1383 1987 posse
1415 1931 1576 1987 aliquid

126 1988 301 2039 adversi,
321 1989 358 2029 ei
382 1989 467 2029 fieri
489 1989 594 2030 illud
622 1990 927 2054 sempiternum
958 1989 1150 2030 malum:
1184 1990 1218 2029 si
1247 2004 1344 2030 vero
1378 2004 1429 2029 ne
1459 1989 1576 2030 futu-

125 2060 220 2086 rum
254 2045 427 2109 quidem
459 2046 526 2096 sit,
558 2046 714 2087 frustra
748 2047 904 2102 suscipi
932 2046 1143 2087 miseriam
1179 2045 1483 2087 voluntariam:
1516 2045 1576 2086 ita

126 2116 293 2158 semper
314 2102 429 2157 angi,
451 2113 522 2143 aut
542 2101 804 2157 accipiendO‚
826 2112 900 2143 aut
928 2103 1160 2158 cogitando
1191 2102 1318 2143 malo.
1378 2102 1573 2143 Levatio·
1587 2108 1634 2141 33

127 2173 223 2199 nem
246 2167 388 2199 autem
409 2159 673 2214 aegritudinis
705 2160 746 2199 in
778 2160 944 2201 duabus
972 2160 1097 2200 rebus
1120 2160 1254 2214 ponit.
1276 2159 1521 2200 avocatione
1552 2174 1576 2200 a

127 2216 359 2271 cogitanda
391 2216 600 2266 molestia,
623 2226 666 2256 et
699 2217 965 2257 revocatione
994 2216 1047 2257 ad
1079 2216 1428 2270 contemplandas
1458 2215 1578 2256 volu·

126 2280 280 2326 ptates.
311 2287 458 2327 parere
490 2271 603 2313 enim
641 2283 784 2314 censet
817 2274 1007 2313 animum
1042 2273 1195 2313 rationi
1228 2286 1369 2328 posse,
1401 2280 1457 2324 et,
1490 2287 1577 2328 quo

124 2328 199 2369 illa
219 2329 362 2379 ducat,
383 2330 515 2385 sequi.
548 2336 585 2361 61
603 2339 717 2370 vetat
736 2329 868 2385 igitur
889 2329 1034 2385 [ratio]
1061 2329 1216 2370 intueri
1237 2329 1477 2370 molestias:
1501 2329 1576 2369 ab-

127 2386 278 2427 strahit
306 2386 359 2426 ab
391 2386 552 2427 acerbis
587 2386 920 2442 cogitationibus
942 2392 981 2418 62
998 2387 1197 2427 hebetem
1223 2386 1357 2427 aciem
1378 2385 1431 2427 ad
1452 2385 1578 2426 mise-

127 2529 227 2558 quam
256 2519 365 2558 paullo
391 2526 464 2549 ante
487 2520 577 2549 dixit.
624 2519 829 2549 Burmannus
875 2529 947 2558 ergo
964 2526 1028 2549 erat
1046 2521 1240 2550 mirandum.

128 2563 225 2592 etiam
260 2562 386 2592 volebat
420 2569 642 2601 profano-ratas,
678 2563 830 2602 probante
919 2568 951 2593 61
975 2570 1061 2592 vetat
1077 2563 1169 2602 igitur
1179 2563 1253 2592 ratio
1265 2562 1386 2601 intueri]
1408 2563 1481 2591 radio
1499 2564 1576 2593 mihi

129 2605 279 2635 Buherio.
303 2606 356 2635 sed
373 2607 403 2635 id
419 2615 546 2636 necesse
562 2615 627 2635 non
645 2614 701 2636 est.
875 2606 908 2635 h.
928 2605 948 2636 1.
964 2613 1110 2645 suspecta
1130 2612 1178 2636 est
1200 2613 1229 2636 et
1252 2606 1457 2644 glossatorem
1473 2616 1580 2645 sapere

175 2656 214 2680 59
228 2659 291 2677 cum
309 2647 381 2686 tam]
401 2659 464 2677 cum
479 2649 594 2679 delevit
609 2649 771 2679 Davisius.
788 2648 831 2678 ita
876 2650 1007 2679 videtur.
1023 2659 1099 2679 nam
1113 2656 1199 2678 vetat
1214 2650 1337 2679 videtur
1350 2650 1388 2679 ad
1404 2650 1579 2688 Epicurum

129 2691 227 2720 oratio
244 2692 279 2720 fit
295 2691 466 2730 elegantior
482 2698 512 2720 et
527 2692 696 2722 efficacior.
875 2693 1041 2731 pertinere,
1059 2693 1145 2722 unde
1168 2699 1198 2722 et
1221 2699 1290 2732 post
1314 2693 1459 2722 additum
1477 2700 1522 2722 est
1542 2691 1579 2720 il-

174 2738 215 2763 60
236 2734 307 2772 jure
334 2733 445 2774 ‹1211ch
465 2733 536 2772 jure
566 2735 629 2764 hoc
659 2735 731 2765 loco
761 2740 831 2771 est3
876 2734 902 2764 le
917 2745 926 2762 :
950 2735 1053 2776 quibus
1069 2734 1119 2764 ille
1136 2735 1360 2774 praeterimrum
1378 2737 1437 2765 δῖε.
1482 2735 1533 2764 Sic
1551 2743 1580 2764 et

131 2777 355 2806 convenienter
371 2787 478 2807 rerum
495 2783 616 2807 natuxae
632 2789 639 2807 ε
662 2778 751 2808 aliter
766 2787 834 2807 esse
876 2779 982 2808 visum
997 2778 1152 2815 Bentleio,
1171 2779 1226 2817 qui
1242 2788 1297 2818 pro
1313 2789 1366 2807 non
1378 2779 1462 2808 dedit
1478 2788 1535 2806 nos.

132 2828 197 2850 non
213 2825 342 2858 poterat.
366 2821 419 2850 sed
443 2821 488 2850 sic
513 2829 579 2849 esse
601 2820 745 2851 debebat.
766 2829 833 2851 non
922 2825 961 2853 62
986 2821 1110 2851 hebetem
1132 2821 1224 2851 aciem
1244 2821 1286 2850 ad
1307 2821 1437 2850 miserias
1459 2826 1579 2849 contern-
