1778 3095
201 80 281 115 304
547 78 806 118 TUSCUL.
836 78 1277 118 QUAESTIONUM

146 180 429 246 oparuerint,
448 181 536 224 sine
563 183 652 224 ulla
679 182 942 225 dubitatione
975 184 1202 225 sanentur?
1235 185 1312 224 Est
1330 184 1523 238 profecto
1542 183 1632 226 ani-

200 254 262 280 mi
281 238 504 290 medicina,
524 239 818 296 philosophia:
849 241 970 297 cujus
999 241 1202 281 auxilium
1232 254 1330 290 non,
1351 249 1399 280 ut
1418 240 1459 280 in
1482 255 1634 296 corpo-

198 295 256 337 ris
276 295 451 347 morbis,
473 296 704 351 petendum
730 306 795 338 est
815 297 942 339 foris:
965 298 1247 353 omnibusque
1273 296 1441 351 opibus,
1463 297 1633 348 viribus,

197 360 249 394 ut
286 353 535 408 nosmetipsi
571 353 693 394 nobis
730 353 891 394 mederi
937 355 1164 409 possimus,
1202 353 1504 394 elaborandum
1554 362 1634 395 est.

197 423 458 465 quamquam
494 409 546 449 de
574 410 765 450 universa
792 409 1076 465 philosophia,
1108 419 1367 473 quantopere
1401 410 1635 464 expetenda

196 473 324 516 esset,
346 473 389 505 et
418 465 610 516 colenda,
632 467 745 517 satis,
766 474 814 507 ut
843 466 1035 517 arbitror,
1056 467 1216 508 dictum
1238 475 1302 507 est
1322 481 1364 506 1n
1386 466 1634 508 Hortensio.

198 521 254 563 de
272 522 466 562 maximis
487 532 628 563 autem
658 522 782 563 rebus
810 521 914 563 nihil
941 523 1028 563 fere
1057 522 1358 563 intermisimus
1380 531 1527 577 postea
1556 537 1635 564 nec

197 577 428 633 disputare,
465 592 541 618 nec
574 578 768 619 scribere.
800 577 865 618 his
901 588 1041 619 autem
1074 578 1190 619 libris
1224 579 1416 633 exposita
1446 587 1544 620 sunt
1571 593 1637 631 ea,

198 649 296 689 quae
329 649 354 675 a
385 635 507 675 nobis
543 649 641 675 cum
677 633 955 675 familiaribus
987 635 1140 675 nostris
1171 635 1212 675 in
1246 635 1486 676 Tusculano
1517 645 1637 676 erant

199 690 427 746 disputata.
488 690 573 731 Sed
594 690 795 746 quoniam
826 690 992 732 duobus
1022 691 1322 745 superioribus,
1343 691 1395 732 de
1414 701 1571 743 morte,
1592 701 1637 734 et

198 746 253 788 de
275 747 422 788 dolore
441 746 603 788 dictum
634 754 712 797 est,
733 747 880 788 tertius
911 747 999 789 dies
1028 746 1320 802 disputationis
1349 747 1431 788 hoc
1462 749 1633 790 tertium

162 803 399 867 qvolumen
427 803 591 844 efficiet.
652 804 716 844 Ut
743 803 856 845 enim
886 805 928 845 in
956 803 1234 845 Academiam
1254 812 1441 845 nostram
1461 804 1635 846 descen-

199 859 354 911 dimus,
375 860 574 900 inclinato
600 861 689 916 jam
721 860 763 901 in
793 861 1172 916 postmeridianum
1202 868 1369 915 tempus
1389 860 1472 911 die,
1500 870 1534 892 11
1557 876 1635 917 po-

195 916 319 972 posci
338 930 486 957 eorum
507 916 706 972 aliquem,
728 917 801 974 qui
820 917 1004 969 aderant,
1025 932 1197 958 causam
1220 916 1463 958 disserendi.
1522 918 1636 959 Tum

196 987 265 1013 res
286 981 380 1014 acta
399 972 458 1013 sic
475 982 554 1014 est.

151 1035 187 1086 4
255 1029 311 1070 A.
333 1029 513 1071 Videtur
530 1029 636 1070 mihi
657 1030 836 1071 cadere
826 1046 868 1071 111
890 1030 1120 1086 sapientem
1144 1030 1368 1086 aegritudo.
1427 1031 1494 1071 M.
1514 1030 1637 1071 Num

195 1085 372 1150 reliquae
406 1101 576 1142 quoque
611 1088 948 1142 perturbationes
978 1087 1120 1137 animi,
1149 1087 1408 1136 formidines,
1440 1086 1635 1127 libidines

194 1141 453 1183 iracundiae?
487 1143 579 1183 haec
610 1158 723 1183 enim
755 1144 841 1184 fere
873 1153 971 1185 sunt
1001 1143 1228 1199 ejusmodi,
1249 1159 1342 1199 quae
1366 1143 1506 1184 Graeei
1532 1143 1633 1193 πάθη

193 1198 440 1254 appellant:
471 1213 555 1254 ego
587 1209 779 1254 poteram
811 1200 1000 1250 morbos,
1021 1209 1065 1241 et
1084 1200 1129 1240 id
1147 1200 1319 1240 verbum
1350 1207 1460 1240 esset
1491 1213 1514 1239 e
1545 1213 1636 1240 ver-

195 1254 281 1296 bo:
313 1255 416 1296 sed
406 1270 448 1295 111
468 1255 817 1297 consuetudinem
839 1265 1026 1297 nostram
1056 1270 1140 1296 non
1170 1256 1352 1296 caderet.
1383 1270 1481 1295 nam
1507 1255 1636 1296 mise-

194 1312 291 1361 reri,
312 1310 508 1362 invidere,
529 1313 698 1376 gestire,
718 1312 866 1363 laetari,
891 1312 983 1353 haec
1014 1312 1156 1353 omnia
1184 1312 1356 1353 morbos
1388 1312 1529 1353 Graeci
1558 1326 1635 1367 ap-

193 1367 370 1421 pellant,
391 1376 535 1409 motus
555 1368 684 1409 animi
702 1369 854 1410 rationi
876 1383 960 1409 non
983 1369 1352 1433 obtemperantes.
1383 1383 1460 1410 nos
1490 1378 1635 1410 autem

193 1423 278 1464 hos
298 1424 473 1465 eosdem
499 1434 642 1465 motus
672 1426 875 1467 concitati
904 1425 1047 1476 animi,
1067 1434 1194 1477 recte,
1213 1434 1263 1467 ut
1278 1425 1450 1489 opinor,
1469 1435 1636 1480 pertur-

193 1479 390 1522 bationes
424 1480 678 1522 dixerimus:
709 1482 882 1523 molbos
919 1490 1060 1522 autem
1094 1496 1177 1522 non
1211 1482 1310 1523 satis
1345 1481 1525 1522 usitate.
1557 1481 1637 1522 nisi

159 1553 183 1586 8
197 1536 300 1592 quid
316 1537 431 1578 aliud
450 1538 527 1579 tibi
545 1538 722 1579 videtur.
779 1538 835 1579 A.
857 1538 970 1579 Mihi
995 1552 1091 1579 vero
1110 1538 1191 1579 isto
1212 1538 1358 1579 modo.
1417 1539 1483 1579 M.
1506 1539 1638 1579 Haec-

195 1593 289 1635 cine
308 1594 438 1649 igitur
462 1595 675 1635 caderem
695 1594 928 1659 sapientem
958 1603 1104 1650 putas
1095 1596 1109 1625 ³
1141 1595 1197 1635 A.
1222 1596 1393 1635 Prorsus
1424 1594 1632 1636 existimo.

193 1649 262 1690 M.
297 1652 380 1692 Nae
413 1651 494 1692 ista
523 1651 710 1706 gloriosa
739 1651 943 1706 sapientia
974 1666 1059 1692 non
1091 1666 1248 1706 magno
1280 1650 1526 1691 aestimanda
1555 1660 1634 1700 est,

193 1705 403 1762 siquidem
439 1722 524 1748 non
558 1708 741 1748 multum
780 1708 920 1750 differt
952 1709 1005 1748 ab
1040 1707 1212 1748 insania.
1270 1708 1327 1748 A.
1364 1707 1513 1749 Quid?
1555 1682 1634 1748 tibi

195 1763 388 1804 omnisne
422 1763 552 1804 animi
590 1764 824 1805 commotio
860 1764 1022 1805 videtur
1055 1764 1244 1805 insania?
1290 1765 1356 1804 M.
1392 1765 1494 1804 Non
1527 1763 1636 1804 mihi

195 1819 369 1875 quidem
404 1820 510 1861 soli:
542 1821 630 1871 sed,
650 1820 693 1861 id
727 1820 842 1876 quod
869 1820 1065 1861 admirari
1097 1835 1208 1875 saepe
1241 1820 1372 1870 soleo,
1401 1819 1634 1875 majoribus

197 1890 368 1932 quoque
404 1876 557 1918 nostris
587 1877 669 1918 hoc
699 1877 759 1918 ita
788 1892 922 1918 v1sum
952 1877 1147 1932 intelligo
1178 1876 1323 1917 multis
1350 1876 1515 1917 saeculis
1537 1885 1633 1917 ante

196 1932 438 1974 Socratem.
470 1948 495 1974 a
515 1948 599 1989 quo
620 1934 712 1974 haec
731 1934 883 1983 omnis,
903 1948 998 1989 quae
1018 1943 1083 1974 est
1105 1934 1157 1974 de
1178 1933 1274 1983 vita,
1293 1942 1335 1973 et
1356 1933 1408 1974 de
1429 1932 1635 1984 moribus,

195 1987 467 2053 philosophia
487 1991 684 2031 manavit.
741 1990 798 2030 A.
817 1992 1018 2046 Quonam
1044 1990 1214 2030 tandem
1235 1989 1398 2031 modo?
1433 1991 1498 2030 Μ.
1520 1989 1637 2031 Quia

158 2052 160 2055 ’
194 2059 353 2086 nornen
374 2046 543 2087 msaniae
565 2046 775 2110 significat
804 2047 955 2087 mentis
988 2047 1327 2101 aegrotationem,
1348 2055 1391 2087 et
1420 2039 1634 2096 morbum,

199 2109 236 2132 12
257 2102 318 2156 [id
347 2112 426 2153 est,
447 2103 728 2154 insanitatem,
750 2110 793 2143 et
818 2113 1027 2159 aegrotum
1055 2104 1258 2154 animum,
1289 2117 1419 2167 quam
1446 2102 1634 2166 appella-

157 2167 297 2212 9runt
322 2158 565 2214 insaniam].
626 2161 786 2201 Omnes
816 2170 959 2201 autem
987 2159 1324 2215 perturbationes
1355 2159 1497 2209 animi,
1519 2173 1634 2199 mor-

195 2215 275 2256 bos
307 2215 553 2271 philosophi
590 2217 830 2272 appellant3
870 2225 1127 2272 negantque,
1162 2216 1340 2257 stultum
1375 2230 1632 2270 quemquam

194 2270 261 2313 his
282 2273 443 2314 morbis
463 2287 635 2313 vacare:
669 2274 739 2328 qui
760 2283 902 2314 autem
923 2275 964 2314 in
985 2273 1136 2337 morbo
1164 2281 1275 2323 sunt,
1297 2271 1384 2312 sani
1404 2287 1488 2312 non
1509 2280 1633 2312 sunt.

197 2335 235 2360 13
251 2337 295 2370 et
315 2330 508 2370 omnium
537 2329 823 2385 insipientium
845 2330 972 2370 animi
993 2329 1034 2370 in
1056 2329 1208 2369 morbo
1236 2337 1360 2368 sunt:
1393 2342 1540 2369 omnes
1570 2327 1634 2368 in-

66 2403 98 2435 p
114 2400 184 2428 192.
197 2384 397 2440 sipientes
430 2386 563 2441 igitur
594 2386 821 2427 insaniunt.
853 2386 1071 2426 sanitatem
1103 2386 1212 2425 enim
1244 2385 1496 2435 animorum,
1518 2385 1633 2440 posi-

156 2446 185 2468 a.
198 2450 286 2483 tam
317 2442 361 2483 in
392 2442 694 2498 tranquillitate
713 2442 912 2499 quadam,
934 2442 1252 2497 constantiaque
1282 2441 1536 2492 censebant,
1567 2441 1633 2483 his

241 2591 277 2615 11
303 2583 578 2624 poposci—causam
615 2584 782 2622 disserendi]
816 2585 836 2614 i.
868 2595 896 2615 e.
985 2591 1022 2614 13
1049 2591 1076 2613 ct
1096 2583 1231 2623 omnium]
1257 2582 1422 2614 Assumtio
1444 2580 1634 2621 syllogismi,

193 2625 286 2664 sam,
302 2628 526 2666 quaestionem,
550 2637 623 2667 quae
647 2629 812 2657 materiam
835 2629 896 2658 dis·
939 2627 1014 2656 alias
1030 2637 1095 2657 non
1116 2637 1170 2666 per
1194 2635 1221 2656 et
1244 2626 1438 2665 adjungitur,
1452 2625 1506 2654 sed
1521 2634 1574 2663 per
1590 2631 1634 2660 at,

194 2667 318 2701 serendi
335 2670 432 2700 daret.
940 2670 1006 2699 sed.-
1030 2677 1060 2699 et
1083 2670 1231 2700 alterutra
1261 2671 1377 2699 harum
1407 2667 1634 2708 particularum

240 2720 278 2743 12
299 2712 345 2752 [id
359 2712 599 2752 est—insaniam]
626 2713 706 2743 Haec
729 2723 794 2743 esse
817 2723 893 2752 spu·
937 2714 1014 2742 forte
1030 2715 1210 2752 reponenda
1232 2720 1288 2743 est.
1334 2712 1420 2742 Infra
1434 2720 1463 2740 c.
1481 2717 1510 2745 7.
1527 2719 1572 2749 pr.
1588 2717 1635 2739 est

194 2757 239 2785 tia
268 2756 478 2786 manifestum
512 2762 568 2785 est.
614 2756 672 2786 Pro
709 2756 894 2786 insanitatem
937 2762 1024 2796 atque
1040 2757 1072 2785 in
1089 2757 1306 2788 assumtione:
1331 2755 1385 2786 ubi
1404 2753 1551 2785 Davisius
1565 2762 1634 2783 cor·

193 2798 258 2830 MS.
276 2799 339 2830 Gu-
354 2799 450 2830 habet
466 2799 665 2829 insanientem.
939 2800 1017 2830 rexit
1033 2798 1127 2840 atqui.
