1768 3095
548 134 730 172 LIBER
765 132 1102 171 SECUNDUS.
1483 136 1554 177 137

119 248 207 303 jam
239 241 554 301 Epaminondae,
585 256 671 282 non
699 240 900 282 Leonidae
929 248 1111 281 mortem
1142 238 1268 295 hujus
1293 240 1419 281 morti
1439 250 1557 282 ante-

124 317 237 358 pono
257 319 266 343 :
296 314 475 357 quorum
495 299 599 340 alter
626 312 725 339 cum
745 298 910 339 vicisset
931 296 1277 338 Lacedaemonios
1297 297 1411 351 apud
1430 297 1557 338 Man-

126 360 297 409 tineam,
318 357 526 412 simulque
545 355 633 410 ipse
653 355 769 410 gravi
793 354 962 395 vulnere
983 353 1210 394 exanimari
1231 367 1274 393 se
1292 352 1451 394 videret
1468 369 1479 403 3
1509 362 1559 394 ut

126 416 308 471 primum
336 412 528 467 dispexit,
548 412 754 467 quaesivit,
775 410 966 452 salvusne
986 419 1096 450 esset
1117 409 1292 466 clypeus
1313 414 1325 451 ?
1359 425 1456 451 cum
1476 410 1558 450 sal-

126 487 222 513 vum
256 483 344 511 esse
378 470 524 509 flentes
563 468 628 508 sui
664 467 975 523 respondissent
994 482 1002 506 z
1032 467 1210 521 rogavit,
1249 475 1441 507 essentne
1476 466 1559 507 fusi

127 528 298 568 hostes?
332 539 514 581 cumque
546 524 591 565 id
622 539 806 580 quoque,
837 532 886 564 ut
926 523 1136 578 cupiebat,
1169 522 1408 572 audivisset,
1440 522 1558 564 evelli

121 584 247 640 jussit
275 597 384 633 eam,
414 597 498 638 qua
527 590 616 622 erat
645 581 882 631 transfixus,
912 580 1092 629 hastam.
1114 580 1173 621 ita
1197 579 1335 620 multo
1356 580 1560 635 sanguine

126 640 312 695 profuso,
333 639 375 679 in
405 638 564 687 laetitia,
585 647 627 678 et
648 638 690 677 in
710 637 882 678 victoria
902 646 965 677 est
985 645 1194 677 mortuus.
1253 636 1464 677 Leonidas
1484 652 1559 677 au-

127 705 226 746 tem,
248 709 320 736 rex
340 694 776 745 Lacedaemoniorum,
799 709 842 734 se
868 694 909 735 in
929 693 1245 750 ThermopyliS,
1265 702 1561 749 trecentosque

124 767 212 803 eOS,
234 766 339 807 quos
359 751 559 792 eduxerat
580 751 743 806 Sparta,
765 765 862 791 cum
885 759 994 791 esset
1015 751 1232 805 proposita
1251 759 1325 790 aut
1344 750 1448 805 fuga
1470 760 1559 791 tur-

124 809 204 864 pis,
223 816 296 849 aut
316 808 504 863 gloriosa
531 822 660 856 morS,
681 807 879 862 opposuit
900 806 1106 847 hostibus.
1167 807 1380 847 Praeclarae
1402 816 1561 847 mortes

126 875 224 906 sunt
243 865 538 920 imperatoriae.
569 863 813 920 philosophi
843 873 983 904 autem
1007 863 1049 903 in
1071 863 1155 904 suis
1178 863 1343 904 lectulis
1374 864 1561 918 plerum-

126 936 208 977 que
228 922 479 962 moriuntur.
539 921 684 961 Refert
704 930 860 971 tamen,
882 928 917 956 71
937 920 1054 976 quod
1073 920 1153 960 sibi
1172 920 1336 961 videtur
1357 935 1445 961 esse
1466 935 1562 961 mo-

125 978 249 1019 rienti
275 993 433 1034 magna
460 977 565 1019 laus.
629 977 985 1032 Compensabatur,
1005 977 1156 1032 inquit,
1177 991 1265 1017 eccm
1295 977 1462 1018 summis
1492 977 1562 1017 do-

127 1034 277 1076 loribus
294 1034 460 1076 laetitia.
516 1033 661 1075 Audio
691 1033 885 1090 equidem
917 1033 1161 1089 philosophi
1181 1048 1342 1098 vocem,
1363 1034 1623 1098 Epicure.98

127 1091 200 1132 sed
221 1091 323 1147 quid
343 1091 421 1133 tibi
440 1090 665 1132 dicendum
687 1091 755 1141 sit,
777 1091 934 1131 oblitus
964 1105 1021 1130 es.
1051 1092 1234 1145 primum
1266 1105 1392 1141 enim,
1414 1106 1446 1131 Sl
1467 1105 1562 1132 vera

127 1157 225 1189 sunt
256 1162 319 1199 ea,
351 1162 533 1203 quorum
564 1147 855 1188 recordatione
886 1157 928 1188 te
959 1147 1144 1202 gaudere
1176 1147 1293 1198 dicis,
1315 1147 1397 1188 hoc
1428 1157 1504 1197 est,
1528 1148 1562 1188 si

126 1218 222 1245 vera
250 1214 347 1245 sunt
380 1214 452 1246 tua
483 1204 638 1259 scripta
668 1213 710 1245 et
739 1204 932 1255 inventa,
964 1203 1150 1259 gaudere
1180 1219 1262 1244 non
1292 1213 1425 1259 potes.
1458 1205 1563 1245 nihil

127 1261 239 1301 enim
267 1262 359 1317 jam
395 1261 541 1311 habes,
578 1260 695 1316 quod
730 1260 782 1301 ad
815 1275 966 1316 corpus
998 1261 1164 1301 referas.
1196 1272 1261 1302 est
1291 1271 1433 1302 autem
1461 1276 1486 1302 a
1520 1271 1562 1302 te
1575 1267 1608 1298 b·

128 1331 294 1373 semper
323 1317 501 1367 dictum,
534 1331 609 1357 nec
642 1317 826 1372 gaudere
857 1332 1127 1372 quemquam,
1155 1317 1233 1357 nisi
1265 1327 1438 1373 propter
1469 1333 1563 1359 cor-

128 1388 232 1428 pus:
274 1389 350 1415 nec
384 1373 543 1414 dolere.
606 1372 846 1422 Praeteritis,
881 1373 1032 1428 inquit,
1066 1374 1237 1430 gaudeo.
1296 1375 1562 1416 Quibusnam

130 1431 352 1484 praeteritis
373 1432 386 1470 ?
419 1431 453 1470 si
472 1430 523 1470 ad
544 1444 697 1485 corpus
717 1430 1038 1484 pertinentibuS,
1059 1430 1238 1471 rationes
1269 1441 1361 1471 tuas
1383 1440 1424 1471 te
1443 1431 1564 1472 video

128 1500 402 1541 compensare
440 1500 537 1526 cum
578 1486 667 1527 istis
707 1486 938 1536 doloribus,
977 1501 1061 1527 non
1100 1487 1349 1528 memoriam
1388 1502 1565 1542 corpore

126 1553 420 1598 perceptarum
443 1542 722 1597 voluptatum.
753 1542 787 1582 si
807 1551 949 1583 autem
970 1543 1023 1583 ad
1043 1544 1231 1584 animum
1251 1559 1259 1591 3
1292 1544 1443 1584 falsum
1474 1553 1563 1595 est3

129 1599 245 1654 quod
266 1613 395 1654 negas
416 1598 543 1639 animi
567 1598 700 1639 ullum
733 1612 823 1639 esse
852 1598 1073 1654 gaudium,
1103 1599 1219 1656 quod
1249 1615 1332 1641 non
1362 1601 1565 1643 referatur

128 1654 182 1695 ad
202 1670 367 1711 corpus.
421 1654 510 1696 Cur
530 1654 681 1696 deinde
703 1655 942 1696 Metrodori
962 1656 1115 1697 liberos
1133 1657 1431 1698 commendas?
1466 1657 1567 1714 quid
1579 1667 1631 1705 99

128 1725 180 1752 ex
198 1712 282 1753 isto
304 1721 378 1753 tuo
398 1712 575 1766 egregio
594 1712 747 1763 officio,
779 1720 822 1752 et
852 1721 969 1754 tanta
998 1713 1079 1754 fide
1104 1713 1179 1768 (sic
1209 1714 1322 1754 enim
1352 1715 1562 1768 existimo)

129 1768 182 1808 ad
203 1783 356 1824 corpus
375 1770 504 1809 refers
520 1770 532 1809 ?

186 1826 287 1866 Huc
322 1835 364 1865 et
398 1824 514 1875 illuc,
549 1825 777 1880 Torquate,
810 1840 882 1866 vos
917 1825 1086 1867 versetis
1118 1826 1243 1867 licet:
1276 1826 1381 1867 nihil
1414 1828 1457 1868 in
1488 1827 1646 1877 ha031

132 1882 334 1936 praeclara
352 1881 530 1936 epistola
549 1881 752 1935 scriptum
783 1883 836 1923 ab
867 1882 1051 1937 Epicuro
1081 1898 1335 1939 congruens,
1356 1894 1397 1924 et
1416 1899 1567 1926 conve-

133 1937 252 1978 niens
285 1937 463 1978 decretis
496 1938 586 1993 ejus
621 1938 848 1992 reperietis.
890 1939 948 1979 ita
979 1939 1245 1995 redarguitur
1280 1940 1370 1996 ipse
1405 1956 1429 1982 a
1463 1956 1567 1990 sese,

134 2001 173 2030 72
188 2002 451 2049 veneuntque
482 1994 637 2048 scripta
666 1995 756 2050 ejus
787 1995 997 2050 probitate
1016 1996 1146 2051 ipsius
1168 2011 1216 2037 ac
1237 1997 1440 2039 moribus.
1472 2013 1568 2038 narn

132 2050 214 2091 ista
247 2050 561 2091 commendatio
591 2064 836 2104 puerorum,
864 2053 1070 2093 memoria
1100 2062 1144 2094 et
1175 2053 1325 2094 caritas
1357 2055 1568 2104 amicitiae‚

133 2121 401 2148 summorum
432 2107 667 2147 officiorum
699 2108 741 2148 in
771 2116 958 2149 extremo
984 2109 1133 2164 spiritu
1162 2111 1440 2162 conservatio,
1461 2111 1570 2152 indi-

132 2172 215 2214 cat,
237 2163 421 2204 innatam
444 2177 534 2204 esse
561 2163 723 2204 homini
754 2165 1011 2219 probitatem
1042 2167 1288 2220 gratuitam,
1309 2181 1393 2208 non
1421 2168 1568 2209 invita-

132 2228 220 2261 tam
260 2220 559 2276 voluptatibus,
599 2235 676 2260 nec
714 2221 983 2276 praemiorum
1026 2223 1288 2264 mercedibus
1337 2234 1568 2265 evocatam.

134 2276 250 2332 quod
280 2276 392 2317 enim
429 2276 719 2318 testimonium
751 2278 889 2334 majus
919 2278 1162 2333 quaerimus,
1195 2294 1289 2334 quae
1319 2279 1496 2322 honesta
1527 2290 1572 2322 et

136 2344 253 2374 recta
281 2334 377 2384 sint,
399 2333 489 2388 ipsa
508 2347 599 2374 esse
620 2333 823 2388 optabilia
852 2348 926 2389 per
955 2349 1060 2384 sese,
1091 2349 1190 2375 cum
1216 2335 1430 2377 videamus
1454 2346 1570 2379 tanta

135 2390 271 2430 officia
291 2389 534 2431 morientis?
559 2390 655 2440 Sed,
677 2400 725 2431 ut
742 2390 965 2446 epistolam
987 2390 1241 2432 laudandam
1262 2393 1443 2434 arbitror
1462 2407 1570 2445 eam,

134 2461 261 2502 quam
296 2446 428 2487 modo
457 2446 635 2487 totidem
668 2447 755 2487 fere
784 2447 917 2488 verbis
952 2447 1248 2503 interpretatus
1278 2464 1370 2490 sum
1405 2453 1571 2506 (quam-

135 2517 262 2559 quam
284 2518 333 2544 ea
352 2518 449 2544 curn
473 2518 639 2544 summa
666 2503 757 2559 ejus
788 2504 1032 2560 philosophi
1061 2504 1178 2545 nullo
1205 2505 1335 2546 modo
1362 2521 1571 2562 congrue-

182 2622 218 2650 71
245 2616 320 2657 quoa²
333 2615 387 2645 sibi
399 2615 519 2644 videtur
534 2628 558 2644 e.
574 2627 612 2645 m.
630 2627 735 2654 magna
751 2613 829 2655 laus]
875 2626 940 2646 non
964 2618 1207 2647 incommodus:
1234 2618 1415 2655 laudantur,
1436 2621 1570 2659 proban-

137 2658 199 2688 Vix
214 2659 312 2688 latina
328 2660 397 2688 haec
413 2666 501 2695 sunt,
517 2660 663 2698 varieque
680 2666 798 2689 tentata
815 2669 832 2688 a
875 2666 925 2689 tur
940 2660 1091 2699 probitate
1104 2661 1252 2697 auctoris,
1265 2671 1338 2699 quae
1351 2673 1390 2692 ex
1403 2664 1438 2693 iis
1455 2663 1570 2693 elucet.

138 2701 210 2730 viris
225 2702 336 2732 doctis.
366 2709 475 2740 putem
506 2711 571 2731 esse
609 2703 831 2741 corrigendum
875 2702 935 2732 Sed
951 2703 1018 2732 aliis
1041 2710 1186 2742 suspecta
1202 2710 1247 2734 est
1263 2704 1356 2735 lectio
1379 2706 1461 2743 haec,
1478 2708 1574 2736 corti*

139 2753 252 2782 magnae
275 2743 414 2773 Iaetitiae:
438 2754 512 2773 nam
538 2745 602 2782 ipse
626 2744 762 2773 laetiriam
779 2755 833 2784 ap·
875 2753 1019 2785 guntque
1055 2746 1223 2776 vincuntur.
1268 2747 1416 2778 Davisius
1455 2749 1574 2778 convin-

141 2785 236 2824 pellat
251 2787 404 2825 Epicurus
421 2796 486 2816 non
503 2786 627 2818 laudem.
877 2795 991 2825 cuntur,
1021 2788 1040 2818 i.
1059 2798 1086 2818 e.
1114 2789 1324 2829 refelluntur-3
1348 2792 1433 2831 quod
1457 2792 1571 2831 placet,

185 2834 222 2863 72
238 2836 417 2870 veneuntque
440 2829 548 2868 scripta
571 2830 628 2868 ejus
641 2837 674 2869 p.
692 2830 713 2860 ἰ.
727 2842 761 2859 αι·
777 2842 833 2859 mo·
876 2832 930 2861 sed
945 2831 1031 2861 libris
1048 2841 1112 2861 non
1128 2831 1284 2862 firmatur.

139 2869 235 2910 ribus]
253 2870 284 2901 Si
299 2879 424 2901 veneunt
446 2881 558 2902 verum
581 2880 639 2910 est,
654 2882 766 2903 sensus
789 2880 836 2903 est

1589 2402 1662 2433 100
