1768 3095
243 101 296 143 74
572 96 860 135 ACADEM.
903 97 1361 137 QUAESTIONUM

242 204 347 246 chus
366 204 520 261 probat
548 206 746 256 maxime,
775 214 819 247 et
844 206 1124 248 Aristoteles:
1156 205 1333 263 ejusque
1362 204 1487 248 amici
1510 213 1550 239 ⁸0
1567 219 1678 248 nunc

243 262 432 318 proxime
452 261 644 303 videntur
663 262 877 305 accedere.
938 263 1241 305 Introducebat
1269 263 1397 304 etiam
1424 261 1678 313 Carneades,

244 332 327 360 non
349 333 432 374 quo
454 319 664 375 probaret,
685 319 759 361 sed
788 328 836 361 ut
865 328 1099 376 opponeret
1119 320 1288 369 Stoicis,
1311 328 1347 352 81
1365 333 1579 360 summum
1599 319 1678 361 bo-

244 389 346 416 num
372 389 477 425 esse,
498 375 580 416 frui
609 376 658 417 iis
689 377 828 426 rebus,
859 391 962 432 quas
993 376 1147 432 primas
1178 385 1325 417 natura
1357 375 1677 417 conciliavisset.

200 440 233 470 b.
246 432 489 472 Honestum
507 440 664 483 autem,
681 432 797 489 quod
813 432 991 473 ducatur
1011 448 1035 473 a
1054 432 1349 474 conciliatione
1369 441 1542 482 naturae,
1560 432 1679 473 Zeno

246 488 393 529 statuit
414 488 538 529 finem
558 502 647 530 esse
667 490 902 531 bonorum:
936 497 974 520 82
992 489 1063 545 qui
1082 490 1270 530 inventor
1290 498 1332 529 et
1351 489 1543 544 princeps
1565 488 1679 529 Stoi·

164 551 233 600 43
246 559 394 586 corum
415 544 509 586 fuit.
569 547 664 587 Jam
690 545 794 587 illud
823 545 1092 600 perspicuum
1123 555 1201 595 est,
1222 545 1417 586 omnibus
1450 545 1498 586 iis
1530 544 1681 586 finibus

160 625 233 659 132
247 601 472 652 bonorum,
494 617 599 657 quos
628 602 817 657 exposui,
839 602 1048 642 malorum
1071 601 1170 642 fines
1192 616 1282 642 esse
1301 602 1549 642 contrarios.
1608 599 1680 642 Ad

245 672 316 698 vos
339 673 448 699 nunc
469 658 620 709 refero,
641 673 764 714 quem
799 672 947 714 sequar
968 660 979 698 ?
1014 658 1143 698 modo
1165 672 1216 698 ne
1235 658 1328 713 quis
1348 657 1453 699 illud
1480 667 1565 699 tam
1587 657 1680 698 ine-

243 714 446 764 ruditum,
478 715 793 771 absurdumque
828 714 1106 770 respondeat:
1138 713 1402 763 Quemlibet,
1437 713 1566 754 modo
1604 714 1681 754 ali-

244 786 386 827 quem.
443 771 563 812 Nihil
587 781 728 827 potest
748 771 829 812 dici
852 771 1213 812 inconsideratius.
1274 770 1414 826 Cupio
1433 770 1550 825 sequi
1569 769 1682 810 Stoi-

242 842 331 868 cos.
361 827 543 868 licetne?
577 829 731 870 omitto
761 842 835 884 per
866 828 1002 883 ipsum
1024 827 1316 878 Aristotelem,
1341 841 1438 867 meo
1453 826 1617 882 judicio
1637 825 1679 868 in

242 883 516 939 philosophia
547 899 679 940 prope
713 885 994 940 singularem:
1027 899 1100 940 per
1131 884 1269 940 ipsum
1301 883 1581 933 Antiochum,
1608 883 1680 938 qui

243 940 533 996 appellabatur
562 941 871 982 Academicus:
903 951 992 982 erat
1022 941 1207 997 quidem,
1240 940 1273 981 si
1303 954 1512 995 perpauca
1540 949 1681 980 muta-

242 997 383 1048 visset,
405 1006 442 1029 823
457 999 803 1053 germanissimus
825 998 1006 1039 Stoicus.
1029 998 1108 1038 erit
1126 997 1258 1052 igitur
1276 1012 1342 1038 res
1358 998 1449 1052 jam
1472 997 1512 1037 in
1534 996 1681 1037 discri-

242 1054 372 1095 mine.
412 1069 508 1094 nam
540 1064 613 1096 aut
649 1064 688 1087 84
703 1054 871 1096 Stoicus
904 1055 1185 1095 constituatur
1220 1054 1400 1109 sapiens,
1429 1065 1501 1094 aut
1530 1052 1682 1093 veteris

242 1110 501 1152 Academiae.
522 1120 750 1167 utrumque
778 1127 861 1152 non
891 1120 1045 1166 potest.
1078 1119 1141 1152 est
1170 1111 1281 1151 enim
1304 1111 1410 1151 inter
1429 1124 1500 1151 eos
1524 1123 1607 1150 non
1628 1108 1681 1149 de

242 1168 448 1218 terminis,
470 1168 543 1209 sed
564 1168 615 1209 de
636 1179 727 1210 tota
747 1169 1008 1223 possessione
1028 1167 1258 1208 contentio.
1291 1181 1388 1207 narn
1414 1166 1550 1207 omnis
1572 1165 1680 1206 ratio

241 1225 337 1265 vitae
369 1224 610 1266 definitione
642 1225 797 1265 summi
831 1225 930 1265 boni
966 1225 1236 1264 continetur:
1266 1223 1320 1263 de
1349 1237 1432 1278 qua
1459 1222 1531 1277 qui
1558 1221 1680 1263 dissi-

242 1280 358 1331 dent,
380 1281 431 1321 de
454 1282 571 1321 omni
592 1281 753 1322 ratione
774 1281 868 1321 vitae
890 1280 1109 1321 dissident.
1141 1294 1226 1320 non
1256 1288 1397 1334 potest
1417 1279 1548 1335 igitur
1568 1286 1681 1319 uter-

242 1352 324 1392 que
356 1351 447 1377 esse
477 1337 655 1391 sapiens,
681 1336 881 1392 quoniam
909 1346 1128 1392 tantopere
1158 1336 1424 1385 dissentiunt,
1458 1334 1532 1376 sed
1561 1334 1681 1376 alter.

243 1394 276 1434 si
300 1393 579 1434 Polemoneus
600 1402 747 1449 peccat
767 1394 949 1444 Stoicus,
971 1393 1029 1434 rei
1060 1393 1174 1433 falsae
1205 1392 1434 1433 assentiens
1451 1407 1462 1442 3
1493 1405 1566 1431 vos
1586 1390 1681 1447 qui-

243 1450 338 1490 dem
361 1450 465 1490 nihil
486 1450 623 1491 dicitis
643 1466 668 1491 a
685 1450 873 1505 sapiente
892 1459 978 1491 tam
1010 1449 1194 1490 alienum
1214 1463 1332 1490 esse:
1363 1448 1426 1490 sin
1457 1461 1552 1488 vera
1584 1455 1681 1488 sunt

243 1506 441 1558 Zenonis,
468 1507 614 1548 eadem
645 1507 686 1548 in
716 1516 873 1547 veteres
903 1506 1183 1547 Academicos
1217 1504 1595 1560 Peripateticosque
1615 1503 1681 1544 di·-

243 1562 387 1605 cenda.
447 1572 484 1595 8⁵
504 1564 590 1605 Hic
618 1564 747 1618 igitur
767 1562 903 1603 neutri
933 1563 1159 1603 assentiens
1179 1562 1213 1603 si
1234 1576 1481 1617 numquam,
1501 1570 1596 1602 uter
1617 1568 1680 1602 est

157 1633 227 1666 133
244 1619 512 1675 prudentior?
546 1620 661 1676 Quid
680 1621 692 1659 ?
727 1634 824 1660 cum
845 1620 933 1675 ipse
953 1618 1194 1660 Antiochus
1215 1617 1406 1660 dissentit
1426 1616 1679 1672 quibusdam

241 1677 282 1717 in
316 1676 440 1716 rebus
470 1677 523 1717 ab
556 1677 620 1726 iis,
655 1691 761 1731 quos
791 1685 918 1724 amat,
953 1675 1136 1716 Stoicis?
1171 1689 1309 1716 nonne
1341 1674 1512 1723 indicat,
1534 1679 1573 1705 86
1592 1687 1676 1714 non

240 1746 364 1788 posse
384 1733 455 1773 illa
475 1734 692 1787 probanda
711 1747 801 1773 esse
821 1732 998 1787 sapienti
1017 1733 1030 1773 ?
1064 1731 1203 1772 Placet
1229 1730 1396 1781 Stoicis,
1417 1729 1560 1772 omnia
1580 1743 1679 1784 pec—

239 1797 336 1829 cata
363 1803 453 1830 esse
486 1790 615 1844 paria.
645 1799 688 1830 at
719 1789 800 1830 hoc
833 1788 1050 1830 Antiocho
1079 1787 1442 1829 vehementissime
1469 1786 1678 1843 displicet.

240 1844 364 1886 liceat
400 1846 568 1886 tandem
610 1845 713 1886 mihi
751 1845 1028 1895 considerare,
1061 1854 1199 1886 utram
1232 1844 1484 1885 sententiam
1514 1856 1678 1898 sequar.

242 1901 440 1952 Praecide,
458 1903 621 1958 inquit:
655 1910 792 1943 statue
812 1901 1036 1956 aliquando
1063 1900 1282 1957 quidlibet.
1342 1907 1380 1937 87
1396 1898 1545 1957 Quid?
1582 1913 1678 1955 quae

239 1958 437 2000 dicuntur
458 1959 629 2014 quidem
651 1967 693 1999 et
713 1968 837 2000 acuta
856 1958 959 1999 mihi
984 1957 1176 1999 videntur
1196 1957 1237 1997 in
1256 1965 1481 2013 utramque
1500 1965 1678 2012 partem,

241 2024 285 2057 et
306 2016 449 2070 paria3
481 2029 618 2057 nonne
639 2029 820 2065 caveam,
853 2030 903 2055 ne
929 2014 1065 2056 scelus
1095 2014 1279 2055 faciam?
1311 2013 1446 2055 scelus
1476 2012 1589 2053 enim
1614 2010 1680 2052 di-

131 2091 162 2121 p.
178 2072 366 2112 tumebas
395 2086 500 2123 esse,
532 2073 724 2122 Luculle,
746 2071 905 2127 dogma
936 2071 1125 2126 prodere.
1145 2070 1342 2112 contineo
1373 2069 1502 2124 igitur
1522 2081 1605 2118 me,
1626 2082 1677 2108 ne

201 2127 462 2184 ²·incognit0
480 2129 681 2170 assentiar
698 2145 707 2169 :
740 2128 854 2184 quod
880 2128 984 2169 mihi
1011 2136 1153 2169 tecum
1173 2134 1236 2168 est
1255 2126 1415 2182 dogma
1435 2137 1676 2166 commune.

281 2279 322 2304 so
338 2283 411 2302 nune
427 2272 561 2312 proxime
580 2271 723 2311 accedere]
743 2273 809 2303 Cur
830 2271 934 2302 nunc?
970 2269 1142 2311 prudentior
1152 2269 1182 2309 J]
1211 2270 1282 2300 Hoc
1308 2269 1440 2309 intelligi
1465 2279 1531 2300 non
1555 2275 1678 2309 potest:

238 2316 406 2356 probabilis
423 2322 468 2345 est
481 2317 632 2346 correctio
648 2315 703 2345 viri
719 2315 802 2346 docti
818 2315 881 2344 huc.
977 2322 1037 2343 nec
1059 2314 1208 2343 correctio
1235 2313 1308 2343 satis
1336 2312 1502 2351 probabilis
1526 2319 1581 2343 aut
1607 2313 1678 2344 aliis

284 2366 319 2390 81
352 2370 491 2387 summurn
521 2358 622 2387 bonum
645 2356 715 2396 esse]
744 2369 800 2388 esse
827 2357 934 2388 delen·
978 2362 1098 2394 reperta
1117 2361 1175 2392 est,
1192 2362 1248 2386 aut
1268 2356 1348 2387 mihi
1370 2357 1402 2386 in
1423 2362 1566 2386 mentem
1582 2356 1679 2386 venit.

238 2403 318 2432 dum
341 2401 475 2431 videtur,
520 2402 618 2432 Series
640 2401 788 2431 orationis
807 2407 866 2436 est,
890 2400 934 2428 ιἠ-
978 2399 1125 2429 Davisius
1155 2399 1296 2438 corrigit:
1320 2398 1346 2428 si
1374 2409 1528 2440 nusquam,
1556 2405 1677 2441 utroque

239 2443 403 2474 traducebat
424 2454 564 2473 summum
587 2444 697 2477 bonum.
710 2443 784 2484 frui
807 2443 842 2472 iis
859 2442 940 2471 rebus
983 2448 1024 2470 est
1035 2440 1214 2480 prudentior.

240 2489 300 2518 &tt-
1024 2488 1064 2515 86
1080 2495 1132 2512 non
1151 2490 1230 2522 posse
1252 2483 1307 2512 illa
1328 2483 1475 2522 probanda
1491 2480 1561 2522 esse]
1579 2483 1678 2514 Davi·

284 2536 323 2560 82
348 2528 399 2569 qui
421 2528 555 2558 inventor
577 2535 605 2558 et
620 2527 755 2568 princeps
777 2526 937 2557 Stoicorum
979 2527 1045 2557 sius
1060 2526 1176 2557 delevit
1181 2533 1262 2566 posse
1277 2533 1347 2566 post
1360 2527 1566 2557 Lambinum.
1582 2526 1677 2563 bene,

229 2571 313 2613 suit]
333 2572 452 2602 Durius
469 2579 514 2601 est
529 2571 665 2600 inventor
679 2581 735 2611 pro
749 2578 874 2600 auctore.
981 2570 1101 2609 opinor.

284 2621 323 2646 83
337 2614 570 2653 germanissimus
591 2612 720 2654 Stoicus]
748 2614 838 2643 Edidi
861 2611 938 2642 Stoi·
1026 2618 1063 2647 87
1083 2611 1175 2647 Quid,
1198 2623 1264 2653 quae
1284 2611 1421 2641 dicuntur
1436 2609 1511 2650 δῖα]
1529 2611 1677 2642 Davisius

239 2668 288 2687 cus
318 2667 373 2697 pro
402 2657 490 2696 vuig.
521 2656 637 2693 Stoicis,
667 2666 746 2687 curn
776 2657 936 2690 Manutio,
981 2655 1098 2685 addidit
1121 2665 1219 2695 quum.
1244 2654 1341 2695 quid?
1364 2665 1463 2696 quum,
1487 2664 1554 2696 quae
1577 2653 1678 2683 dicun-

240 2700 410 2736 lambino,
427 2700 567 2730 Davisio.
980 2705 1040 2728 tur.
1085 2698 1132 2727 Ita
1147 2698 1248 2727 forma
1270 2697 1484 2727 conclusionis
1506 2696 1618 2727 clarior
1631 2702 1678 2726 est

284 2750 323 2774 84
339 2743 387 2773 St.
400 2743 591 2772 constituatur
605 2741 731 2782 sapiens]
746 2741 861 2772 Malim
874 2751 938 2770 con·
980 2748 1011 2771 et
1032 2741 1151 2780 aptior:
1174 2749 1251 2771 nam
1275 2741 1352 2771 hinc
1375 2740 1502 2780 pendet,
1517 2750 1605 2769 nonne
1629 2750 1677 2768 ca-

239 2784 386 2816 stituetur.
981 2794 1080 2814 veum.

284 2835 323 2860 ⁸⁵
351 2828 412 2859 Hic
434 2827 528 2869 igitur
550 2826 646 2858 neutri
668 2838 697 2857 α.
714 2826 738 2856 si
762 2837 791 2857 n.
811 2832 876 2856 uter
899 2832 940 2856 est
