1778 3095
223 114 302 152 614
785 113 869 151 DE
908 114 1081 153 FATO

95 233 213 267 p-146·
225 220 394 263 cessitas
424 219 733 263 extimescenda
761 231 837 263 est.
895 222 1060 263 Etenim
1091 221 1169 263 erit
1197 221 1385 264 confiteri
1409 236 1590 273 necesse,
1609 220 1644 264 si

184 279 213 301 ἃ·
226 279 318 319 haee
330 278 573 328 enuntiatio,
587 277 741 318 Veniet
755 278 795 318 in
812 279 1097 320 Tusculanum
1117 278 1384 328 Hortensius,
1401 286 1440 311 ³2
1452 293 1544 319 vera
1560 293 1645 319 non

225 344 314 375 est:
346 334 544 390 sequitur,
564 344 611 374 ut
631 333 734 374 falsa
755 334 821 375 sit.
843 349 1022 390 quorum
1045 335 1113 376 isti
1134 346 1329 376 neutrum
1350 334 1507 376 volunt.
1530 333 1646 391 quod

227 391 311 432 fieri
335 405 416 432 non
437 401 588 445 potest.

282 449 375 489 Nec
397 462 472 488 nos
494 445 693 502 impediet
714 446 812 488 illa
804 460 953 501 1gnava
973 446 1093 495 ratio,
1115 460 1212 511 quae
1229 447 1393 488 dicitur.
1415 446 1648 502 appellatur

225 504 335 544 enim
358 503 526 558 quidam
547 518 571 544 a
591 503 985 567 Ρ111105οΡ1115ἀςγός
1005 502 1126 555 λόγος,
1148 503 1216 543 6111
1237 503 1270 543 si
1292 517 1525 558 pareamus,
1547 502 1648 543 nihil

226 560 400 601 omnino
421 574 596 615 agamus
616 575 657 600 1n
679 559 773 600 vita.
815 559 884 599 Sic
905 573 1016 598 6111111
1038 558 1324 622 interrogant:
1353 560 1397 601 Si
1418 561 1549 600 fatum
1571 558 1649 599 tibi

226 625 303 667 est,
324 630 373 657 ex
404 616 485 658 hoc
514 617 664 657 morbo
695 614 1009 667 convalescere3
1043 615 1124 655 sive
1152 615 1359 656 medicum
1392 615 1646 665 adhibueris,

163 678 215 718 29
228 672 309 713 sive
331 687 427 723 non,
447 672 722 714 conv.alesces
772 672 894 721 Item,
916 671 959 711 Si
979 671 1113 711 fatum
1133 671 1208 711 tibi
1229 680 1306 721 est,
1327 686 1378 711 ex
1396 672 1476 713 hoc
1497 671 1649 712 morbo

228 743 312 771 non
344 730 661 770 convalescere·
651 758 662 777 ,
709 728 792 768 sive
824 737 870 768 tu
901 727 1113 768 medicum
1148 726 1401 777 adhibueris,
1434 728 1515 768 sive
1550 741 1650 777 non,

228 800 311 826 non
331 785 606 826 conv-alesces
637 793 679 824 et
698 783 945 824 alterutrum
967 784 1099 824 fatum
1119 795 1196 825 est.
1217 783 1429 824 medicum
1450 798 1494 824 61
1495 799 1552 838 go
1574 783 1649 824 ad-

151 834 215 882 13
228 842 372 882 hibere
404 840 507 881 nihil
536 840 697 881 attinet.
758 841 886 881 Recte
915 854 1050 895 genus
1072 840 1153 881 hoc
1173 840 1509 895 interrogationis
1529 840 1650 903 igna-

226 913 340 962 vum,
361 907 486 953 atque
518 897 626 938 iners
652 895 913 937 nominatum
934 906 1010 947 est,
1032 897 1145 952 quod
1165 896 1310 937 eadem
1334 897 1494 937 ratione
1516 896 1651 936 omnis

227 969 251 995 e
270 954 353 995 vita
377 954 550 995 tolletur
577 953 702 994 actio.
760 953 880 994 Licet
910 953 1036 993 etiam
1067 953 1302 1003 immutare,
1324 963 1368 994 ut
1400 953 1473 994 fati
1499 967 1651 993 nomen

227 1025 279 1051 ne
298 1010 519 1066 adjungas,
537 1018 579 1051 et
598 1009 771 1050 eandem
795 1020 935 1050 tamen
957 1019 1098 1051 teneas
1119 1010 1380 1060 sententiam,
1399 1009 1479 1050 hoc
1501 1008 1651 1049 modo.

227 1067 272 1108 Si
291 1081 341 1108 ex
360 1067 592 1107 aeternitate
612 1081 754 1107 verum
775 1065 857 1107 hoc
880 1066 972 1116 fuit,
993 1068 1055 1107 Ex
1085 1067 1165 1107 isto
1191 1067 1341 1106 morbo
1362 1065 1649 1106 convalesces·
1638 1095 1650 1115 ,

227 1123 309 1164 sive
329 1123 567 1164 adhibueris
588 1122 814 1173 medicum,
836 1123 918 1163 sive
941 1138 1037 1173 non,
1058 1137 1160 1163 com
1155 1122 1334 1163 alesces
1380 1123 1586 1177 Itemque,
1608 1121 1653 1162 Si

226 1193 279 1220 ex
311 1180 541 1221 aeternitate
572 1179 653 1220 hoc
684 1179 834 1220 falsum
866 1179 958 1229 fuit,
985 1180 1046 1219 Ex
1076 1180 1156 1220 isto
1187 1180 1336 1220 morbo
1362 1180 1476 1232 (non)
1502 1192 1653 1218 conva-

227 1235 385 1286 lesces3
416 1236 499 1276 sive
529 1236 769 1276 adhibueris
802 1235 1028 1286 medicum,
1060 1237 1141 1277 sive
1171 1250 1255 1276 non
1285 1235 1539 1285 adhibueris,
1569 1249 1653 1274 non

163 1298 217 1330 30
228 1292 513 1333 convalesces:
533 1292 682 1333 deinde
699 1302 849 1333 cetera.
881 1293 987 1332 Haec
1008 1293 1114 1333 ratio
1132 1307 1155 1332 a
1174 1291 1412 1355 Chrysippo
1434 1290 1655 1346 reprehen-

226 1348 352 1390 ditur.
410 1348 619 1405 Quaedam
647 1349 759 1389 enim
786 1358 896 1399 sunt,
918 1349 1065 1404 inquit,
1087 1349 1127 1389 in
1153 1349 1276 1388 rebus
1298 1348 1517 1403 simplici&
1538 1363 1654 1402 quae-

225 1405 324 1446 dam
344 1406 554 1460 copulata.
592 1406 780 1461 Simplex
797 1415 873 1455 est,
898 1406 1108 1446 Morietur
1127 1420 1176 1445 eo
1196 1405 1262 1445 die
1283 1406 1489 1445 Sociates.
1529 1404 1656 1454 Huic,

227 1461 311 1503 sive
342 1462 444 1517 quid
476 1462 635 1512 fecerit,
655 1463 737 1503 sive
770 1477 852 1502 non
882 1462 1040 1511 fecerit,
1062 1463 1200 1502 finitus
1229 1471 1292 1502 est
1319 1460 1523 1501 moriendi
1552 1460 1654 1500 dies.

226 1518 289 1559 At
308 1518 342 1558 si
362 1519 419 1559 ita
441 1519 572 1559 fatum
595 1519 662 1569 sit,
684 1520 895 1559 Nascetur
915 1519 1100 1573 OEdipus
1124 1519 1248 1559 Laio:
1279 1532 1362 1558 non
1384 1518 1538 1573 poterit
1557 1516 1655 1567 dici,

227 1574 310 1616 sive
332 1575 459 1615 fuerit
479 1576 604 1616 Laius
624 1590 722 1616 cum
744 1576 931 1626 muliere,
950 1576 1031 1615 sive
1052 1590 1135 1616 non
1157 1575 1305 1623 fuerit3
1327 1574 1523 1628 copulata
1543 1573 1655 1614 enim

226 1645 292 1672 res
313 1640 391 1681 est,
410 1641 452 1672 et
471 1631 704 1672 coni-atalis.
735 1632 792 1673 sic
813 1632 923 1672 6111111
945 1632 1152 1687 appellat:
1174 1632 1271 1686 quia
1292 1631 1349 1670 ita
1370 1634 1503 1670 fatum
1526 1630 1592 1679 sit,
1613 1638 1657 1670 et

227 1688 554 1728 concubiturum
574 1703 671 1729 cum
693 1703 822 1729 uxore
843 1689 1008 1737 Laium,
1031 1698 1073 1728 et
1093 1703 1142 1728 ex
1163 1702 1210 1727 ea
1232 1687 1442 1741 OEdipuni
1466 1700 1657 1740 procrea-

228 1751 399 1785 turum:
433 1746 495 1785 Ut
525 1744 559 1785 si
588 1752 697 1785 esset
727 1745 902 1795 (1161111111,
924 1746 959 1784 L
962 1745 1172 1784 uctabitui
1203 1742 1412 1797 Olympiis
1441 1741 1582 1792 M'1103
1614 1749 1658 1782 et

185 1804 217 1836 b
230 1800 402 1840 referret
432 1800 597 1856 aliquis,
632 1802 762 1856 Ergo,
795 1802 877 1841 sive
909 1800 1102 1840 habuerit
1130 1799 1425 1848 adversarium,
1458 1798 1540 1839 sive
1574 1812 1657 1839 11011

229 1855 436 1907 habuerit,
457 1857 712 1898 luctabitur:
745 1866 912 1897 erraret.
944 1866 1007 1896 cst
1035 1856 1145 1896 enim
1175 1856 1433 1911 copulatum,
1455 1854 1658 1895 Luctabi-

229 1921 312 1961 tur,
345 1913 442 1968 quia
473 1913 560 1953 sine
592 1913 825 1954 adversario
858 1913 972 1953 nulla
1000 1913 1174 1953 luctatio
1205 1920 1282 1952 est.
1342 1912 1500 1952 Omnes
1528 1911 1658 1966 igitur

229 1968 347 2009 istius
377 1970 540 2023 generis
571 1970 786 2033 captiones
817 1970 966 2010 eodem
1004 1969 1132 2009 niodo
1167 1968 1447 2009 refelluntur:
1488 1967 1580 2008 Sive
1610 1977 1658 2008 tu

230 2023 469 2065 adhibueris
488 2025 716 2075 medicum,
734 2026 816 2066 sive
838 2041 921 2066 non
942 2025 1195 2075 adhibueris,
1213 2025 1498 2065 convalesces:
1523 2023 1657 2079 capti-

231 2095 368 2122 osum
401 2090 484 2122 tam
507 2081 617 2121 enim
641 2091 704 2121 est
732 2082 870 2132 fatale,
890 2083 1103 2123 medicum
1125 2082 1337 2132 adhibere,
1360 2096 1485 2137 quam
1508 2094 1658 2121 conva-

230 2136 401 2178 lescere.
460 2139 569 2178 Haec
588 2147 636 2178 ut
654 2137 752 2188 dixi,
775 2114 999 2179 coniatalia
1019 2139 1088 2180 ille
1109 2139 1305 2194 appellat.

154 2191 221 2239 14
290 2193 528 2234 Carneades
556 2194 637 2234 hoc
670 2203 807 2235 totum
830 2211 964 2251 genus
985 2211 1068 2236 non
1090 2203 1128 2227 33
1146 2195 1368 2259 probabat,
1389 2202 1430 2234 et
1451 2194 1572 2235 nimis
1594 2193 1658 2234 in-

167 2264 216 2297 31
233 2250 492 2291 considerate
508 2250 703 2291 concludi
721 2251 828 2292 hanc
849 2252 1054 2293 rationem
1076 2253 1263 2307 putabat.
1283 2252 1424 2306 itaque
1444 2251 1660 2306 premebat

231 2306 316 2347 alio
335 2306 480 2358 modo,
502 2322 578 2348 nec
599 2307 728 2348 ullam
748 2308 974 2349 adhibebat
999 2309 1276 2349 calumniam:
1305 2322 1425 2363 cujus
1453 2316 1541 2348 erat
1568 2306 1658 2346 haec

232 2363 462 2404 conclusio.
523 2364 567 2404 Si
593 2365 735 2405 omnia
760 2365 1100 2406 antecedentibus
1120 2365 1254 2406 causis
1277 2365 1393 2414 fiunt,
1414 2363 1553 2403 omnia
1585 2377 1658 2402 na-

231 2420 357 2460 turali
378 2419 647 2475 colligatione
667 2430 856 2463 conserte
877 2431 1153 2477 contexteque
1176 2422 1292 2461 fiunt.
1312 2419 1426 2475 quod
1448 2419 1481 2458 si
1502 2418 1559 2459 ita
1579 2426 1657 2470 est,

233 2477 377 2516 omnia
396 2477 619 2517 necessitas
639 2477 778 2518 efficit.
839 2477 887 2517 Id
920 2478 953 2518 si
984 2493 1124 2519 verum
1155 2487 1232 2527 est,
1254 2476 1354 2516 nihil
1374 2485 1437 2516 est
1458 2476 1498 2514 111
1517 2483 1660 2515 nostra

234 2539 455 2586 potestate.
491 2542 554 2574 est
583 2542 723 2574 autem
754 2534 952 2589 aliquid
942 2550 983 2574 m
1014 2543 1155 2575 nostra
1183 2540 1403 2587 potestate.
1462 2539 1500 2563 34
1518 2532 1593 2582 Α1,
1623 2530 1657 2572 51

277 2637 317 2662 8⁴2
341 2643 414 2661 ‘vera
434 2643 486 2660 non
505 2639 619 2662 est-—ut
631 2633 719 2673 falsa
735 2635 785 2672 sit]
804 2635 880 2664 Edd.
897 2641 928 2663 et
969 2640 1019 2663 tur
1035 2635 1122 2665 enim
1133 2634 1258 2673 putabat
1274 2636 1331 2663 &c-

233 2683 296 2705 δεῖ.
313 2676 375 2705 fere
391 2675 510 2704 habent
524 2686 626 2704 verum
642 2677 804 2715 etfalsum.
832 2677 927 2705 Davi·
1012 2683 1051 2707 234
1075 2678 1129 2712 At,
1146 2677 1169 2705 si
1185 2676 1320 2716 omniaf.
1334 2675 1383 2715 f.]
1403 2675 1445 2704 A!
1462 2675 1578 2705 habent
1594 2676 1659 2706 MS.

235 2718 314 2748 siani
331 2725 439 2748 autem
455 2717 524 2748 libri
544 2719 715 2757 habebant,
733 2720 817 2758 quod
833 2719 928 2748 edidi·
971 2719 1078 2750 Guelf.
1092 2727 1121 2749 et
1137 2720 1188 2749 alii
1205 2720 1287 2758 apud
1303 2719 1482 2755 Davisium,
1497 2719 1571 2748 item
1587 2719 1658 2748 edd.

235 2769 321 2790 mus.
969 2763 1048 2792 Ven.
1067 2770 1158 2796 1494
1176 2762 1306 2792 Mediol.
1322 2762 1396 2791 Asc.
1413 2763 1472 2792 &c.
1495 2762 1588 2801 idque
1611 2770 1658 2792 res

279 2809 318 2833 33
336 2802 491 2842 probabat]
511 2804 573 2834 Ms.
591 2804 697 2834 Guelf
715 2804 829 2843 proba!
848 2810 927 2834 utet
968 2806 1114 2846 postulat.
1145 2805 1248 2845 Vulgo
1265 2812 1311 2836 est
1325 2805 1381 2835 Ac.

236 2845 332 2876 edidit
351 2846 498 2878 Davisius
522 2848 626 2886 tacite,
644 2854 675 2878 et
696 2847 800 2879 male:
822 2848 927 2887 sequi-
