1778 3095
266 143 338 176 182
576 140 647 178 DE
675 140 830 178 FINIB.
851 141 1050 179 BONOR.
1071 141 1137 178 ET
1164 139 1372 177 MALOR.

259 244 522 300 petitionem,
561 254 609 287 ut
642 261 934 291 conservemus
973 255 1139 287 nosmet
1177 246 1304 302 ipsos.
1342 244 1424 284 hoc
1462 244 1683 286 convenit:

260 302 450 357 sequitur
476 302 595 353 illud,
625 313 673 344 ut
702 303 1095 353 animadvertamus,
1130 304 1201 358 qui
1231 304 1360 343 simus
1392 300 1482 355 ipsi,
1513 309 1560 341 ut
1593 316 1685 352 nos,

260 358 403 414 quales
443 368 610 414 oportet
644 374 748 410 esse,
784 374 1007 401 servemus.
1043 374 1187 400 sumus
1219 359 1348 414 igitur
1386 356 1604 397 homines:
1635 371 1686 398 ex

258 415 400 456 animo
434 424 675 456 constamus
711 424 751 456 et
783 430 958 471 corpore
974 433 986 467 3
1021 425 1162 472 5&quae
1194 424 1290 456 sunt
1320 412 1688 470 cujusdammodi3

258 487 418 528 nosque
442 481 624 527 oportet,
656 481 704 513 ut
738 474 873 527 prima
904 472 1106 527 appetitio
1138 472 1336 513 naturalis
1365 469 1565 526 postulat,
1595 469 1686 511 haec

257 528 447 584 diligere,
468 528 810 583 constituereque
830 544 879 568 ex
905 529 969 569 his
1000 529 1122 569 finem
1151 529 1269 569 illum
1303 527 1455 570 summi
1486 526 1601 575 boni,
1621 533 1685 566 at-

258 599 339 640 que
359 585 513 626 ultimi.
544 599 685 640 quem,
717 586 749 626 si
782 586 916 640 prima
950 600 1044 625 vera
1079 585 1175 634 sint,
1206 585 1264 625 ita
1293 583 1490 625 constitui
1517 596 1686 624 necesse

257 650 335 691 est,
378 651 568 682 ⁵9earum
608 656 761 691 rerum,
801 656 894 696 quae
928 642 1010 681 sint
1041 641 1270 682 secundum
1308 650 1516 691 naturam,
1556 654 1683 695 quam

194 703 246 740 26
256 698 450 753 plurima,
480 707 522 739 et
552 713 675 753 quam
709 698 891 738 maxima
920 697 1108 752 adipisci.
1167 698 1296 738 Hunc
1328 697 1456 752 igitur
1478 697 1602 737 finem
1626 695 1687 737 illi

256 763 507 795 tenuerunt:
541 755 740 810 quodque
779 769 861 810 ego
898 754 1088 810 pluribus
1121 753 1268 805 verbis,
1302 753 1363 794 illi
1401 753 1581 803 brevius,
1620 766 1684 793 se-

256 811 440 851 cundum
476 821 667 852 naturam
703 811 848 852 vivere.
889 811 969 852 hoc
1009 811 1073 852 his
1108 811 1319 851 bonorum
1354 809 1516 850 videtur
1550 818 1686 850 extre-

176 862 231 908 ll
255 882 389 907 mum.
449 868 546 923 Age
569 882 680 909 nunc
700 868 767 909 isti
792 868 986 918 doceant,
1014 867 1077 908 vel
1107 876 1154 908 tu
1179 866 1321 922 potius
1345 866 1454 922 (quis
1474 865 1586 907 enim
1605 865 1685 906 ista

252 924 404 964 melius
423 926 454 976 ?)
490 940 675 979 quonam
706 925 835 966 modo
868 926 921 966 ab
954 924 1102 966 iisdem
1132 923 1344 979 principiis
1374 923 1566 978 profecti,
1596 921 1683 962 effi-

250 981 385 1031 ciatis,
423 989 470 1021 ut
504 981 682 1022 honeste
713 982 860 1033 vivere,
902 982 959 1036 (id
995 990 1059 1022 est
1093 981 1205 1022 enim
1237 980 1300 1022 vel
1339 994 1390 1020 ex
1422 979 1589 1029 virtute,
1622 978 1686 1019 vel

250 1045 408 1078 naturae
430 1046 711 1094 congruenter
739 1039 886 1091 vivere)
920 1053 1134 1080 summum
1160 1038 1320 1079 bonum
1347 1036 1416 1087 sit,
1436 1043 1479 1076 et
1500 1048 1684 1091 quonam

249 1094 396 1145 modo,
426 1104 500 1135 aut
531 1110 615 1151 quo
653 1096 748 1136 loco
784 1110 936 1151 corpus
971 1095 1112 1136 subito
1150 1093 1428 1143 deserueritis,
1458 1091 1684 1147 omniaque

249 1165 311 1201 ea,
333 1167 427 1206 quae
447 1167 545 1192 cum
578 1152 811 1193 secundum
844 1162 1036 1193 naturam
1069 1152 1165 1201 sint,
1196 1150 1336 1191 absint
1355 1165 1379 1189 a
1399 1157 1540 1190 nostra
1563 1157 1683 1203 pote-

250 1216 384 1248 state:
414 1208 551 1263 ipsum
574 1208 753 1263 denique
782 1209 981 1249 officium.
1013 1223 1158 1264 quaero
1186 1207 1331 1262 igitur,
1363 1220 1447 1261 quo
1469 1205 1598 1245 niodo
1618 1205 1684 1244 hae

249 1273 376 1305 tantae
399 1265 789 1306 commendationes
811 1281 835 1305 a
863 1274 1010 1305 natura
1041 1264 1254 1327 profectae,
1281 1262 1421 1303 subito
1438 1276 1462 1301 a
1482 1260 1685 1316 sapientia

187 1335 237 1376 27
250 1321 406 1361 relictae
429 1321 524 1362 sint.
584 1321 714 1377 Quod
737 1322 770 1361 si
793 1337 876 1361 non
898 1321 1080 1361 hominls
1101 1334 1316 1361 summum
1339 1319 1501 1359 bonum
1522 1331 1686 1373 quaere·

249 1391 405 1427 remus,
438 1377 511 1418 sed
542 1378 762 1433 cujusdam
795 1378 1042 1419 animantis:
1075 1377 1107 1417 is
1144 1385 1285 1418 autem
1317 1383 1426 1416 esset
1457 1373 1575 1424 nihil,
1606 1374 1683 1415 nisi

246 1434 410 1474 animus
430 1451 438 1475 :
471 1441 511 1465 60
526 1434 666 1488 (liceat
687 1435 797 1475 enim
821 1435 976 1490 fingere
1005 1434 1163 1488 aliquid
1188 1431 1412 1489 ejusmodi,
1434 1446 1520 1486 quo
1539 1445 1680 1471 verum

245 1490 410 1531 facilius
443 1491 713 1546 reperiamus)
752 1501 893 1532 tamen
925 1491 984 1532 illi
1018 1492 1159 1532 animo
1192 1505 1275 1530 non
1304 1497 1413 1529 esset
1451 1488 1518 1528 hic
1551 1497 1684 1528 vester

247 1546 352 1587 finis.
375 1547 628 1589 desideraret
651 1548 762 1588 enim
793 1547 1077 1596 valitudinem,
1108 1547 1358 1587 vacuitatem
1389 1544 1574 1585 doloris:
1607 1557 1682 1598 ap-

245 1612 409 1658 peteret
441 1605 568 1645 etiam
608 1605 967 1646 conservationem
1006 1604 1084 1653 sui,
1117 1610 1153 1635 61
1166 1616 1395 1657 earumque
1428 1615 1566 1642 rerum
1608 1615 1682 1640 cu-

247 1661 456 1702 stodiam:
489 1662 697 1717 finemque
725 1661 802 1701 sibi
828 1661 1113 1710 constitueret,
1145 1658 1375 1700 secundum
1404 1667 1595 1698 naturam
1624 1657 1682 1697 vi-

247 1731 364 1758 vere:
397 1718 513 1773 quod
533 1728 610 1769 est,
632 1727 680 1759 ut
708 1718 806 1768 dixi,
831 1718 986 1758 habere
1021 1731 1084 1767 ea,
1111 1732 1206 1771 quae
1234 1714 1465 1756 secundum
1488 1723 1681 1754 naturam

184 1773 344 1825 Qesint,
386 1775 449 1815 vel
486 1775 641 1825 omnia,
686 1774 747 1815 vel
787 1775 983 1830 plurima,
1023 1784 1065 1814 et
1104 1773 1299 1814 maxima.
1361 1771 1683 1826 Cujuscumque

203 1831 360 1872 b.enim
382 1831 497 1872 modi
518 1832 673 1872 animal
698 1831 989 1872 constitueris:
1022 1844 1192 1871 necesse
1221 1837 1298 1879 est,
1327 1828 1454 1868 etiam
1475 1827 1510 1868 si
1530 1826 1572 1867 id
1592 1827 1681 1867 sine

246 1902 424 1942 corpore
461 1888 528 1938 sit,
567 1896 613 1929 ut
653 1889 864 1943 fingimus,
902 1897 1043 1928 tamen
1087 1901 1177 1927 esse
1218 1886 1258 1926 in
1298 1884 1439 1925 animo
1486 1883 1680 1939 quaedam

245 1944 398 1985 similia
417 1960 578 1995 eorum,
600 1960 693 2000 quae
715 1946 797 1985 sint
822 1945 862 1985 in
892 1958 1096 1999 corpore:
1126 1952 1174 1984 ut
1204 1941 1320 1982 nullo
1351 1939 1497 1991 modo,
1526 1939 1604 1981 nisi
1634 1949 1682 1982 ut

245 2002 435 2056 exposui,
458 2001 658 2042 constitui
680 2002 811 2056 possit
845 2001 934 2041 finis
964 2001 1189 2041 bonorum.
1253 1997 1519 2054 Chrysippus
1537 2005 1678 2037 autem

245 2070 457 2113 exponens
488 2058 742 2100 differentias
780 2057 1073 2107 animantium,
1110 2057 1168 2096 ait
1197 2055 1298 2096 alias
1328 2069 1471 2095 earum
1503 2067 1680 2109 corpore

245 2115 462 2166 excellere,
495 2115 595 2155 alias
625 2124 765 2156 autem
798 2114 953 2164 animo,
985 2113 1205 2155 nonnullas
1235 2111 1368 2153 valere
1398 2118 1575 2164 utraque
1608 2123 1679 2151 re:

245 2170 395 2212 deinde
430 2173 630 2227 disputat,
665 2171 831 2227 62quod
863 2171 1066 2226 cujusque
1100 2168 1263 2224 generis
1295 2166 1518 2208 animantis
1551 2166 1680 2207 statui

244 2226 391 2269 deceat
423 2237 674 2269 extremum.
705 2244 802 2269 cum
836 2237 977 2268 autem
1010 2227 1226 2268 hominem
1257 2225 1299 2264 in
1332 2237 1383 2264 eo
1412 2236 1568 2278 genere
1600 2236 1678 2277 po—

244 2284 410 2337 suisset,
430 2295 480 2326 ut
499 2285 537 2326 ei
558 2285 759 2326 tribueret
778 2284 905 2325 animi
935 2282 1222 2325 excellentiam
1240 2299 1249 2322 :
1281 2294 1495 2321 summum
1516 2280 1678 2320 bonum

244 2340 288 2382 id
309 2343 541 2393 constituit,
572 2349 609 2374 63
623 2349 706 2383 non
738 2351 784 2383 ut
817 2340 1018 2382 excellere
1049 2339 1204 2390 animo,
1242 2337 1315 2378 sed
1346 2337 1409 2378 uti
1438 2335 1544 2377 nihil
1573 2349 1678 2387 esse,

267 2508 305 2532 53
330 2511 395 2542 q'tae
410 2507 475 2529 sant
495 2499 731 2539 cqjusdammodt]
750 2499 849 2529 Graeci
868 2498 937 2526 ποῖά

244 2555 322 2572 mm:
349 2545 368 2574 i.
385 2554 411 2572 e.
433 2543 581 2572 habentia
602 2542 788 2581 qualitates:
814 2543 852 2571 de
867 2543 936 2579 qui-

244 2587 304 2617 bus
322 2587 353 2616 in
371 2587 524 2616 Academ.
539 2587 651 2615 v.1nd.
667 2585 721 2614 Gr.
739 2585 771 2614 in
789 2583 915 2614 στοιὲτης.

289 2637 328 2662 59
353 2641 375 2659 e.
407 2641 430 2657 r.
458 2639 524 2669 quae
545 2629 601 2657 sint
628 2639 649 2657 s.
673 2628 718 2664 n.l
746 2627 803 2655 sint
818 2627 937 2656 habent

244 2673 323 2703 Mss.
350 2673 423 2702 editi
448 2671 517 2701 libri
542 2678 617 2700 sunt.
645 2671 770 2710 corrigit
793 2680 833 2700 ex
861 2670 938 2699 Mss.

242 2718 364 2756 primus
381 2715 541 2744 Davisius.

285 2764 325 2789 60
349 2758 434 2787 liceat
461 2757 535 2786 em'm
547 2754 680 2796 1Ῐῖῐκςενε]
707 2755 792 2785 liceat
817 2755 936 2784 habent

240 2803 310 2831 edd.
327 2811 372 2840 pr.
390 2807 419 2830 et
436 2800 515 2830 Mss.
539 2800 612 2831 fere.
636 2801 720 2839 quod
745 2798 863 2829 restitui
880 2808 934 2837 pro

239 2845 366 2883 vulgato
385 2844 461 2873 licet.

283 2893 319 2917 61
346 2897 498 2928 earumque
514 2897 607 2915 rerum
624 2883 793 2924 castaliam]
813 2884 845 2914 Ρ.
864 2883 935 2914 Ma-

981 2496 1091 2527 nutius
1108 2496 1281 2534 corrigebat
1301 2506 1482 2536 suarumque.

1025 2544 1062 2569 62
1089 2539 1164 2579 quod
1177 2550 1201 2568 c.
1216 2539 1329 2578 generis
1354 2537 1511 2567 animantis
1527 2544 1564 2569 st.
1580 2538 1678 2568 deceat

981 2581 1071 2620 extr.]
1091 2582 1235 2611 Primum
1252 2582 1332 2611 mihi
1345 2582 1468 2611 videtur
1484 2581 1599 2612 melius
1615 2581 1676 2622 legi

980 2624 1144 2661 animanti3
1168 2625 1283 2654 ultima
1303 2625 1391 2654 litera
1413 2625 1515 2663 potuit
1537 2625 1677 2654 adhaere-

983 2678 1067 2697 scere
1081 2678 1097 2696 e
1110 2675 1260 2706 sequente
1270 2668 1376 2697 verbo.
1389 2668 1501 2696 deinde
1513 2677 1568 2705 pro
1580 2667 1678 2696 deceat

983 2711 1083 2749 magis
1100 2710 1202 2749 placet
1216 2711 1327 2746 debeat,
1340 2718 1376 2740 ut
1386 2718 1430 2740 est
1445 2711 1476 2739 in
1493 2711 1541 2739 ed.
1558 2710 1676 2740 Victor.

980 2761 1011 2783 et
1028 2755 1059 2783 in
1077 2754 1139 2783 Ms.
1164 2754 1280 2784 Eliensi
1305 2754 1415 2794 reperit
1437 2753 1598 2790 Davisius,
1619 2754 1676 2792 qui

978 2803 1008 2826 et
1024 2798 1151 2836 recepit.

1022 2844 1060 2869 63
1099 2851 1151 2868 non
1192 2838 1329 2868 excellere
1371 2836 1672 2876 animo—videretur]

978 2884 1160 2914 Praecedens
1188 2882 1220 2910 id
1246 2882 1294 2912 vel
1324 2882 1366 2911 ita
1393 2881 1542 2911 constituit
1570 2888 1600 2911 et
1628 2890 1677 2911 se-
