1778 3095
232 122 313 164 1⁴74
542 119 614 157 DE
642 120 798 159 FINIB.
827 120 1028 160 BONOR.
1057 121 1126 159 ET
1153 121 1358 160 MALOR.

197 225 403 269 4illorum
434 228 596 269 ratione
629 243 728 271 cum
759 236 852 272 tota
882 239 1018 273 vestra
1051 230 1366 288 confligendum
1398 236 1517 285 puto.
1574 229 1664 273 Qui

233 298 334 325 cum
360 283 560 336 viderent,
579 285 638 326 ita
669 300 744 328 nos
775 301 867 328 esse
896 296 1030 338 natos,
1055 298 1105 328 ut
1135 298 1178 330 et
1205 287 1489 329 communiter
1513 286 1566 327 ad
1593 301 1666 328 eas

232 339 403 382 virtutes
424 341 511 397 apti
542 356 742 394 essemus,
763 358 856 399 quae
887 354 1015 395 notae,
1043 344 1308 400 illustresque
1328 352 1440 394 sunt,
1454 342 1665 399 justitiam

233 395 345 448 dico,
385 399 722 453 temperantiam,
760 409 1005 457 ceterasque
1044 402 1208 456 generis
1244 399 1464 457 ejusde1n3
1515 407 1550 432 ¹1
1570 412 1666 455 quae

233 467 381 495 omnes
418 455 572 496 similes
603 456 756 497 artium
791 457 1063 512 reliquarum,
1094 458 1268 499 materia
1302 466 1468 498 tantum
1499 456 1553 497 ad
1573 470 1666 496 me-

231 509 383 551 liorem
414 520 592 566 partem,
614 521 657 552 et
686 513 934 553 tractatione
960 513 1184 555 differunt:
1216 529 1371 569 easque
1403 513 1514 569 ipsas
1534 513 1666 553 virtu-

230 573 295 606 tes
327 566 513 609 viderent
542 582 618 609 nos
647 569 986 624 magnificentius
1014 578 1226 624 appetere,
1247 579 1290 611 et
1317 569 1556 619 ardentius3
1589 568 1666 609 ha·-

230 623 330 663 bere
360 623 487 664 etiam
520 624 739 665 12insitam
770 625 997 680 quandam,
1028 626 1092 666 vel
1121 627 1263 681 potius
1293 626 1479 667 innatam
1500 624 1667 682 cupidi-

230 688 364 720 tatem
386 681 586 731 scientiae‚
608 689 812 736 natosque
833 695 925 722 esse
944 682 998 723 ad
1027 683 1404 738 congregationem
1427 683 1667 733 hominum,

231 744 275 777 et
300 737 354 777 ad
386 738 648 787 societatem,
683 738 1118 794 communitatemque
1137 739 1302 794 generis
1324 739 1512 790 humani,
1532 752 1666 794 eaque

230 792 272 834 in
308 794 501 834 maximis
533 793 714 848 ingeniis
747 795 929 836 maxime
963 794 1153 836 elucere:
1185 803 1318 836 totam
1352 795 1666 851 philosophiam

230 857 316 889 tres
342 849 385 889 in
415 859 554 904 partes
585 850 826 892 diviserunt.
847 866 975 907 quam
997 852 1267 907 partitionem
1287 867 1310 892 a
1334 853 1508 892 Zenone
1527 861 1668 893 reten-

196 910 319 945 5tam
350 920 442 946 esse
470 906 673 948 videmus.
732 908 925 964 Quarum
955 923 1054 949 cum
1083 923 1168 949 una
1197 908 1264 959 sit,
1285 923 1370 964 qua
1397 922 1537 949 mores
1566 921 1670 949 con-

230 962 406 1003 formari
435 972 662 1018 putantur3
694 963 841 1005 differo
877 979 971 1006 eam
1000 974 1177 1021 partem,
1199 980 1294 1021 quae
1317 964 1438 1021 quasi
1456 965 1582 1020 stirps
1602 971 1669 1005 est

231 1017 361 1074 hujus
396 1021 671 1075 quaestionis:
705 1021 777 1077 qui
812 1022 867 1062 sit
896 1022 1009 1062 enim
1042 1022 1133 1063 finis
1164 1023 1391 1072 bonorum,
1425 1036 1555 1062 mox:
1585 1021 1669 1062 hoc

229 1074 328 1116 loco
361 1083 527 1117 tantum
560 1077 671 1128 dico,
694 1092 719 1118 a
745 1078 955 1119 veteribus
978 1078 1278 1134 Peripateticis,
1299 1077 1669 1134 Academicisque‚

231 1131 303 1188 qui
324 1146 368 1173 re
387 1134 711 1185 consentientes,
730 1134 944 1176 vocabulis
964 1134 1226 1185 differebant,
1245 1149 1342 1176 eum
1361 1135 1520 1185 locum,
1541 1148 1669 1190 quem

231 1188 396 1230 civilem
418 1198 530 1231 recte
552 1190 800 1246 appellaturi
819 1191 1021 1240 videmur,
1047 1198 1082 1223 13
1098 1191 1239 1232 Graeci
1254 1192 1455 1241 πολιτικὸν,
1472 1191 1671 1246 graviter,

187 1242 276 1289 Set
311 1246 483 1300 copiose
514 1261 605 1287 esse
636 1256 876 1288 tractatum.
935 1249 1080 1290 Quam
1112 1247 1248 1288 multa
1278 1247 1340 1288 illi
1369 1247 1422 1288 de
1452 1246 1671 1303 republica

232 1302 491 1357 scripserunt
511 1305 523 1343 ?
557 1318 684 1359 quam
714 1302 849 1344 multa
878 1303 932 1344 de
953 1304 1121 1359 legibus
1144 1305 1158 1344 ?
1192 1318 1320 1359 quam
1338 1302 1474 1345 multa
1493 1318 1577 1344 non
1599 1318 1672 1345 so-

229 1357 320 1400 lum
350 1367 563 1414 praecepta
593 1360 635 1400 in
665 1360 840 1412 artibus,
870 1360 945 1401 sed
974 1361 1103 1402 etiam
1132 1360 1326 1416 exempla
1344 1361 1386 1402 in
1406 1360 1670 1402 orationibus
1718 1408 1722 1413 ι

230 1414 340 1455 bene
373 1414 541 1457 dicendi
564 1416 850 1472 reliquerunt?
883 1416 1068 1472 primum
1093 1417 1206 1459 enim
1231 1418 1322 1473 ipsa
1345 1417 1432 1468 illa,
1451 1432 1545 1473 quae
1567 1417 1670 1458 sub-

229 1471 360 1512 tiliter
390 1471 630 1513 disserenda
659 1483 790 1525 erant,
821 1474 969 1529 polite,
996 1482 1179 1530 apteque
1208 1474 1415 1525 dixerunt,
1445 1488 1544 1514 cum
1565 1473 1670 1515 defi-

233 1528 410 1579 nientes,
430 1537 521 1570 tum
543 1529 770 1585 partientes
787 1547 796 1572 :
828 1538 874 1572 ut
894 1530 1019 1572 vestri
1039 1531 1165 1572 etiam
1184 1547 1194 1572 z
1225 1530 1300 1572 sed
1318 1545 1391 1572 vos
1410 1529 1642 1586 squalidius
1654 1546 1669 1582 ς

196 1584 416 1637 Gillorum,
438 1585 565 1637 vides,
585 1601 712 1642 quam
733 1587 863 1628 niteat
882 1587 1032 1629 oratio.
1090 1587 1260 1629 Deinde
1280 1602 1344 1638 ea,
1364 1601 1460 1643 quae
1481 1586 1668 1643 require-

232 1642 335 1682 bant
363 1642 597 1683 orationem
628 1651 836 1694 ornatam,
870 1653 913 1685 et
942 1658 1127 1699 gravem,
1157 1658 1284 1700 quam
1315 1643 1540 1699 magnifice
1569 1652 1670 1686 sunt

231 1698 347 1739 dicta
375 1699 428 1740 ab
457 1699 570 1740 illis?
603 1714 730 1755 quam
759 1699 1009 1756 splendide?
1041 1699 1093 1741 de
1115 1701 1296 1758 justitia,
1327 1700 1380 1741 de
1406 1700 1670 1753 fortitudine,

188 1763 221 1794 b.
233 1754 285 1795 de
314 1755 514 1806 amicitia,
544 1755 597 1797 de
627 1764 752 1798 aetate
783 1757 990 1812 degenda,
1023 1766 1060 1789 ¹4
1074 1757 1127 1798 de
1146 1757 1430 1813 philosophia,
1449 1757 1501 1798 de
1521 1771 1669 1813 capes-

231 1811 362 1852 senda
391 1812 621 1867 republica,
640 1813 693 1854 de
720 1815 1014 1870 temperantia,
1038 1823 1074 1846 1⁵
1089 1814 1142 1855 de
1162 1813 1424 1866 fortitudine,
1444 1813 1668 1855 hominum

231 1870 256 1895 ἧς
278 1871 303 1895 *
328 1868 381 1910 de
409 1869 549 1925 spinas
578 1869 837 1923 vellentium,
857 1879 906 1914 ut
925 1871 1074 1923 Stoici,
1095 1885 1171 1912 nec
1191 1885 1288 1912 ossa
1308 1869 1575 1922 nudantium,
1594 1871 1670 1913 sed

229 2004 306 2026 nem
322 1995 452 2026 illorum
468 1997 658 2036 opponendo
677 1996 832 2027 universae
847 1996 927 2027 Stoi-

229 2047 287 2068 cae.
333 2038 504 2079 Comparat
528 2040 617 2070 enim
648 2046 752 2070 totum
789 2046 929 2079 systema

228 2082 462 2113 Academicum
472 2092 548 2113 cum
561 2083 679 2121 Stoico,
696 2089 727 2114 et
741 2084 817 2123 quid
834 2084 930 2113 inter-

229 2125 281 2162 sit,
296 2125 399 2155 docet.

276 2175 311 2198 11
338 2179 404 2209 quae
424 2179 516 2198 omnes
537 2167 644 2199 similes
665 2181 695 2199 a.
716 2180 740 2199 r.
759 2168 929 2198 materia-

230 2209 272 2239 ad
284 2210 427 2241 meliorem
436 2217 550 2251 partem
566 2211 723 2252 dffrunt]
743 2212 781 2242 In
798 2213 847 2242 his
863 2213 928 2242 hae·

230 2253 272 2283 sit
292 2254 453 2291 Davisius,
478 2264 557 2291 non,
581 2254 694 2291 fassus,
712 2265 745 2286 se
761 2265 797 2284 ea
814 2255 930 2285 intelli-

230 2305 318 2336 gere:
343 2298 515 2337 praesertim
532 2297 586 2327 illa
598 2298 638 2326 ad
647 2298 790 2328 meliorem
799 2304 927 2338 partem.

229 2338 368 2370 Sensum
385 2340 571 2371 universum
587 2342 690 2371 video.
734 2341 843 2378 Dicit3
868 2342 928 2372 vir-

229 2388 338 2412 tuturn
362 2384 479 2413 harum
499 2393 565 2414 esse
580 2393 651 2414 eam
669 2385 837 2420 rationem,
854 2394 928 2423 quae

228 2426 268 2455 sit
282 2427 419 2456 artium:
436 2436 509 2466 quae
525 2433 652 2457 tantum
668 2428 810 2464 materia,
828 2437 927 2466 quarn

227 2474 374 2505 tractent,
391 2475 422 2498 et
445 2470 541 2499 modo
564 2471 685 2500 diverso
709 2472 849 2500 materiae
868 2477 927 2500 tra-

228 2511 352 2541 ctandae
367 2512 530 2542 differant:
548 2522 625 2543 curn
643 2514 770 2551 ingenio
786 2519 816 2543 et
831 2513 927 2543 soler-

228 2554 272 2583 tia
295 2563 382 2593 pares
406 2555 479 2584 sint.
505 2565 581 2585 nam
605 2563 635 2585 et
658 2557 787 2586 virtutes
808 2554 877 2586 illas
893 2556 926 2585 in

227 2606 274 2633 se,
291 2607 356 2636 qua
370 2597 434 2626 sint
453 2598 594 2634 virtutes,
614 2607 650 2627 ac
671 2608 785 2636 genere
802 2599 927 2628 univer-

228 2648 264 2669 so
280 2639 325 2669 nil
342 2640 484 2678 differre3
502 2648 643 2670 ceterum
656 2642 778 2671 differre
794 2641 924 2679 objectis

227 2689 259 2712 et
289 2683 393 2713 modis
420 2684 544 2722 agendi.
574 2683 697 2713 materia
720 2684 761 2713 ad
785 2684 926 2713 meliorem

225 2731 340 2763 partem
356 2732 402 2755 est
418 2727 549 2756 materia
570 2726 695 2763 melior,
719 2728 793 2767 quia
810 2737 926 2767 nempe

225 2767 308 2798 alius
333 2769 456 2798 virtutis
481 2769 646 2807 objectum
673 2777 719 2800 est
745 2771 777 2800 in
801 2771 923 2807 animo,

226 2811 307 2841 alius
329 2811 361 2841 in
378 2821 518 2852 corpore,
534 2812 615 2843 alius
640 2814 718 2843 item
743 2814 774 2844 in
790 2813 924 2852 singulis

227 2854 428 2892 hominibus,
453 2855 533 2887 alius
552 2856 693 2888 vicissim
719 2857 751 2887 in
779 2858 926 2888 universa

971 1997 1097 2028 civitate
1111 2004 1167 2027 aut
1182 2006 1295 2037 genere
1310 1997 1468 2028 humano.

1017 2047 1054 2071 12
1079 2039 1294 2070 insitam—vel
1300 2040 1398 2079 potius
1419 2036 1568 2080 innatam]
1587 2040 1669 2080 Ergo

972 2083 1061 2113 insita
1079 2090 1110 2114 et
1129 2083 1232 2113 innata
1257 2083 1417 2113 differunt.
1440 2091 1556 2122 nempe
1579 2082 1669 2112 insita

971 2133 1060 2163 sunt,
1084 2136 1157 2166 quae
1183 2127 1316 2156 firmiter
1339 2126 1460 2155 haerent
1486 2126 1519 2155 in
1543 2126 1668 2162 animo,

971 2179 1166 2209 quacunque
1181 2171 1219 2199 de
1235 2177 1343 2206 causa,
1360 2168 1456 2198 etiam
1477 2169 1517 2198 ab
1532 2177 1669 2200 consue-

970 2213 1100 2243 tudine:
1124 2219 1156 2242 at
1172 2212 1285 2249 innata,
1302 2220 1375 2251 quae
1390 2211 1421 2241 id
1444 2211 1564 2242 habent
1579 2222 1597 2242 a
1612 2221 1668 2243 na-

971 2264 1050 2288 tura.
1066 2266 1096 2286 v.
1113 2255 1201 2286 Clav.
1217 2256 1249 2285 in
1266 2256 1299 2285 h.
1314 2265 1345 2284 v.

1016 2305 1052 2329 18
1079 2298 1183 2328 Graeci
1204 2297 1288 2336 esrom]
1315 2297 1380 2333 Sic,
1405 2306 1470 2326 non
1496 2295 1614 2334 Graece,
1632 2304 1670 2329 ut

971 2348 1018 2372 est
1039 2342 1071 2371 in
1092 2341 1200 2381 vulgg.
1222 2341 1407 2380 legendum.
1425 2349 1500 2370 nam
1518 2340 1548 2370 id
1565 2341 1668 2380 magis

970 2385 1130 2415 consentit
1151 2384 1362 2414 antecedenti.
1383 2389 1414 2413 et
1429 2384 1474 2413 sic
1489 2383 1585 2413 edidit
1595 2384 1666 2423 jam

970 2428 1138 2458 Victorius.

1017 2478 1054 2500 14
1076 2470 1111 2499 de
1128 2467 1325 2510 philosophia]
1356 2469 1429 2499 Hoc
1454 2469 1534 2499 mihi
1558 2478 1668 2508 suspe-

969 2519 1060 2543 ctum
1081 2520 1136 2543 est.
1156 2521 1233 2542 nam
1249 2513 1303 2542 hic
1318 2519 1395 2542 sunt
1408 2512 1470 2542 loci
1485 2513 1524 2542 de
1539 2511 1666 2549 officiis,

969 2556 1001 2585 in
1022 2556 1139 2595 quibus
1159 2555 1248 2585 locus
1272 2556 1457 2586 communis
1472 2556 1511 2586 de
1526 2554 1667 2595 philoso-

969 2598 1044 2638 phia
1060 2609 1126 2629 non
1141 2605 1198 2628 est.

1014 2649 1051 2672 15
1074 2641 1109 2670 de
1113 2639 1306 2682 fortitudine,
1320 2640 1542 2670 hominum—de
1556 2647 1600 2680 sp.
1612 2638 1664 2681 v.]

970 2684 1157 2724 Interpunxi
1195 2690 1265 2723 post
1291 2683 1484 2725 fvt-titudine,
1522 2683 1666 2713 hominum

969 2727 1102 2767 pertinet
1117 2728 1156 2758 ad
1171 2726 1354 2757 vellentium.
1400 2727 1576 2763 Lacunam,
1593 2736 1666 2766 quae

967 2771 1122 2809 sequitur,
1135 2769 1328 2810 expleverim
1341 2780 1407 2800 uno
1423 2770 1518 2800 verbo
1530 2781 1597 2806 non,
1612 2770 1666 2800 de-

968 2813 1031 2844 leto
1052 2813 1096 2844 de.
1126 2813 1280 2855 intellige,
1307 2823 1381 2854 quae
1402 2815 1467 2846 sint
1493 2814 1668 2845 hominum

968 2866 1034 2889 non
1050 2857 1156 2899 spinas
1171 2866 1201 2888 v·
