1778 3095
627 171 807 212 LIBER
835 171 1082 210 PR1MUS.
1469 179 1552 223 409

119 287 263 342 Atque
281 284 407 326 etiarn
427 280 702 324 Antisthenes
730 279 774 320 in
802 293 854 320 eo
884 279 1009 331 libro,
1030 277 1104 335 qui
1134 278 1336 335 physicus
1361 279 1634 331 inscribi-13

120 353 202 395 tur,
223 341 443 398 populares
463 338 563 379 deos
584 337 757 387 multos,
773 336 1007 377 naturalem
1025 350 1159 377 unum
1178 348 1268 376 esse
1287 334 1446 388 dicens,
1465 339 1550 380 tol-
1563 357 1618 391 32

119 400 169 441 lit
189 399 286 449 vim,
307 407 350 439 et
370 404 562 437 naturam
584 394 776 435 deorum.
834 394 928 434 Nec
958 392 1097 434 multo
1127 406 1246 433 secus
1274 392 1552 448 Speusippus,

123 457 338 497 Platonem
367 451 621 494 avunculum
656 451 929 506 subsequens,
963 458 1006 490 et
1041 449 1124 490 vim
1152 448 1364 504 quandam
1394 449 1554 502 dicens,

121 527 204 568 qua
233 510 374 552 omnia
399 516 615 563 regantur,
647 520 827 562 eamque
856 505 1096 557 animalem,
1118 504 1295 547 evellere
1324 520 1376 547 ex
1405 506 1556 547 animis

121 577 297 610 conatur
316 565 604 621 cognitionem
622 563 812 605 deorum.
848 562 1101 604 Aristoteles
1121 576 1291 617 quoque
1314 571 1352 596 59
1367 562 1409 603 in
1428 562 1556 604 tertio
1568 575 1618 610 33

121 626 174 666 de
203 621 470 679 philosophia
499 621 606 662 libro
636 620 771 661 multa
800 620 958 670 turbat,
987 634 1013 660 a
1042 619 1249 675 magistro
1277 618 1450 660 Platone
1470 634 1558 660 uno

121 680 381 722 dissentiens.
412 678 542 718 modo
578 678 690 718 enim
720 677 851 718 menti
883 676 1030 718 tribuit
1059 690 1229 717 omnem
1262 675 1528 717 divinitatem
1546 693 1558 716 t

120 737 252 779 modo
272 735 480 777 mundum
501 735 639 789 ipsum
660 733 789 775 deum
817 733 920 775 dicit
946 747 1037 774 esse
1057 750 1066 774 :
1098 732 1228 773 modo
1250 731 1462 788 quendam
1481 733 1560 773 ali-

121 809 194 835 um
216 792 391 847 praeficit
410 791 587 842 mundo,
608 791 731 847 eique
764 805 832 831 eas
860 798 1000 846 partes
1035 788 1197 840 tribuit,
1217 797 1267 830 ut
1288 789 1562 845 replicatione

121 850 303 906 quadam
323 848 473 890 mundi
492 856 657 888 motum
678 856 812 901 regat,
833 856 960 902 atque
980 855 1148 888 tueatur
1168 863 1178 887 ι
1209 853 1302 887 tum
1319 846 1413 887 caeli
1433 845 1562 887 ardo-

121 920 207 948 rem
232 906 358 947 deum
379 905 482 946 dicit
502 919 607 954 esse,
629 918 713 944 non
734 903 989 958 intelligens,
1010 903 1164 944 caelum
1184 902 1334 943 mundi
1354 917 1446 944 esse
1464 917 1562 958 par-

121 971 225 1013 tem,
245 977 371 1017 quem
394 961 476 1002 alio
498 961 593 1002 loco
614 961 705 1016 ipse
726 960 959 1015 designarit
978 959 1121 1000 deum.
1162 959 1396 1015 Quomodo
1417 967 1563 1000 autem

122 1019 217 1060 caeli
238 1019 399 1059 divinus
420 1018 490 1058 ille
510 1031 655 1058 sensus
689 1017 730 1057 in
760 1017 973 1058 celeritate
993 1024 1109 1058 tanta
1131 1016 1366 1057 conservari
1386 1023 1528 1072 potest
1545 1017 1563 1057 ἓ

125 1082 165 1108 60
183 1076 256 1117 ubi
275 1074 424 1115 deinde
443 1072 504 1114 illi
524 1082 589 1115 tot
610 1073 683 1123 dii,
705 1073 739 1114 si
759 1086 1031 1114 numeramus
1061 1072 1191 1112 etiam
1220 1072 1372 1114 caelum
1398 1072 1561 1113 deum?

125 1133 239 1174 Cum
268 1140 411 1172 autem
446 1131 534 1171 sine
561 1144 740 1186 corpore
767 1129 880 1171 idem
909 1129 998 1170 vult
1025 1143 1116 1170 esse
1137 1128 1282 1180 deum,
1305 1129 1421 1170 omni
1439 1128 1563 1171 illum

123 1204 248 1231 sensu
268 1189 415 1243 privat,
437 1187 564 1228 etiam
584 1186 822 1242 prudentia.
851 1188 910 1218 ’61
928 1186 1030 1227 Quo
1051 1200 1180 1241 porro
1201 1185 1334 1227 modo
1354 1185 1565 1227 mundum

122 1260 291 1288 movere
326 1259 471 1285 carens
505 1258 711 1298 corpore3
751 1253 824 1284 aut
856 1242 1075 1299 quomodo
1109 1257 1274 1298 semper
1302 1257 1346 1284 se
1376 1256 1565 1294 movens,

125 1317 216 1343 esse
244 1302 410 1357 quietus
441 1308 484 1341 et
511 1301 662 1341 beatus
696 1301 870 1355 potest?
904 1301 998 1341 Nec
1018 1313 1115 1340 vero
1136 1299 1562 1356 ejus-condiscipulus
1576 1306 1629 1341 34

125 1360 385 1400 Xenocrates
416 1357 458 1398 in
489 1357 572 1398 hoc
602 1371 757 1412 genere
786 1356 1066 1412 prudentior:
1106 1356 1148 1397 in
1178 1356 1299 1412 cujus
1329 1356 1461 1407 libris,
1491 1356 1565 1412 qui

126 1424 224 1457 sunt
261 1415 315 1456 de
353 1423 503 1456 natura
542 1413 736 1464 deorum,
772 1414 888 1454 nulla
923 1413 1083 1469 species
1124 1412 1262 1453 divina
1299 1412 1566 1454 describitur.

125 1471 229 1513 deos
258 1473 369 1513 enim
405 1479 505 1512 octo
535 1484 626 1511 esse
653 1470 784 1512 dicit:
816 1470 1002 1527 quinque
1022 1483 1111 1520 eos,
1133 1469 1206 1525 qui
1227 1469 1269 1510 in
1295 1468 1426 1511 stellis
1446 1469 1568 1524 vagis

128 1529 428 1570 nominantur:
459 1535 607 1578 unum,
643 1527 716 1583 qui
752 1541 803 1567 ex
831 1527 1029 1568 omnibus
1061 1526 1282 1573 sideribus,
1314 1541 1409 1582 quae
1440 1525 1568 1567 infixa

126 1585 233 1626 caelo
255 1593 366 1635 sunt,
386 1597 439 1624 ex
458 1583 654 1639 dispersis
684 1583 803 1639 quasi
835 1583 1036 1624 membris
1066 1582 1245 1638 simplex
1271 1583 1325 1624 sit
1352 1582 1568 1638 putandus

127 1641 230 1683 deus
251 1659 260 1682 ε
302 1641 544 1696 septimum,
584 1640 726 1681 Solem
767 1639 964 1696 adjungit
984 1657 993 1681 :
1039 1647 1329 1694 octavamque,
1366 1641 1534 1680 Lunam
1554 1655 1566 1681 t

127 1698 200 1754 qui
227 1713 313 1754 quo
343 1712 468 1738 sensu
495 1697 610 1738 beati
640 1712 732 1738 esse
761 1697 939 1752 possint,
960 1696 1142 1752 intelligi
1173 1710 1258 1736 non
1288 1703 1443 1750 potest.
1500 1697 1566 1737 Ex

127 1754 275 1795 eadem
297 1754 480 1795 Platonis
503 1754 649 1795 schola
670 1754 869 1795 Ponticus
890 1753 1138 1794 Heraclides
1159 1752 1391 1809 puerilibus
1412 1752 1566 1794 fabulis
1576 1769 1606 1799 p.
1622 1766 1659 1793 9.

127 1812 293 1853 refersit
312 1811 467 1852 libros:
498 1819 540 1851 et
568 1821 711 1851 tamen
738 1811 869 1851 modo
897 1809 1119 1861 mundum,
1141 1818 1233 1851 tum
1254 1818 1438 1852 mentem
1462 1809 1565 1850 divi·
1577 1812 1610 1835 ³·

128 1882 228 1909 nam
246 1882 336 1908 esse
355 1875 477 1922 putat
499 1884 507 1908 :
540 1868 773 1908 errantibus
801 1867 930 1908 etiam
961 1867 1091 1908 stellis
1123 1866 1382 1907 divinitatem
1403 1866 1567 1918 tribuit,

131 1938 341 1979 sensuque
361 1924 488 1964 deum
510 1924 657 1979 privat,
679 1932 721 1964 et
741 1923 831 1980 ejus
853 1924 1050 1974 formam,
1071 1923 1319 1966 mutabilem
1341 1937 1431 1964 esse
1452 1923 1566 1964 vult:

130 1981 366 2036 eodemque
397 1980 439 2019 in
469 1980 578 2021 libro
607 1995 750 2020 rursus
781 1988 949 2031 terram,
969 1989 1014 2021 et
1042 1981 1195 2020 caelum
1224 1980 1352 2021 refert
1375 1980 1419 2020 in
1449 1979 1569 2021 deos.

129 2039 226 2079 Nec
246 2051 343 2077 vero
371 2036 653 2091 Theophrasti
684 2037 965 2078 inconstantia
992 2036 1163 2078 ferenda
1187 2045 1265 2078 est.
1295 2036 1426 2078 modo
1454 2036 1566 2077 enim
1580 2050 1632 2083 35

131 2093 264 2135 menti
285 2093 472 2134 divinum
492 2093 640 2134 tribuit
658 2093 939 2149 principatum
957 2109 967 2142 3
999 2093 1130 2134 modo
1151 2093 1280 2134 caelo:
1312 2100 1405 2134 tum
1424 2102 1569 2134 autem

131 2151 278 2207 signis,
300 2149 589 2204 sideribusque
609 2149 861 2191 caelestibus.
920 2151 1016 2191 Nec
1036 2150 1270 2191 audiendus
1288 2149 1380 2205 ejus
1401 2150 1572 2191 auditor

133 2208 291 2258 Strato,
314 2207 347 2247 is
375 2206 448 2261 qui
475 2206 677 2262 physicus
706 2207 967 2261 appellatur:
999 2207 1070 2262 qui
1092 2221 1260 2247 omnem
1282 2207 1366 2247 vim
1387 2206 1570 2247 divinam

131 2264 175 2306 in
206 2272 355 2305 natura
384 2263 507 2303 sitam
538 2277 627 2303 esse
656 2272 813 2313 censet,
833 2278 927 2318 quze
958 2277 1104 2303 causas
1129 2262 1351 2318 gignendi,
1373 2262 1573 2318 augendi,

132 2319 350 2363 minuendi
375 2319 557 2360 habeat:
590 2319 665 2360 sed
695 2328 836 2360 careat
865 2318 981 2360 omni
1011 2334 1150 2370 sensu,
1173 2328 1216 2359 et
1246 2319 1393 2374 figura.
1453 2319 1573 2361 Zeno

180 2444 219 2469 59
235 2436 265 2466 in
281 2434 364 2465 tertio
377 2434 411 2463 de
419 2433 601 2474 philosophia
617 2433 706 2475 libro]
723 2434 830 2464 Libros
873 2435 1019 2474 pertinet,
1030 2444 1129 2474 quam
1141 2440 1213 2464 ante
1224 2433 1348 2464 Platoni
1364 2435 1575 2475 exprobravit.

134 2479 307 2509 Aristotelis
323 2480 360 2509 de
379 2478 582 2518 philosophia
599 2484 832 2507 commemorat
874 2489 928 2507 uno
942 2479 1073 2516 quidem
1089 2479 1156 2507 sine
1171 2478 1270 2507 dubio
1284 2478 1436 2508 vitiosum
1451 2485 1509 2509 est.

135 2523 233 2552 etiam
248 2523 405 2561 Diogenes
427 2522 527 2550 Laert.
544 2527 574 2550 et
589 2527 648 2550 tres
664 2530 730 2550 esse
745 2520 831 2551 dicit.
919 2525 960 2552 60
981 2521 1031 2550 ubi
1045 2520 1146 2549 deinde
1161 2519 1209 2549 illi
1224 2526 1265 2549 tot
1282 2519 1353 2561 Dii]
1368 2521 1410 2551 At
1424 2522 1575 2552 Aristote-

136 2565 254 2595 Petitus
275 2565 404 2594 Observ.
423 2564 516 2594 Misc.
534 2564 589 2594 IV.
605 2573 636 2603 p.
653 2571 706 2595 45.
729 2570 831 2603 putat,
875 2564 921 2594 les
937 2573 1002 2593 non
1018 2564 1127 2594 statuit
1142 2563 1262 2593 multos
1277 2563 1374 2594 Deos.
1397 2574 1438 2594 an
1460 2566 1500 2595 ad
1521 2575 1575 2595 su-

137 2607 271 2646 intelligi
289 2607 433 2646 Metaph.
450 2608 484 2636 L.
499 2607 574 2636 XII.
591 2607 683 2636 XIII.
702 2614 732 2636 et
744 2607 831 2636 XIV.
877 2608 1010 2647 periores
1027 2607 1196 2637 sententias
1212 2607 1368 2646 pertinet?

137 2659 203 2689 qua
225 2649 344 2679 ratione
366 2650 418 2678 hic
432 2650 521 2679 XIV.
542 2649 674 2687 intelligi
699 2650 809 2679 debeat
823 2661 830 2679 t
921 2655 957 2680 61
985 2650 1023 2680 Q.
1051 2658 1082 2688 p.
1110 2649 1228 2679 mundus
1254 2650 1365 2679 moveri
1390 2661 1488 2680 carens
1514 2659 1575 2679 cor-

137 2700 175 2723 ut
202 2703 246 2722 sc.
276 2692 373 2721 etiam
403 2692 559 2722 Ciceronis
586 2693 769 2722 Academici
800 2693 833 2722 in
870 2691 953 2732 pore]
972 2693 1024 2723 An
1039 2692 1218 2723 Aristoteles
1235 2692 1370 2722 mundum
1381 2694 1460 2723 dixit
1472 2703 1576 2723 carere

140 2736 219 2766 Mss.
235 2735 426 2774 quibusdam
440 2735 654 2766 inscribuntur
665 2735 699 2765 de
711 2734 834 2774 philoso-
876 2736 1030 2775 corpore?
1056 2745 1273 2774 nequaquam.
1319 2736 1503 2774 Legendum
1529 2741 1577 2765 est

134 2779 221 2817 phin.
247 2779 331 2807 idem
356 2777 473 2807 Petitus
499 2787 577 2807 mox
600 2788 656 2817 pro
682 2789 736 2807 uno
760 2778 835 2817 legit
877 2779 1013 2808 mundum
1035 2788 1149 2807 movere
1164 2788 1208 2808 se.
1223 2779 1311 2808 deus.
1350 2779 1447 2808 Potest
1462 2788 1478 2807 6
1494 2778 1575 2807 Mss.

141 2821 198 2849 und
212 2831 222 2849 .-
245 2822 331 2859 quod
347 2829 412 2850 non
429 2819 591 2858 displicet3
609 2830 685 2850 nam
700 2832 754 2850 uno
770 2830 836 2850 non
879 2822 997 2851 addidit
1013 2822 1108 2851 etiarn
1126 2821 1287 2858 Davisius,
1303 2822 1357 2852 sed
1380 2823 1410 2851 id
1432 2822 1465 2852 in
1487 2830 1575 2861 seqq.

142 2864 352 2893 commodum
378 2869 433 2892 est.
479 2862 539 2891 Sed
569 2864 716 2893 Davisius
743 2864 839 2892 edidit
880 2871 927 2896 est
941 2870 972 2894 et
987 2865 1051 2894 huc
1070 2864 1148 2895 trahi
1166 2871 1277 2903 potest.

141 2915 210 2936 non:
224 2907 308 2946 quod
317 2907 342 2937 si
353 2914 464 2936 verum
475 2911 534 2944 est,
543 2906 582 2936 ad
591 2906 838 2943 inconstantiam
