1778 3095
586 139 770 179 LIBER
796 137 1043 178 PRIMUS.
1450 144 1524 178 551

102 251 336 294 divinorum
358 250 592 293 animorum
617 248 779 289 animos
800 247 1007 289 humanos
1027 245 1295 289 commoveri.
1354 246 1439 287 Sed
1470 246 1530 288 vi-

103 309 283 365 gilantes
302 308 429 350 animi
446 307 539 348 vitae
560 303 877 345 necessitatibus
897 305 1092 355 serviunt,
1113 303 1422 359 dijunguntque
1443 318 1486 343 se
1506 318 1532 345 a

103 366 303 407 societate
323 364 470 413 divina,
491 360 633 403 vinclis
653 359 841 416 corporis
867 359 1072 415 impediti.
1130 361 1286 400 Rarum
1307 367 1372 399 est
1393 360 1529 413 quod-
1547 371 1611 402 111

104 421 203 462 dam
223 435 356 477 genus
377 433 536 467 eorum,
557 417 629 473 qui
650 431 694 458 se
716 432 740 457 a
759 430 935 471 corpore
955 424 1144 465 avocent,
1164 424 1207 456 et
1227 414 1280 455 ad
1299 414 1529 457 divinarum

100 492 245 519 rerum
275 476 560 532 cognitionem
591 488 692 516 cura
721 472 837 513 omni
867 471 1091 527 studioque
1121 471 1348 526 rapiantur.
1379 471 1530 513 horum

104 543 204 575 sunt
231 532 407 588 auguria
434 545 517 572 non
545 529 669 570 divini
689 529 886 584 impetus,
907 528 981 569 sed
1008 527 1180 569 rationis
1205 526 1414 568 humanae.
1435 542 1531 568 nam

103 599 149 631 et
178 599 324 630 natura
352 588 493 628 futura
522 586 808 641 praesentiunt,
837 593 885 625 ut
914 599 1117 640 aquarum
1147 583 1362 634 fluxiones,
1392 593 1434 624 et
1458 583 1532 625 de-

102 646 393 701 flagrationem
428 644 612 684 futuram
653 641 878 698 aliquando
915 641 1012 682 coeli
1047 651 1174 696 atque
1208 649 1430 681 terrarum.
1463 640 1532 682 alii

103 710 261 752 autern,
280 701 322 741 in
343 700 557 755 republica
577 698 805 749 exercitati,
827 707 874 738 ut
894 697 946 738 de
967 696 1217 738 Atheniensi
1238 697 1394 737 Solone
1413 711 1532 738 aece-

102 758 257 814 pimus,
288 756 492 797 orientem
523 754 788 812 tyrannidem
818 754 954 795 multo
984 762 1080 794 ante
1105 753 1394 809 prospiciunt:
1427 766 1533 808 quos

101 813 330 869 prudentes
351 827 574 868 possumus
595 812 748 863 dicere,
771 810 812 852 id
838 819 916 861 est,
936 810 1212 865 providentes,
1232 810 1394 850 divinos
1417 809 1534 850 nullo

101 869 235 911 modo
257 883 497 924 possumus,
518 883 602 909 non
627 869 736 924 plus,
757 882 884 923 quam
916 867 1135 908 Milesium
1163 866 1357 918 Thalem,
1379 866 1465 922 qui,
1488 874 1536 907 ut

102 925 400 982 objurgatores
421 939 518 966 suos
540 925 817 974 convinceret,
839 923 1176 978 ostenderetque,
1197 923 1323 964 etiam
1344 922 1534 979 philoso-

101 981 252 1038 phum,
275 982 309 1022 si
327 982 366 1022 ei
385 980 658 1022 commodum
679 989 800 1029 esset,
817 979 1039 1035 pecuniam
1058 980 1195 1020 facere
1211 994 1347 1034 posse,
1365 994 1535 1021 omnem

102 1039 255 1089 oleam,
288 1046 509 1092 antequam
540 1037 689 1078 florere
717 1037 928 1092 coepisset,
949 1036 991 1077 in
1012 1051 1116 1091 agro
1137 1035 1308 1077 Milesio
1328 1037 1535 1078 coemisse

102 1095 270 1136 dieitur.
327 1094 696 1135 Animadverterat
723 1093 900 1134 fortasse
927 1092 1108 1148 quadam
1139 1092 1324 1143 scientia,
1345 1093 1534 1134 olearum
1547 1107 1579 1138 b.

102 1151 338 1192 ubertatem
362 1150 466 1191 fore.
526 1152 581 1192 Et
600 1150 771 1206 quidem
798 1149 909 1190 idem
930 1150 1090 1204 primus
1114 1149 1395 1190 defectionem
1422 1149 1535 1201 solis,
1552 1156 1626 1188 112

103 1221 199 1263 quae
223 1207 417 1263 Astyage
441 1216 642 1262 regnante
672 1208 783 1248 facta
810 1215 888 1257 est,
919 1205 1160 1261 praedixisse
1189 1206 1335 1246 fertur.
1393 1205 1537 1247 Multa
1551 1209 1621 1257 50

103 1263 272 1315 medici,
302 1264 436 1304 multa
465 1264 781 1318 gubernatores,
811 1262 1010 1318 agricolae
1041 1263 1170 1303 etiam
1198 1261 1334 1303 multa
1353 1277 1537 1318 praesen-

103 1319 242 1362 tiunt:
272 1319 346 1360 sed
376 1319 533 1360 nullam
565 1334 711 1360 eorum
743 1319 1039 1360 divinationem
1070 1334 1189 1370 voco,
1220 1334 1272 1359 ne
1301 1318 1416 1359 illam
1443 1319 1539 1375 qui-

105 1375 219 1427 dem,
260 1391 344 1432 qua
384 1376 437 1416 ab
474 1375 790 1417 Anaximandro
830 1375 1006 1431 physico
1037 1375 1186 1416 moniti
1226 1374 1537 1416 Lacedaemonii

105 1442 217 1483 sunt,
238 1442 286 1473 ut
306 1432 469 1483 urbem,
487 1441 530 1473 et
559 1442 673 1474 tecta
702 1432 952 1488 linquerent,
972 1432 1203 1488 armatique
1224 1432 1265 1473 in
1285 1446 1389 1487 agro
1410 1446 1537 1473 excu-

103 1488 267 1540 barent,
288 1489 403 1544 quod
423 1497 685 1530 terraemotus
704 1489 891 1539 instaret,
914 1499 1019 1539 tum,
1042 1503 1140 1529 cum
1157 1497 1199 1529 et
1216 1489 1313 1529 urbs
1335 1496 1425 1529 tota
1443 1503 1538 1530 cor-

103 1545 202 1594 ruit,
231 1554 274 1586 et
303 1559 352 1585 ex
383 1554 528 1585 monte
556 1546 749 1601 Taygeto
779 1555 819 1579 49
838 1552 1024 1586 extrema
1052 1545 1209 1586 montis
1239 1545 1358 1601 quasi
1386 1544 1538 1601 puppis

105 1600 246 1642 avulsa
265 1609 341 1642 est.
392 1602 460 1642 Ne
483 1601 743 1658 Pherecydes
763 1601 934 1657 quidem
955 1601 1026 1642 ille
1048 1601 1303 1658 Pythagorae
1322 1602 1540 1656 magister,

103 1656 246 1712 potius
275 1657 436 1698 divinus
466 1657 703 1709 habebitur,
726 1673 853 1714 quam
883 1657 1109 1714 physicus:
1141 1660 1212 1713 qui
1243 1673 1341 1698 cum
1371 1658 1541 1698 vidisset

105 1713 300 1754 haustam
337 1728 490 1769 aquam
528 1713 580 1755 de
611 1714 710 1770 jugi
748 1723 894 1770 puteo,
930 1722 1195 1755 terraemotus
1233 1714 1338 1755 dixit
1370 1714 1538 1755 instare.

105 1770 201 1811 Nec
231 1783 326 1810 vero
357 1785 558 1825 umquam
588 1771 753 1812 animus
784 1771 968 1812 hominis
998 1771 1241 1811 naturaliter
1270 1770 1440 1822 divinat,
1462 1771 1539 1811 nisi
1557 1768 1626 1800 113

106 1840 205 1867 cum
236 1826 294 1866 ita
327 1826 491 1867 solutus
517 1835 579 1867 est
601 1836 643 1867 et
672 1842 840 1877 vacuus,
861 1836 909 1868 ut
926 1827 964 1867 ei
984 1827 1106 1881 plane
1127 1827 1230 1868 nihil
1251 1827 1305 1868 sit
1323 1841 1421 1868 cum
1444 1842 1540 1868 cor-

105 1896 223 1938 pore.
245 1882 362 1937 quod
382 1891 455 1922 aut
485 1883 646 1924 vatibus
674 1884 898 1938 contingit,
917 1892 991 1924 aut
1012 1883 1332 1925 dormientibus.
1392 1884 1541 1939 Itaque

110 1953 160 1979 ea
189 1938 274 1979 duo
304 1952 458 1993 genera
487 1953 511 1978 a
539 1939 791 1980 Dicaearcho
820 1940 1064 1995 probantur,
1095 1949 1152 1989 et,
1182 1948 1231 1980 ut
1260 1940 1358 1991 dixi,
1389 1954 1414 1981 a
1434 1940 1540 1982 Cra-

108 1995 227 2050 tippo
263 2004 422 2045 nostro,
444 1995 477 2034 si
507 2004 741 2050 propterea,
762 1996 878 2052 quod
907 2010 956 2037 ea
984 1996 1305 2051 proficiscuntur
1325 2012 1350 2037 a
1378 2005 1540 2047 natura,

109 2051 192 2092 sint
220 2065 386 2092 summa
412 2065 526 2102 sane,
548 2051 677 2092 modo
703 2067 753 2092 ne
781 2051 884 2094 sola.
905 2053 968 2093 sin
996 2060 1136 2093 autem
1167 2053 1270 2094 nihil
1289 2067 1378 2094 esse
1398 2054 1440 2094 in
1461 2054 1540 2094 ob-

110 2107 341 2148 servatione
361 2116 510 2163 putant
531 2124 540 2148 :
572 2107 705 2149 multa
734 2108 904 2159 tollunt,
926 2109 1079 2165 quibus
1106 2110 1200 2150 vitae
1226 2110 1332 2150 ratio
1353 2110 1541 2150 contine-

110 2171 191 2205 tur.
253 2163 336 2204 Sed
358 2164 556 2219 quoniam
577 2164 679 2205 dant
699 2164 872 2221 aliquid,
890 2165 1017 2221 idque
1035 2180 1119 2206 non
1140 2180 1328 2221 parvum,
1346 2166 1544 2207 vaticina-

111 2220 247 2260 tiones
282 2234 380 2260 cum
417 2220 616 2262 somniis:
649 2221 752 2262 nihil
785 2230 862 2272 est,
901 2222 1017 2277 quod
1054 2236 1152 2262 curn
1187 2222 1252 2263 his
1283 2236 1543 2278 magnopere

109 2290 364 2331 pugnemus,
397 2277 626 2331 praesertim
659 2292 757 2319 cum
787 2278 883 2328 sint,
907 2278 979 2333 qui
1011 2279 1184 2319 omnino
1206 2278 1367 2320 nullam
1387 2279 1544 2320 divina-

110 2332 266 2373 tionem
298 2333 492 2387 probent.
550 2335 667 2389 Ergo
697 2343 739 2375 et
771 2334 814 2385 ii,
835 2349 1015 2390 quorum
1046 2335 1190 2387 animi,
1212 2335 1360 2390 spretis
1392 2348 1632 2390 corpo-114

110 2388 241 2439 ribus,
272 2389 451 2440 evolant,
481 2397 607 2445 atque
636 2400 862 2432 excurrunt
890 2391 1016 2441 foras,
1037 2391 1187 2432 ardore
1207 2392 1348 2447 aliquo
1378 2391 1543 2433 inflam-

110 2444 214 2484 mati
247 2453 372 2500 atque
400 2445 574 2496 incitati,
604 2456 779 2488 cernunt
808 2447 879 2488 illa
910 2448 1118 2502 profecto,
1147 2463 1242 2504 quae
1272 2448 1543 2489 vaticinantes

111 2502 416 2555 praenuntiant:
447 2502 675 2558 multisque
704 2503 828 2544 rebus
853 2504 1164 2545 inflammantur
1183 2504 1285 2545 tales
1308 2505 1450 2555 animi,
1472 2505 1543 2560 qui

112 2557 359 2612 corporibus
393 2573 476 2600 non
508 2559 740 2612 inhaerent3
771 2568 819 2602 ut
850 2560 892 2611 ii,
927 2561 1000 2617 qui
1035 2575 1140 2602 sono
1171 2561 1356 2617 quodam
1392 2576 1541 2602 vocum
1555 2556 1671 2622 {2¹⁰4‘

157 2700 209 2726 49.
231 2699 360 2722 extrema
375 2694 475 2723 montis
489 2696 573 2736 quasi
589 2693 712 2736 puppis]
732 2697 808 2727 Fru-
849 2703 930 2727 esset
946 2704 1074 2726 extrema
1089 2704 1167 2736 pars,
1185 2698 1264 2728 dixit
1283 2698 1386 2737 puppis
1402 2710 1420 2726 α
1435 2698 1546 2728 simili-

114 2741 175 2765 stra
203 2736 235 2765 in
265 2737 360 2766 verbo
387 2737 490 2775 puppis
519 2739 618 2768 haeret
646 2739 807 2775 Davisius,
851 2740 961 2769 tudine
991 2741 1090 2777 navis,
1121 2741 1225 2771 addito
1255 2740 1359 2781 quasi3
1386 2742 1471 2779 quod
1500 2747 1548 2771 est

114 2778 303 2808 substituere
323 2779 439 2817 jubens
461 2785 544 2817 pars.
567 2790 630 2811 non
656 2782 811 2812 intellexit
853 2782 946 2820 longe
961 2784 1124 2814 venustius
1140 2793 1239 2822 quam
1248 2789 1330 2821 pars.
1345 2783 1451 2813 firmat
1467 2782 1547 2813 Plin.

116 2827 227 2851 artem.
273 2822 383 2852 Cicero
399 2822 559 2852 interdum
577 2824 672 2854 verbo
687 2825 811 2864 proprio
854 2825 897 2853 H.
916 2825 958 2855 N.
976 2826 1019 2861 11,
1036 2832 1088 2860 79.
1110 2826 1164 2855 ubi
1187 2826 1297 2854 eadem
1321 2835 1369 2856 res
1391 2835 1547 2858 memora·

118 2864 162 2894 sic
184 2864 347 2896 substituit
367 2872 493 2904 tropum
510 2877 515 2893 :
540 2874 616 2896 cum
638 2867 811 2897 dicendum
854 2873 917 2903 tur,
934 2873 970 2897 ut
985 2869 1108 2907 opinor,
1126 2878 1164 2898 ex
1181 2868 1242 2898 hoc
1258 2867 1340 2899 loeo.

844 2920 965 2959 Nn4
