1778 3095
580 69 756 108 LIBER
786 68 1087 106 QUINTUS.

1466 75 1543 115 375

122 178 193 220 tia.
251 182 352 224 Quo
377 182 474 224 loco
504 196 661 237 quaero,
682 194 809 236 quarn
837 178 919 219 vim
948 177 1100 218 habeat
1121 175 1226 217 libra
1243 175 1314 216 illa
1335 175 1510 218 Critolai
1532 190 1601 221 :51

123 236 196 291 qui
215 251 311 278 cum
333 238 375 278 in
395 239 565 279 alteram
595 237 756 278 lancem
787 235 914 276 animi
942 234 1053 276 bona
1086 233 1290 288 imponat,
1310 232 1351 272 in
1371 232 1542 275 alteram

122 295 323 348 corporis,
353 303 396 335 et
426 303 619 344 externa3
650 302 814 335 tanturn
846 290 1104 347 propendere
1136 289 1302 331 seillam
1332 288 1541 331 bonorum

122 349 249 390 animi
268 350 428 391 lancem
448 359 582 405 putet,
602 358 649 403 ut
667 358 818 390 terram
838 357 880 389 et
898 347 1029 388 maria
1048 346 1270 401 deprimat.
1301 344 1419 409 Quid
1439 359 1541 401 ergo
1563 344 1625 391 18

120 414 192 445 aut
213 406 323 447 hunc
342 407 550 462 prohibet,
569 416 641 448 aut
659 407 786 447 etiam
808 406 1092 445 Xenocratem
1113 403 1231 444 illum
1250 415 1541 458 gravissnnum

119 461 482 518 philosophorum,
504 472 829 520 exaggerantem
851 470 1069 516 tantopere
1085 459 1295 509 virtutem,
1315 467 1540 499 extenuan-
1554 471 1585 501 b.

118 525 204 558 tem
230 528 370 559 cetera
398 528 440 560 et
468 520 748 576 abjicientem,
771 519 812 560 in
841 518 992 559 virtute
1021 531 1105 557 non
1134 516 1300 557 beatam
1330 514 1461 555 modo
1482 516 1541 556 vi-

117 581 218 624 tam,
239 575 312 615 sed
332 575 457 616 etiam
480 577 763 617 beatissimam
783 575 965 631 ponere?
996 582 1035 607 ⁵9
1052 572 1167 629 quod
1188 570 1359 628 quidem
1381 571 1460 612 nisi
1482 572 1540 623 fit,

117 629 315 671 virtutum
335 632 524 674 interitus
550 641 842 688 consequetur.

902 632 1016 672 Nam
1046 630 1087 671 in
1118 643 1242 685 quem
1273 627 1386 668 cadit
1416 630 1601 684 aegri-52

115 686 235 737 tudo,
257 687 298 728 in
318 689 497 730 eundem
519 700 679 731 metum
700 688 847 730 cadere
868 701 1034 728 necesse
1055 695 1130 727 est.
1171 694 1235 727 est
1263 684 1374 725 enim
1402 694 1540 726 metus

115 741 268 784 futurae
305 746 564 801 aegritudinis
601 745 781 787 sollicita
816 743 1087 800 exspectatio.
1147 743 1196 783 In
1231 756 1357 798 quem
1397 751 1538 783 autem

114 807 263 851 metuS,
283 801 324 842 in
345 802 523 844 eundem
547 801 741 852 formido,
756 801 972 850 timiditas,
993 814 1134 855 pavor,
1155 799 1337 855 ignavia.
1369 804 1408 830 ⁶0
1425 799 1540 855 Ergo

114 863 161 895 ut
189 856 303 898 idem
334 858 520 901 vincatur
539 859 764 909 interdum,
786 872 859 898 nec
881 866 1001 913 putet
1021 856 1074 898 ad
1096 870 1138 896 se
1159 864 1415 911 praeceptum
1435 854 1540 897 illud

112 912 233 954 Atrei
253 915 473 969 pertinere,

219 995 362 1032 Proinde
380 997 429 1033 ita
443 1004 565 1048 parent
583 1010 616 1034 se
633 996 667 1033 in
685 996 776 1039 vita,
798 1005 834 1032 ut
854 995 948 1032 vinci
966 995 1125 1032 nesciant.

112 1075 196 1115 Hic
217 1085 359 1117 autem
388 1077 587 1128 vincetur,
606 1086 654 1119 ut
680 1077 792 1119 dixi:
825 1092 901 1119 nec
931 1076 1058 1118 modo
1089 1077 1289 1127 vincetur,
1311 1075 1383 1118 sed
1410 1077 1538 1118 etiam

110 1131 270 1173 serviet.

110 1201 185 1242 per
216 1188 427 1231 invictam.

330 1140 365 1164 ⁶¹
382 1134 444 1174 At
476 1149 552 1175 nos
583 1135 777 1175 virtutem
810 1148 975 1189 semper
1002 1133 1177 1174 liberam
1199 1134 1405 1184 volumm,
1427 1148 1537 1174 sem-

484 1192 592 1246 Quae
622 1191 699 1232 nisi
731 1200 841 1241 sunt,
862 1191 1027 1231 sublata
1053 1190 1182 1230 virtus
1211 1200 1288 1231 est.

1347 1190 1482 1245 Atqui
1504 1190 1538 1231 si
1550 1200 1597 1245 53

110 1244 151 1284 in
171 1244 321 1286 virtute
349 1247 447 1288 satis
468 1257 532 1288 est
550 1247 733 1302 praesidii
754 1247 807 1288 ad
827 1248 934 1287 bene
955 1247 1190 1295 vivendum,
1208 1246 1306 1287 satis
1327 1255 1390 1287 est
1409 1247 1538 1288 etiam

108 1300 162 1341 ad
185 1301 319 1343 beate.
351 1304 450 1344 satis
479 1313 543 1344 est
571 1304 682 1345 enim
702 1314 814 1345 certe
836 1304 876 1344 in
898 1304 1063 1353 virtute,
1084 1312 1132 1343 ut
1155 1302 1317 1344 fortiter
1337 1303 1537 1354 vivamus.

109 1357 142 1397 si
175 1358 352 1409 fortiter,
384 1360 510 1401 etiam
541 1371 588 1402 ut
621 1374 777 1416 magno
811 1360 967 1410 animo,
997 1368 1051 1423 et·
1070 1359 1239 1422 quidem
1272 1369 1320 1400 ut
1349 1358 1464 1400 nulla
1493 1375 1538 1401 re

107 1428 309 1469 umquam
340 1426 581 1467 terreamur,
602 1431 849 1472 semperque
877 1416 1007 1456 simus
1042 1415 1197 1456 invicti.

106 1470 209 1510 nihil
230 1472 445 1525 poeniteat,
466 1473 569 1513 nihil
589 1473 711 1523 desit,
732 1473 835 1513 nihil
857 1473 1011 1513 obstet.

105 1526 292 1579 fluenter,
329 1529 535 1581 absolute,
567 1544 779 1584 prospere.
821 1529 949 1584 igitur
978 1529 1112 1569 beate.

1257 1416 1468 1471 Sequitur,
1490 1426 1539 1458 ut

1071 1478 1109 1503 62
1124 1473 1241 1527 Ergo
1269 1472 1412 1513 omnia
1437 1487 1536 1527 pro-

1172 1529 1280 1569 Satis
1311 1539 1453 1570 autem
1484 1530 1537 1570 ad

106 1583 269 1625 fortiter
298 1585 517 1626 vivendum
550 1586 676 1627 virtus
707 1595 871 1640 potest:
905 1585 1002 1625 satis
1034 1599 1138 1640 ergo
1168 1584 1294 1625 etiam
1320 1585 1373 1625 ad
1399 1586 1534 1626 beate.

104 1640 271 1681 Etenim
304 1651 350 1683 ut
381 1643 570 1693 stultitia,
597 1643 674 1683 etsi
704 1642 856 1698 adepta
885 1651 962 1692 est,
992 1643 1107 1697 quod
1138 1642 1392 1697 concupivit,
1414 1654 1598 1685 num-54

104 1711 230 1751 quam
251 1712 295 1738 se
316 1708 456 1740 tamen
479 1700 578 1740 satis
599 1709 868 1740 consecutam
892 1707 1036 1753 putat:
1069 1698 1127 1738 sic
1149 1698 1350 1752 sapientia
1370 1712 1533 1754 semper

104 1767 154 1793 eo
175 1763 373 1796 contenta
393 1765 456 1796 est
474 1756 588 1812 quod
610 1755 742 1806 adest,
764 1770 898 1811 neque
919 1770 1011 1795 eam
1033 1769 1235 1809 umquam
1257 1756 1321 1795 sui
1342 1755 1533 1810 poenitet.

162 1815 199 1840 63
218 1811 461 1852 Similemne
490 1821 612 1868 putas
645 1812 696 1852 C.
726 1812 847 1852 Laelii
878 1827 1008 1852 unum
1039 1811 1304 1852 consulatum
1326 1812 1468 1862 fuisse,
1491 1822 1533 1853 et

101 1879 199 1906 eum
220 1867 391 1922 quidem
412 1882 508 1909 cum
529 1868 710 1924 repulsa,
730 1883 829 1909 cum
858 1869 909 1909 L.
935 1868 1081 1908 Cinnae
1108 1869 1318 1923 quatuor?
1357 1869 1407 1921 (si
1434 1883 1530 1909 cum
1552 1871 1616 1926 19

102 1923 264 1978 sapiens
285 1934 328 1965 et
347 1925 483 1965 bonus
506 1924 578 1976 vir,
596 1925 728 1980 qualis
751 1925 821 1967 ille
843 1925 935 1976 fuit,
952 1925 1159 1981 suffragiis
1180 1925 1429 1981 praeteritur,
1446 1940 1531 1966 non

143 2035 181 2058 58
206 2027 288 2057 illam
312 2027 375 2056 boni
399 2027 523 2068 lancem]
544 2027 626 2056 illam
641 2037 686 2057 sc.
703 2038 795 2066 supe-

100 2071 225 2106 riorem,
242 2081 315 2110 quae
330 2072 429 2101 animi
446 2072 528 2100 bona
550 2071 654 2099 habet.
677 2071 730 2099 sed
755 2071 795 2100 ita

99 2113 162 2142 boni
177 2114 349 2144 redundat:
375 2123 433 2144 nec
450 2113 565 2143 melius
589 2121 634 2142 est
651 2113 795 2143 Davisia-

99 2166 180 2186 num
207 2156 291 2185 illam
314 2157 405 2185 animi
427 2156 546 2186 lancem.
584 2156 711 2195 Optime
729 2156 792 2186 Ms.

97 2209 160 2237 reg.
185 2199 278 2230 Paris.
304 2199 433 2229 bonorum
456 2199 547 2228 animi
570 2199 690 2235 lancem,
706 2202 791 2238 quod

95 2242 208 2281 recepi.

141 2292 180 2317 59
203 2285 280 2326 quod
300 2297 329 2327 q.
354 2284 481 2323 m'sifit]
510 2286 559 2314 Sic
583 2285 652 2314 edd.
677 2292 750 2314 vett.
775 2295 792 2315 e

96 2337 161 2366 quo
177 2335 245 2366 post
260 2329 382 2358 factum
399 2328 446 2358 sit.
464 2328 541 2357 illud
560 2328 711 2357 revocavit
727 2329 791 2358 Da-

95 2370 203 2400 visius.

140 2417 180 2442 60
196 2413 286 2451 Ergo,
302 2421 335 2442 ut
349 2414 420 2442 idem
434 2411 587 2452 vincatur]
608 2414 669 2442 Int.
686 2424 791 2443 necesse

96 2464 147 2491 est,
166 2464 183 2484 e
197 2456 419 2494 superioribus.
444 2457 475 2485 in
493 2457 557 2486 Ms.
575 2456 682 2487 Guelf.
694 2457 789 2487 etiam

93 2498 238 2528 additum
254 2505 309 2530 est.

139 2545 174 2569 61
196 2541 238 2570 At
254 2541 316 2581 nos]
336 2541 399 2571 Ms.
417 2543 480 2572 Gu.
496 2542 579 2571 addit
595 2548 701 2572 autem.
725 2543 788 2572 Da-

93 2583 190 2613 visius
206 2584 300 2613 edidit
314 2585 372 2613 Nos
385 2591 490 2614 autem.

138 2631 176 2655 62
202 2627 281 2664 Ergo
295 2638 319 2655 ο.
333 2627 506 2667 prqfhaeenter
522 2626 595 2665 δῖα]
616 2627 665 2657 SC.
683 2637 715 2657 se
730 2629 787 2658 ha·

93 2667 227 2704 bebunt‚
245 2669 333 2698 frent.

137 2715 175 2739 63
201 2711 552 2750 Similemne—repulsam
571 2710 656 2751 fert]
686 2713 785 2743 Hunc

91 2751 201 2782 locum
217 2755 309 2791 edidi,
326 2762 362 2784 ut
381 2755 534 2785 Corradus
557 2755 588 2783 in
615 2755 784 2786 Qua-stura

90 2804 121 2837 p.
138 2801 210 2827 ,ΒΞ-2.
228 2797 275 2827 ed.
295 2805 419 2835 nostrae‚
443 2808 458 2827 e
483 2798 569 2827 Msto
592 2797 670 2828 libro
694 2799 783 2828 exhi-

839 2028 919 2064 buit,
936 2038 1054 2067 negans
1069 2028 1157 2058 aliter
1168 2030 1439 2058 constructionem
1456 2039 1533 2060 con-

838 2078 927 2101 stare,
986 2071 1092 2101 Primo
1122 2071 1289 2101 Similemne
1319 2081 1373 2110 pro
1403 2072 1532 2112 vulgato

840 2114 932 2143 hodie
956 2114 1103 2143 Similem.
1130 2114 1209 2143 illud
1225 2121 1255 2143 et
1270 2114 1338 2144 edd.
1355 2122 1429 2144 vett.
1445 2125 1531 2154 quae-

836 2157 911 2186 dam
935 2158 1065 2193 habent,
1089 2164 1126 2186 ut
1152 2157 1283 2186 Mediol.
1307 2158 1419 2187 deinde
1445 2159 1531 2188 addi-

837 2206 907 2228 tum
930 2211 992 2228 cum
1011 2201 1047 2229 L.
1069 2199 1170 2229 Cinnae
1193 2207 1326 2240 quatuor,
1349 2201 1530 2238 cujusmodi

835 2244 910 2280 quid
935 2242 1056 2272 similem
1079 2243 1227 2282 postulat.
1271 2242 1471 2273 Constructio
1492 2246 1531 2273 si-

835 2284 931 2313 milem
946 2297 1008 2314 cum
1025 2292 1071 2315 est
1085 2287 1211 2315 durior:
1235 2286 1288 2314 sed
1310 2293 1417 2315 tamen
1441 2293 1471 2316 et
1492 2287 1530 2315 si·

835 2328 966 2357 militudo
994 2329 1035 2357 ita
1060 2329 1262 2358 construitur.
1286 2330 1344 2358 nisi
1372 2338 1445 2361 vero
1470 2330 1529 2359 suit

834 2371 1035 2405 consulatibus,
1075 2372 1168 2409 idque
1205 2381 1258 2410 per
1299 2373 1528 2410 compendium

835 2413 921 2444 Coss.
951 2415 1103 2453 scripturn
1135 2415 1166 2443 in
1194 2425 1256 2443 cum
1283 2422 1444 2444 mutatum
1471 2423 1528 2446 est.

835 2456 905 2487 Post
933 2457 1001 2486 libri
1027 2458 1147 2486 variant
1169 2458 1200 2486 in
1224 2457 1248 2485 si
1271 2464 1300 2486 et
1322 2458 1381 2486 sic.-
1404 2459 1526 2497 praetuli

832 2509 908 2529 curn
926 2501 1055 2530 Davisio
1070 2500 1105 2529 si.
1130 2509 1205 2530 narn
1223 2501 1388 2529 manifeste
1406 2502 1438 2530 in
1465 2502 1526 2531 hoc

831 2550 876 2572 est
892 2544 967 2572 ratio
983 2544 1206 2573 antecedentis.
1231 2554 1285 2582 pro
1309 2543 1382 2571 malo
1398 2544 1525 2574 Corradi

831 2585 908 2615 liber
923 2594 952 2615 et
968 2587 1037 2617 edd.
1052 2593 1169 2615 veteres
1184 2586 1341 2625 pleraeque
1357 2596 1433 2615 vano
1447 2598 1455 2615 .·
1471 2589 1524 2617 sed

830 2629 904 2657 malo
930 2631 1044 2659 rectius
1070 2630 1240 2669 opponitur
1265 2630 1352 2658 bono:
1387 2632 1524 2669 denique

829 2671 930 2701 deleta
952 2681 997 2702 est
1021 2674 1160 2711 repetitio
1183 2673 1290 2711 frigida
1316 2673 1353 2700 τῦ
1375 2674 1524 2713 suffiagiis

822 2715 996 2751 praeteritur
1018 2723 1086 2754 post
1108 2715 1249 2755 repulsam
1263 2716 1351 2755 fert.-
1374 2717 1410 2746 de
1428 2716 1523 2746 Loelio

827 2765 857 2787 v.
874 2757 961 2788 Clav.
979 2759 1011 2787 in
1032 2758 1066 2788 C.
1084 2758 1193 2788 Laelius
1213 2758 1288 2797 (Isi

820 2841 939 2891 Bb4
