1778 3095
542 195 722 232 LIBER
750 192 1093 232 SECUNDUS.
1452 193 1529 234 447

108 302 152 344 in
182 304 330 345 ardore
357 302 526 354 caelesti,
555 301 627 358 qui
659 301 802 352 aether,
832 302 895 342 vel
924 301 1073 342 caelum
1107 299 1359 341 nominatur.
1419 302 1530 343 Cum
1542 315 1593 347 42

110 360 241 416 igitur
274 361 451 401 aliorum
485 358 758 399 animantium
801 366 919 398 ortus
957 357 999 397 in
1036 367 1146 398 terra
1177 356 1244 406 sit,
1277 355 1453 397 aliorum
1490 359 1532 399 in

111 430 233 472 aqua,
256 418 298 458 in
325 422 419 458 a'e're
449 415 651 456 aliorum:
683 414 911 455 absurdum
941 427 1031 453 esse
1055 412 1280 453 Aristoteli*
1296 411 1471 463 videtur,
1491 414 1533 455 in

109 487 160 513 ea
192 483 321 529 parte,
354 487 447 528 quae
481 471 534 511 sit
568 471 621 511 ad
652 470 867 526 gignenda
897 468 1092 510 animalia
1120 468 1351 523 aptissima,
1381 469 1533 510 animal

109 529 230 584 gigni
259 529 418 570 nullum
450 536 610 582 putare.
671 527 815 568 Sidera
841 535 979 566 autem
1011 525 1239 566 aethereum
1260 525 1401 565 locum
1424 525 1533 565 obti-

111 595 240 626 nent:
271 585 342 641 qui
372 584 566 640 quoniam
600 583 866 624 tenuissimus
895 591 972 633 est,
1003 591 1046 623 et
1076 595 1242 636 semper
1271 581 1468 635 agitatur,
1493 589 1536 622 et

110 642 250 697 viget:
281 655 449 681 necesse
471 650 547 690 est,
570 640 686 696 quod
717 639 870 680 animal
901 639 942 679 in
973 653 1024 679 eo
1051 639 1266 693 gignatur,
1288 637 1331 678 id
1351 646 1392 677 et
1413 652 1537 678 sensu

110 698 327 748 acerrimo,
345 707 388 738 et
406 697 640 738 mobilitate
660 696 875 737 celerrima
894 710 997 736 esse.
1037 696 1181 736 Quare
1202 708 1297 734 cum
1318 694 1360 734 in
1381 694 1537 734 aethere

109 762 219 794 astra
246 754 488 809 gignantur,
520 762 847 794 consentaneum
873 760 950 801 est,
976 752 1016 791 in
1048 752 1097 792 iis
1127 765 1295 791 sensum
1326 750 1474 800 inesse,
1494 758 1538 791 et

109 810 445 865 intelligentiam.
471 824 520 850 ex
541 825 625 866 quo
648 809 837 859 efficitur,
858 809 898 849 in
922 809 1096 849 deorum
1118 821 1295 847 numero
1317 815 1428 847 astra
1447 821 1537 847 esse

109 865 312 907 ducenda.
373 866 538 907 Etenim
568 867 665 907 licet
685 865 821 906 videre
840 865 1028 906 acutiora
1049 864 1228 919 ingenia,
1248 872 1290 905 et
1309 863 1362 903 ad
1382 863 1537 904 intelli·
1555 858 1620 910 16

107 922 293 977 gendum
316 923 478 978 aptiora
498 937 659 973 eorum,
678 922 748 977 qui
772 932 900 962 terras
919 921 1104 962 incolant
1125 935 1208 971 eas,
1231 920 1270 960 in
1293 920 1445 975 quibus
1466 924 1538 960 aer

108 979 163 1020 sit
182 993 310 1034 purus
345 994 392 1020 ac
423 980 573 1028 tenuis,
596 993 721 1034 quam
752 978 936 1028 illorum,
959 978 1030 1032 qui
1064 986 1231 1017 utantur
1261 991 1400 1017 crasso
1431 976 1536 1017 caelo

107 1044 233 1091 atque
263 1045 475 1076 concreto.
534 1035 792 1091 Quinetiam,
824 1034 920 1074 cibo
953 1049 1038 1089 quo
1071 1042 1203 1083 utare,
1235 1032 1431 1074 interesse
1460 1033 1596 1074 ali-43

107 1093 209 1147 quid
230 1092 282 1132 ad
305 1092 454 1132 mentis
476 1091 607 1132 aciem
630 1100 792 1146 putant.
842 1090 1062 1130 Probabile
1083 1099 1148 1130 est
1168 1089 1311 1144 igitur,
1334 1097 1536 1144 praestan-

108 1158 194 1189 tem
216 1148 537 1203 intelligentiam
562 1149 602 1188 in
624 1148 827 1188 sideribus
846 1161 949 1196 esse,
970 1161 1065 1202 quae
1084 1156 1128 1186 et
1148 1146 1371 1186 aetheream
1391 1146 1538 1187 mundi

106 1215 268 1260 partem
288 1205 488 1255 incolant,
510 1214 552 1246 et
573 1204 756 1255 marinis,
778 1204 1033 1258 terrenisque
1053 1202 1301 1243 humoribus
1322 1202 1454 1257 longo
1475 1203 1539 1242 in-

107 1262 280 1302 tervallo
309 1261 555 1310 extenuatis,
577 1261 753 1302 alantur.
814 1261 990 1300 Sensum
1019 1268 1161 1300 autem
1182 1267 1390 1299 astrorum
1412 1268 1538 1314 atque

108 1318 427 1372 intelligentiam
457 1317 638 1358 maxime
664 1316 848 1357 declarat
878 1315 984 1356 ordo
1012 1330 1174 1366 eorum,
1195 1324 1321 1371 atque
1341 1323 1537 1356 constan-

108 1375 181 1414 tia.
211 1374 310 1414 nihil
343 1382 405 1415 est
435 1374 561 1423 enim,
583 1373 698 1429 quod
729 1373 904 1421 ratione,
936 1381 979 1413 et
1008 1386 1183 1412 numero
1215 1372 1376 1412 moveri
1406 1371 1540 1427 possit

107 1430 196 1471 sine
214 1430 390 1471 consilio
409 1447 417 1471 ε
449 1431 491 1470 in
520 1445 604 1486 quo
633 1429 738 1470 nihil
759 1438 821 1470 est
847 1428 1130 1478 temerarium,
1152 1428 1256 1468 nihil
1278 1428 1451 1478 varium,
1474 1428 1538 1469 ni-

108 1486 167 1528 hil
188 1487 422 1528 fortuitum.
484 1486 601 1528 Ordo
623 1495 761 1528 autem
795 1485 992 1535 siderum,
1015 1493 1058 1525 et
1088 1485 1128 1525 in
1159 1485 1274 1525 omni
1305 1485 1580 1526 aeternitateb.

108 1543 356 1593 constantia,
379 1557 514 1598 neque
535 1540 726 1584 naturam
756 1542 991 1597 significat3
1024 1550 1088 1581 est
1117 1541 1228 1581 enim
1258 1541 1381 1596 plena
1409 1541 1539 1582 ratio-

109 1599 201 1640 nis:
239 1614 372 1654 neque
403 1600 630 1650 fortunam,
661 1614 755 1654 quae
785 1599 919 1639 amica
947 1597 1133 1639 varietati
1162 1598 1441 1638 constantiam
1473 1611 1538 1638 re-

107 1656 234 1711 spuit.
293 1656 491 1711 Sequitur
511 1670 629 1711 ergo,
650 1664 697 1695 ut
717 1655 805 1710 ipsa
827 1669 901 1695 sua
921 1663 1083 1709 sponte,
1105 1668 1181 1694 suo
1208 1668 1331 1694 sensu
1356 1669 1404 1694 ac
1435 1653 1538 1695 divi-

108 1712 238 1753 nitate
268 1721 527 1753 moveantur.
586 1714 680 1753 Nec
716 1726 813 1752 vero
848 1710 1101 1751 Aristoteles
1130 1725 1212 1750 non
1241 1710 1474 1751 laudandus
1494 1710 1536 1751 in
1548 1724 1601 1757 44

108 1782 175 1819 eo,
198 1769 314 1824 quod
333 1769 488 1819 omnia,
509 1784 603 1824 quae
634 1776 868 1817 moventur,
896 1778 969 1808 aut
999 1776 1147 1807 natura
1177 1767 1332 1807 moveri
1362 1766 1538 1817 censuit,

109 1834 182 1867 aut
204 1825 254 1876 vi,
276 1834 349 1866 aut
366 1825 580 1866 voluntate
600 1842 609 1866 :
640 1825 794 1865 moveri
829 1832 971 1864 autem
1003 1823 1151 1874 solem,
1173 1831 1216 1864 et
1240 1824 1397 1873 lunam,
1419 1832 1462 1864 et
1482 1824 1539 1864 si-

109 1881 208 1922 dera
229 1882 399 1923 omnia:
431 1897 524 1937 quae
557 1891 696 1922 autem
728 1890 875 1922 natura
905 1890 1186 1930 moverentur,
1209 1880 1300 1921 haec
1331 1889 1404 1921 aut
1431 1895 1538 1935 pon-

110 1937 210 1978 dere
230 1938 443 1989 deorsum,
465 1946 537 1978 aut
557 1938 724 1979 levitate
746 1938 786 1978 in
808 1937 987 1978 sublime
1011 1937 1131 1977 ferri:
1166 1945 1203 1968 53
1222 1951 1403 1992 quorum
1435 1951 1537 1979 neu-

107 2003 220 2035 trum
255 1994 375 2035 astris
411 1994 671 2049 contingere,
705 2004 929 2049 propterea
959 1993 1073 2049 quod
1103 2008 1248 2034 eorum
1279 2003 1420 2034 motus
1445 2002 1481 2025 54
1499 1994 1539 2033 in

111 2050 256 2091 orbem
288 2051 640 2091 circumferretur.
699 2052 791 2092 Nec
814 2065 908 2091 vero
929 2050 1012 2091 dici
1031 2059 1171 2105 potest
1192 2050 1230 2091 vi
1250 2049 1431 2105 quadam
1451 2064 1541 2091 ma-

106 2106 201 2163 jore
224 2107 324 2156 fieri,
342 2116 390 2148 ut
408 2115 554 2147 contra
576 2116 766 2148 naturam
788 2116 898 2147 astra
918 2115 1176 2147 moveantur.
1198 2122 1292 2162 quae
1312 2106 1422 2147 enim
1445 2115 1541 2161 pot-

112 2173 176 2204 est
195 2164 330 2219 major
350 2165 467 2203 esse?
497 2172 625 2204 restat
646 2163 789 2218 igitur,
811 2173 859 2204 ut
880 2173 1022 2205 motus
1043 2174 1250 2204 astrorum
1275 2163 1328 2203 sit
1349 2162 1540 2203 volunta·-

110 2220 209 2261 rius.
242 2235 336 2275 quae
357 2220 428 2275 qui
449 2220 598 2270 videat,
621 2235 704 2260 non
732 2219 899 2260 indocte
929 2220 1081 2269 solum,
1103 2234 1245 2260 verum
1266 2219 1393 2260 etiam
1415 2219 1541 2273 impie

111 2276 252 2327 faciat,
273 2276 307 2316 si
327 2276 429 2316 deos
451 2291 540 2317 esse
564 2287 704 2332 neget.
753 2278 847 2317 Nec
870 2291 968 2316 sane
989 2276 1168 2316 multum
1192 2275 1378 2326 interest,
1398 2283 1541 2316 utrum

110 2332 154 2374 id
190 2341 330 2388 neget,
364 2347 415 2373 an
446 2348 518 2374 eos
548 2333 662 2374 omni
692 2333 985 2387 procuratione
1024 2343 1151 2388 atque
1192 2332 1357 2372 actione
1395 2331 1540 2386 privet.

112 2387 217 2429 mihi
249 2389 374 2440 enim,
406 2389 478 2444 qui
513 2390 616 2430 nihil
642 2390 745 2444 agit,
766 2403 856 2430 esse
887 2389 1059 2430 omnino
1090 2403 1173 2428 non
1204 2387 1378 2428 videtur.
1439 2389 1542 2429 Esse

113 2445 244 2500 igitur
275 2432 376 2486 &os
412 2446 469 2487 ita
501 2447 767 2501 perspicuum
799 2456 877 2495 est,
907 2456 969 2495 ut,
1006 2445 1046 2485 id
1077 2445 1149 2500 qui
1179 2453 1319 2499 neget,
1350 2443 1414 2484 vix
1443 2457 1541 2484 eum

115 2515 226 2542 sanae
247 2502 397 2543 mentis
419 2503 663 2544 existimem.
725 2504 883 2553 Restat,
904 2512 965 2553 ut,
982 2501 1116 2556 qualis
1136 2515 1283 2541 eorum
1306 2509 1453 2542 natura
1474 2500 1541 2551 sit,
1561 2504 1623 2557 17

113 2550 437 2600 consideremus.
468 2560 508 2599 in
540 2575 624 2615 quo
654 2559 758 2600 nihil
785 2568 847 2601 est
873 2558 1095 2608 difficilius,
1118 2573 1243 2613 quam
1266 2572 1290 2597 a
1310 2566 1539 2598 consuetu·
1552 2576 1603 2608 45

112 2612 210 2656 dine
231 2613 450 2656 oculorum
472 2617 603 2657 aciem
624 2616 775 2657 mentis
802 2615 1023 2657 abducere.
1054 2629 1103 2655 ea
1130 2614 1352 2654 difficultas
1380 2613 1545 2656 induxit

115 2678 159 2712 et
190 2670 318 2725 vulgo
349 2670 576 2726 imperitos,
598 2681 641 2714 et
671 2672 826 2713 similes
852 2671 1131 2727 philosophos
1152 2669 1459 2725 imperitorum,
1480 2678 1544 2720 ut,

118 2726 194 2769 nisi
225 2726 368 2782 figuris
398 2727 616 2770 hominum
647 2729 900 2780 constitutis,
930 2728 1033 2769 nihil
1070 2736 1245 2783 possent
1274 2726 1326 2767 de
1356 2726 1435 2766 diis
1464 2725 1545 2766 im-

161 2860 198 2885 58
223 2866 340 2896 quorum
361 2861 490 2884 neutrum
513 2856 598 2886 astris
621 2855 806 2897 confingeret]
898 2862 936 2886 54
966 2855 995 2883 in
1019 2853 1111 2883 orbem
1135 2852 1381 2892 circumferretur]
1402 2852 1452 2881 Sic
1478 2850 1548 2880 edd.

118 2896 192 2927 Sine
207 2898 303 2929 dubio
318 2898 488 2939 legendum
506 2899 672 2939 contingere.
854 2905 928 2928 vett.
945 2907 1010 2928 non
1027 2897 1201 2938 circumque,
1218 2902 1253 2926 ut
1268 2896 1338 2925 edd.
1354 2894 1549 2926 recentiores.
