1778 3095
581 126 764 163 LIBER
802 125 1110 163 QUARTUS.
1500 131 1572 172 187

148 233 246 276 vitia
267 242 310 276 et
328 243 500 292 peccata
527 233 774 285 incidemus,
802 232 1198 288 obliviscemurque,
1226 246 1320 287 quae
1337 232 1479 274 virtuti
1497 234 1578 290 ipsi

148 292 351 348 principia
370 290 620 333 dederimus.
644 290 753 331 sosin
784 305 833 331 ea
860 305 945 330 non
975 289 1255 344 negligemu8‚
1279 302 1414 343 neque
1435 299 1575 331 tamen

148 347 203 388 ad
235 349 357 390 finem
392 348 545 389 summi
575 347 678 388 boni
713 347 955 395 referemus,
991 361 1076 386 non
1109 346 1294 387 multum
1333 345 1386 385 ab
1425 346 1577 388 Herilli

145 404 312 446 levitate
339 404 639 446 aberrabimus.
671 404 848 445 duarum
881 403 992 444 enim
1024 402 1200 443 vitarum
1231 401 1352 443 nobis
1371 411 1493 442 erunt
1513 402 1577 443 in-

148 461 293 503 stituta
305 460 521 516 capienda.
542 461 643 502 facit
655 460 766 501 enim
783 460 853 501 ille
867 459 952 500 duo
967 459 1157 515 sejuncta
1172 459 1322 499 ultima
1343 458 1575 501 bonorum:

147 533 255 573 quae,
274 527 321 558 ut
341 526 479 558 essent
500 532 606 568 vera,
627 517 832 573 conjungi
860 516 1111 557 debuerunt.
1143 530 1252 556 nunc
1279 516 1359 556 ista
1380 529 1576 571 separan-

146 583 228 624 tur,
247 582 294 613 ut
315 573 524 630 disjuncta
543 574 639 615 sint.
661 589 747 631 quo
773 573 877 615 nihil
909 582 1051 629 potest
1072 587 1162 613 esse
1183 572 1427 627 perversius.
1489 573 1635 613 Ita-41

145 643 226 685 que
245 638 391 671 contra
410 639 486 681 est,
512 645 560 672 ac
588 632 752 681 dicitis3
786 646 881 672 nam
912 630 1113 672 constitui
1140 628 1268 670 virtus
1299 629 1416 670 nullo
1446 629 1578 671 modo

97 730 101 734 Α
143 694 298 741 potest,
334 696 368 718 81
381 687 459 728 nisi
489 702 553 738 ea,
586 704 680 744 quae
715 688 796 729 sint
826 688 962 743 prima
992 696 1168 737 naturae,
1200 695 1247 727 ut
1281 686 1333 727 ad
1366 701 1576 727 summam

142 743 405 796 pertinentia,
444 745 618 786 tenebit.
677 745 868 802 Quaesita
912 744 1024 784 enim
1067 743 1194 785 virtus
1242 752 1320 793 est,
1360 757 1444 784 non
1482 757 1576 798 quae

142 799 397 855 relinqueret
429 809 637 852 naturam,
674 803 748 843 sed
784 816 878 857 quae
912 809 1113 842 tueretur.
1170 800 1232 840 At
1263 799 1349 850 illa,
1381 809 1429 840 ut
1460 800 1576 841 vobis
1589 816 1621 848 b.

140 854 295 909 placet,
327 865 489 912 partem
525 859 733 914 quandam
772 867 928 907 tuetur,
960 858 1163 913 reliquam
1204 856 1373 898 deserit.
1430 856 1578 912 Atque

141 911 233 967 ipsa
266 913 476 955 institutio
510 914 693 956 hominis
726 916 759 956 si
789 915 1047 970 loqueretur,
1076 914 1167 954 haec
1198 912 1383 954 diceret:
1416 914 1577 955 Primos

142 983 241 1010 suos
263 971 380 1025 quasi
409 980 573 1027 coeptus
602 972 827 1028 appetendi
857 971 1000 1022 fuisse,
1030 981 1079 1012 ut
1109 985 1153 1011 se
1183 979 1448 1011 conservaret.
1465 971 1507 1011 in
1529 984 1578 1011 ea

142 1034 304 1077 natura,
326 1027 366 1068 in
388 1043 472 1084 qua
493 1038 609 1070 ortus
629 1039 752 1070 esset.
792 1028 998 1069 Nondum
1021 1036 1163 1068 autem
1184 1027 1453 1081 explanatum
1475 1027 1576 1069 satis

143 1092 247 1133 erat,
280 1085 430 1140 82quid
458 1085 639 1127 maxime
677 1096 826 1127 natura
858 1085 995 1125 vellet.
1025 1084 1270 1139 explanetur
1299 1083 1443 1138 igitur.
1475 1084 1577 1140 quid

141 1152 245 1194 ergo
265 1141 379 1182 aliud
399 1142 673 1197 intelligetur,
696 1143 775 1183 nisi
803 1151 852 1183 ut
882 1158 933 1183 ne
965 1156 1047 1197 qua
1077 1156 1171 1196 pars
1202 1149 1362 1181 naturae
1383 1141 1576 1196 negliga-

143 1197 242 1236 tur?
274 1197 316 1238 in
334 1214 416 1253 qua
437 1200 469 1239 si
491 1199 594 1240 nihil
627 1208 690 1240 est
722 1208 874 1255 praeter
905 1200 1127 1248 rationem,
1159 1197 1211 1238 sit
1241 1197 1283 1237 in
1314 1212 1397 1238 una
1425 1198 1578 1238 virtute

142 1251 233 1292 finis
254 1254 475 1296 bonorum.
507 1256 570 1296 sin
604 1266 669 1297 est
691 1257 818 1297 etiam
848 1270 1016 1311 corpuS,
1047 1255 1126 1295 ista
1156 1254 1395 1310 explanatio
1416 1265 1576 1296 naturae

142 1322 292 1365 nempe
312 1311 393 1352 hoc
414 1312 609 1363 effecerit,
630 1320 677 1353 ut
699 1327 760 1363 ea,
796 1328 889 1368 quae
918 1323 1015 1353 ante
1045 1311 1381 1366 explanationem
1404 1311 1576 1352 teneba-

142 1379 251 1416 mu8,
272 1367 571 1424 relinquamus.
631 1371 748 1424 Ergo
779 1370 822 1410 id
849 1378 912 1409 est
940 1368 1232 1409 convenienter
1250 1376 1409 1408 naturae
1429 1368 1577 1419 vivere,

141 1436 165 1461 a
185 1431 333 1464 natura
359 1425 588 1467 discedere.
648 1427 711 1467 Ut
740 1425 910 1481 quidam
940 1423 1198 1480 philosophi,
1224 1438 1320 1464 cum
1341 1439 1365 1464 a
1387 1425 1576 1466 sensibus
1587 1439 1639 1472 42

140 1478 334 1541 profecti,
355 1481 515 1536 majora
545 1482 753 1537 quaedam,
785 1497 832 1522 ac
863 1482 1064 1522 diviniora
1093 1480 1304 1532 vidissent,
1335 1495 1480 1522 sensus
1510 1497 1576 1522 re·-

139 1534 379 1593 liquerunt:
412 1538 470 1578 sic
498 1540 580 1588 isti,
603 1553 701 1578 cum
732 1553 782 1578 ex
811 1538 1070 1593 appetitione
1100 1552 1255 1587 rerum,
1285 1537 1450 1578 virtutis
1480 1538 1576 1593 pul-

139 1590 422 1635 chritudinem
436 1595 736 1651 adspexissent,
751 1596 894 1636 omnia
910 1602 946 1626 88
959 1609 1052 1650 quae
1066 1602 1219 1649 praeter
1231 1594 1426 1634 virtutem
1442 1594 1574 1650 ipsam

140 1647 340 1701 viderant,
361 1650 620 1707 abjecerunt,
653 1651 789 1703 obliti,
816 1662 1011 1693 naturam
1041 1665 1211 1692 omnem
1241 1651 1574 1705 appetendarum

139 1718 280 1746 rerum
310 1707 368 1748 ita
399 1708 484 1749 late
513 1718 670 1764 patere,
706 1718 754 1749 ut
781 1724 805 1749 a
839 1708 1055 1764 principiis
1083 1717 1350 1763 permanaret
1370 1707 1424 1748 ad
1446 1708 1573 1749 fines:

141 1768 180 1792 84
190 1776 326 1818 neque
347 1764 604 1821 intelligunt,
624 1781 667 1806 se
687 1780 826 1806 rerum
852 1765 1018 1806 illarum
1048 1764 1321 1821 pulchrarum
1351 1774 1477 1819 atque
1496 1765 1573 1806 ad·
1652 1812 1658 1821 1

138 1817 395 1861 mirabilium
418 1823 739 1864 &fundamenta
764 1822 1011 1863 subducere.
1073 1823 1224 1878 Itaque
1256 1820 1360 1861 mihi
1385 1821 1577 1863 videntur
1595 1812 1658 1865 16

140 1888 287 1916 omnes
309 1877 479 1932 quidem
497 1879 558 1920 illi
578 1894 751 1929 errasse,
774 1880 845 1935 qui
872 1879 996 1920 finem
1026 1879 1237 1919 bonorum
1255 1892 1346 1919 esse
1367 1877 1575 1929 dixerunt,
1587 1890 1637 1924 43

140 1932 334 1974 Honeste
371 1934 518 1976 vivere.
586 1936 667 1977 Sed
707 1936 812 1977 alius
856 1937 939 1977 alio
984 1936 1122 1991 magis
1147 1951 1156 1975 ε
1209 1935 1371 1991 Pyrrho
1415 1935 1577 1976 scilicet

139 1990 338 2041 maxime,
365 1991 501 2047 86qui,
532 1993 684 2034 virtute
719 1993 963 2044 constituta,
994 1993 1098 2033 nihil
1133 1992 1322 2042 omnino,
1353 1992 1469 2048 quod
1497 2004 1575 2049 ap-

183 2182 222 2205 80
246 2172 519 2212 sin—negligemus,
543 2185 632 2215 neque
660 2174 832 2213 t.—-refere-
877 2174 956 2204 illud
985 2184 1099 2204 verum
1127 2183 1207 2210 esse,
1239 2173 1419 2213 recepitque
1449 2180 1479 2204 et
1508 2175 1573 2205 Da-

137 2217 212 2256 mus]
246 2218 298 2247 Sic
329 2217 448 2255 corrigo
482 2226 537 2255 pro
574 2216 757 2256 negligimus,
790 2229 832 2245 re·
876 2218 985 2247 visius.

125 2261 270 2302 ferimus,
294 2270 333 2290 ex
356 2261 424 2289 edd.
448 2270 494 2298 pr.
539 2261 576 2290 In
594 2261 748 2298 referemus
764 2261 832 2290 edd.

136 2314 182 2343 pr.
206 2314 317 2334 omnes
341 2304 557 2334 consentiunt.
581 2303 754 2342 negligemus
779 2304 835 2333 ha-

134 2348 188 2378 bet
204 2348 252 2377 ed.
269 2347 349 2376 Ven.
368 2354 460 2378 1494.

183 2397 218 2420 81
245 2390 300 2418 nisi
324 2402 369 2425 ea,
393 2401 459 2430 quae
483 2390 541 2418 sint
561 2396 608 2428 pr.
633 2387 676 2426 th]
703 2389 760 2417 sint
776 2390 832 2418 ha-

137 2433 214 2463 bent
244 2433 322 2463 Mss.
349 2440 379 2462 et
409 2434 478 2462 edd.
510 2443 555 2471 pr.
585 2442 684 2471 usque
712 2432 749 2461 ad
778 2432 832 2461 Vi-

135 2478 272 2506 ctorium
286 2488 291 2504 :
318 2477 411 2514 idque
423 2476 522 2505 verior
534 2475 669 2505 latinitas
682 2475 832 2514 postulat.

135 2527 205 2559 post
220 2519 340 2557 vulgati
356 2526 420 2547 sunt
436 2519 565 2548 habent.

181 2570 220 2593 82
244 2562 317 2603 quid
344 2562 470 2590 maxime
499 2568 560 2591 nat.
592 2559 694 2599 vellet]
734 2561 831 2590 Com-

136 2607 290 2645 pendium
313 2606 398 2634 verbi
421 2605 514 2643 primi
539 2606 570 2634 in
593 2604 678 2634 libris
702 2604 776 2634 fecit
795 2610 831 2633 ut

136 2649 187 2678 alii
205 2649 289 2689 quod,
307 2648 358 2677 alii
376 2648 447 2689 quid
464 2649 600 2678 ederent.
618 2648 680 2677 hoc
696 2647 833 2677 latinitas

138 2691 293 2730 postulat:
318 2692 424 2729 itaque
440 2691 575 2730 praetuli.

183 2741 220 2764 83
247 2746 311 2775 quae
328 2741 440 2773 praeter
462 2734 605 2763 virtutem
629 2733 649 2763 i.
676 2730 831 2772 viderant]

139 2777 217 2806 Edd.
246 2787 372 2813 ornnes,
409 2784 518 2816 praetet
547 2779 678 2807 Ascens.
715 2777 835 2805 habent

134 2826 262 2859 propter.
286 2821 362 2850 item
387 2820 465 2850 Mss.
510 2820 635 2849 Vitium
657 2826 764 2849 ortum
788 2825 834 2848 est

138 2872 155 2891 e
179 2864 370 2902 compendio
392 2863 558 2893 scribendi.
586 2873 632 2893 res
651 2863 719 2902 ipsa
743 2863 834 2892 docet

922 2267 960 2290 84
984 2269 1074 2300 neque
1103 2258 1283 2299 intelligunt]
1317 2259 1466 2289 Davisius
1497 2270 1574 2290 con-

875 2302 945 2340 jicit
971 2301 1174 2340 intelligentes,
1199 2311 1315 2341 nempe
1341 2310 1377 2331 ut
1401 2302 1508 2332 simile
1535 2304 1574 2334 sit

878 2347 918 2383 «τῷ
935 2345 1016 2374 obliti
1030 2356 1038 2372 :
1062 2345 1115 2374 sed
1129 2352 1175 2375 est
1189 2346 1293 2385 potius
1309 2345 1574 2384 conjungendum

877 2398 954 2418 cum
971 2388 1143 2427 alqjccerunt.

920 2439 957 2462 85
971 2431 1170 2471 flcndamenta
1190 2429 1354 2468 subducere]
1388 2430 1573 2469 Suspicatus

875 2484 949 2504 sum
973 2484 1027 2514 pro
1051 2474 1201 2503 subducere
1223 2483 1289 2503 esse
1312 2474 1484 2511 legendum
1508 2475 1572 2503 sub-

875 2529 966 2546 ruere.
984 2527 1059 2547 nam
1077 2517 1156 2547 illud
1178 2517 1302 2546 videtur
1322 2518 1475 2557 requirere
1492 2517 1573 2547 rebus

874 2559 934 2589 illis
951 2562 1010 2591 ἃς.

919 2609 957 2633 86
982 2602 1152 2645 qui—quod
1179 2602 1368 2642 appetendum
1397 2602 1448 2638 sit,
1483 2603 1572 2631 relin-

877 2653 970 2687 quat:
996 2647 1023 2676 d.
1047 2648 1088 2676 A.
1112 2646 1162 2687 qui
1186 2645 1262 2674 nihil
1283 2645 1443 2687 relinquere
1463 2657 1516 2674 non
1533 2653 1573 2675 est

877 2689 973 2728 ausus]
1004 2691 1080 2720 Non
1107 2690 1313 2719 consentiunt
1343 2696 1494 2728 tempora.
1540 2689 1572 2718 Si

876 2733 992 2762 scribas
1006 2733 1176 2774 qui—quod
1190 2732 1379 2771 appetendum
1402 2739 1482 2768 esset,
1507 2731 1574 2761 reli-

878 2775 942 2816 quit
958 2777 1006 2806 vel
1022 2776 1136 2807 saltem
1160 2774 1311 2817 relinquit,
1336 2776 1417 2805 bene
1440 2784 1574 2806 eonsen-

878 2819 956 2849 tiant
971 2820 1092 2850 onmia.
