1768 3095
596 110 775 148 LIBER
804 111 1048 149 PRIMUS.
1489 115 1540 156 87

101 220 198 264 dem
218 219 350 263 homo
368 227 531 270 acutus,
552 233 650 260 cum
681 217 787 259 illud
817 224 1084 267 occurreret3
1116 215 1151 257 si
1177 217 1321 258 omnia
1340 218 1538 262 deorsum

100 292 125 320 e
145 278 317 333 regione
337 277 555 326 ferrentur,
577 284 633 325 et,
654 284 701 316 ut
721 274 820 326 dixi,
842 274 895 315 ad
921 274 1089 324 lineam,
1111 288 1345 329 numquam
1367 275 1472 326 fore,
1493 286 1540 318 ut

98 343 266 376 atomus
287 334 415 375 altera
435 332 608 374 alteram
634 339 775 387 posset
796 331 1004 386 attingere
1025 347 1034 370 z
1067 338 1107 362 34
1125 330 1266 386 itaque
1288 330 1430 371 attulit
1451 346 1539 374 rem

99 390 466 433 commenticiam:
505 389 714 430 declinare
752 388 856 429 dixit
894 398 1085 428 atomum
1126 386 1422 442 perpaullum:
1454 403 1539 443 quo

99 447 204 489 nihil
234 455 378 502 posset
410 445 497 486 fieri
527 445 680 486 minus.
711 444 770 488 ita
800 444 907 485 effici
938 444 1269 499 complexiones,
1290 453 1332 485 et
1362 445 1538 499 copula—

98 504 247 554 tiones,
267 511 310 544 et
328 501 667 543 adhaesitationes
697 511 938 543 atomorum
971 501 1082 542 inter
1111 514 1183 540 se:
1214 515 1264 541 ex
1291 515 1377 556 quo
1397 501 1537 542 effice-

96 570 210 601 retur
228 558 425 610 mundus,
448 572 678 614 omnesque
699 567 837 613 partes
865 557 1026 608 mundi,
1046 572 1227 613 quaeque
1248 557 1291 598 in
1313 573 1363 598 eo
1385 568 1537 600 essent.

96 629 190 671 quae
223 629 320 656 cum
342 629 406 656 res
427 624 518 656 tota
538 616 635 656 ficta
664 615 717 655 sit
747 615 977 670 pueriliter,
1000 624 1091 655 tum
1125 629 1184 660 ne,
1207 614 1335 655 efficit
1364 615 1538 670 quidem

94 671 209 727 quod
241 672 342 713 vult.
383 686 480 713 nam
516 682 559 714 et
594 672 683 727 ipsa
722 672 961 722 declinatio,
999 671 1052 712 ad
1087 670 1302 712 libidinem
1347 671 1536 727 fingitur,

96 728 171 782 (ait
192 728 303 769 enim
324 729 534 770 declinare
554 738 745 770 atomum
779 729 868 769 sine
898 743 1025 770 causa
1047 745 1056 769 :
1088 735 1128 760 3⁵
1147 742 1278 783 quum
1311 728 1415 769 nihil
1446 737 1536 770 tur-

90 785 184 840 pius
217 785 412 842 physico,
445 800 572 841 quarn
611 785 699 826 fieri
742 786 829 827 sine
874 800 1002 826 causa
1037 784 1269 840 quidquam
1305 784 1460 839 dicere)
1494 794 1538 827 et

90 841 208 883 illum
230 852 397 883 motum
419 843 652 884 naturalem
675 842 867 883 omnium
898 841 1150 897 ponderum,
1183 850 1229 882 ut
1257 842 1347 897 ipse
1376 843 1536 884 eonsti-

90 899 186 949 tuit‚
207 913 230 938 e
255 900 427 955 regione
459 899 700 941 inferiorem
734 899 876 941 locum
908 899 1157 954 petentium,
1181 899 1269 939 sine
1299 913 1426 939 causa
1454 900 1536 940 eri-

90 956 184 1010 puit
204 957 356 997 atomis
374 972 384 996 z
415 970 490 996 nec
512 966 653 997 tamen
675 955 730 1006 id,
752 955 873 1011 cujus
895 970 1021 997 causa
1042 962 1081 987 36
1099 956 1190 996 haec
1213 955 1400 1006 finxerat,
1421 970 1536 997 asse—

88 1022 213 1053 cutus
234 1022 311 1053 est.
366 1013 481 1053 Nam
502 1014 537 1054 si
556 1028 701 1054 omnes
723 1013 855 1053 atomi
875 1012 1161 1062 declinabunt,
1184 1012 1309 1053 nullae
1330 1027 1535 1068 umquam
1546 1020 1599 1054 20

87 1067 401 1110 cohaerescent:
437 1077 475 1106 37
493 1070 555 1110 sin
588 1070 681 1111 aliae
711 1069 997 1118 declinabunt,
1036 1069 1128 1109 aliae
1162 1083 1240 1109 suo
1277 1078 1383 1110 nutu
1418 1080 1533 1112 recte

87 1124 296 1166 ferentur:
326 1127 510 1180 primum
531 1128 609 1168 erit
630 1126 711 1167 hoc
734 1126 854 1182 quasi
874 1126 1106 1181 provincias
1125 1125 1279 1167 atomis
1300 1125 1413 1176 dare,
1436 1142 1533 1182 quae

86 1190 212 1232 recte,
234 1198 328 1238 quae
359 1184 530 1239 oblique
559 1183 772 1224 ferantur:
805 1182 956 1223 deinde
988 1182 1135 1224 eadem
1167 1182 1239 1223 illa
1271 1192 1531 1235 atomorum,

86 1236 128 1277 in
160 1253 244 1292 quo
275 1240 401 1279 etiam
429 1240 703 1280 Democritus
734 1239 881 1290 haeret,
901 1239 1145 1280 turbulenta
1172 1239 1395 1281 concursio
1418 1239 1530 1282 hunc
1543 1249 1574 1279 p.
1589 1247 1640 1273 ⁵8·

86 1294 235 1335 mundi
254 1303 449 1336 ornatum
471 1296 635 1336 efficere
655 1310 739 1336 non
760 1296 929 1351 poterit.
961 1310 1013 1336 ne
1033 1296 1138 1337 illud
1160 1296 1329 1351 quidem
1350 1296 1532 1353 physici,
1543 1292 1572 1314 ²·

86 1350 259 1392 credere
280 1352 439 1407 aliquid
459 1367 549 1393 esse
578 1353 816 1393 minimum.
847 1351 963 1407 quod
982 1352 1174 1407 profecto
1196 1367 1428 1408 numquam
1450 1368 1532 1408 pu-

84 1408 268 1457 tavisset,
287 1409 320 1448 si
341 1423 365 1448 a
388 1409 601 1464 Polyaeno,
623 1408 817 1449 familiari
838 1424 929 1459 suo,
949 1409 1229 1463 geometriam
1256 1409 1417 1449 discere
1437 1425 1531 1451 ma-

82 1460 243 1512 luisset,
263 1478 391 1519 quam
415 1464 530 1505 illam
562 1465 688 1506 etiam
720 1466 861 1520 ipsum
893 1466 1114 1505 dedocere.
1173 1465 1246 1506 Sol
1276 1466 1531 1508 Democrito

85 1532 265 1574 magnus
300 1521 477 1571 videtur,
512 1522 668 1577 quippe
708 1522 870 1562 homini
909 1521 1091 1572 erudito,
1127 1522 1166 1562 in
1206 1523 1530 1579 geometriaque

82 1577 282 1630 perfecto.
314 1577 413 1618 huic
445 1578 650 1633 bipedalis
683 1578 886 1619 fortasse:
918 1586 1083 1619 tantum
1104 1577 1217 1619 enim
1247 1593 1337 1619 esse
1367 1589 1527 1632 censet,

82 1641 262 1686 quantus
279 1633 457 1685 videtur,
478 1635 540 1676 vel
560 1634 704 1690 paullo
725 1643 799 1675 aut
824 1634 1044 1690 majorem,
1065 1643 1139 1675 aut
1159 1634 1384 1676 minorem.
1447 1637 1585 1689 Ita,21

81 1702 174 1743 quae
205 1699 358 1742 mutat,
378 1705 428 1732 ea
456 1692 716 1746 corrumpit:
749 1706 844 1747 quae
877 1691 1080 1746 sequitur,
1112 1699 1211 1732 sunt
1240 1700 1333 1732 tota
1363 1693 1529 1734 Demo-

79 1745 187 1787 criti.
215 1748 362 1798 atomi‚
382 1748 519 1798 inane,
541 1747 761 1803 imagines,
783 1763 877 1804 quae
896 1747 1010 1789 idola
1031 1748 1264 1798 nominant,
1287 1756 1326 1780 ³8
1344 1764 1529 1805 quorum

80 1800 318 1844 incursione
339 1819 424 1846 non
444 1805 582 1846 solum
609 1805 839 1856 videamus,
870 1804 943 1846 sed
971 1805 1097 1846 etiam
1133 1805 1402 1860 cogitemus:
1434 1806 1529 1847 infi-

79 1858 184 1900 nitio
204 1859 307 1914 ipsa,
330 1875 457 1915 quam
488 1861 652 1917 ἀπειρίαν
674 1869 840 1912 vocant,
860 1870 950 1903 tota
980 1862 1033 1902 ab
1063 1861 1136 1903 illo
1163 1871 1227 1902 est
1248 1879 1257 1902 ε
1290 1870 1380 1903 tum
1401 1862 1528 1904 innu-

78 1916 302 1957 merabiles
322 1917 484 1968 mundi,
506 1918 579 1973 qui
598 1927 641 1958 et
661 1918 863 1969 oriantur,
884 1927 927 1958 et
953 1918 1162 1959 intereant
1192 1918 1397 1974 quotidie.
1429 1935 1526 1975 quae

76 1971 155 2011 etsi
175 1972 280 2013 mihi
301 1973 418 2014 nullo
438 1973 570 2014 modo
592 1974 824 2029 probantur
841 1992 851 2016 ε
884 1984 1026 2015 tamen
1055 1975 1354 2016 Democritum
1374 1976 1524 2018 lauda-

76 2035 168 2068 tum
190 2043 214 2068 a
235 2030 397 2080 ceteris,
420 2031 472 2071 ab
493 2029 589 2081 hoc,
610 2030 682 2085 qui
701 2045 798 2071 eum
820 2046 953 2072 unum
985 2040 1153 2073 secutus
1184 2041 1262 2081 est,
1285 2032 1440 2073 nollem
1462 2034 1522 2075 vi-

75 2092 334 2139 tuperatum.
391 2088 489 2128 Jam
510 2087 551 2127 in
572 2086 704 2127 altera
722 2087 1005 2142 philosophiae
1031 2097 1163 2152 parte,
1187 2104 1282 2144 quae
1312 2098 1377 2130 est
1405 2094 1568 2147 quae-7

77 2141 211 2192 rendi,
232 2156 280 2183 ac
310 2143 555 2194 disserendi,
576 2159 671 2199 quae
690 2147 823 2198 λογικὴ
849 2144 1017 2195 dicitur,
1039 2155 1118 2186 lste
1142 2154 1290 2196 vester,
1311 2146 1451 2200 plane,
1472 2157 1522 2190 ut
1533 2167 1583 2198 22

75 2197 180 2239 mihi
201 2198 373 2254 quidem
402 2199 580 2251 videtur,
606 2200 777 2242 inermis
806 2215 854 2241 ac
886 2201 1023 2242 nudus
1055 2211 1133 2242 est.
1164 2201 1278 2244 tollit
1307 2202 1518 2245 definitio-

75 2267 175 2295 nes:
226 2256 332 2296 nihil
365 2255 418 2297 de
455 2256 679 2298 dividendo
715 2271 764 2298 ac
810 2257 1032 2313 partiendo
1081 2258 1235 2299 docet:
1286 2274 1386 2310 non,
1432 2275 1519 2316 quo

75 2311 206 2352 modo
240 2312 444 2353 efficiatur
474 2313 837 2370 concludaturque
869 2314 990 2364 ratio,
1022 2314 1177 2355 tradit:
1212 2329 1311 2365 non,
1342 2330 1425 2371 qua
1455 2317 1520 2358 via

72 2368 262 2423 captiosa
298 2369 526 2421 solvantur,
562 2371 765 2426 ambigua
802 2370 1132 2426 distinguantur,
1167 2371 1367 2412 ostendit.
1399 2372 1517 2429 judi-

71 2423 137 2465 cia
168 2439 310 2467 rerum
337 2426 380 2467 in
415 2427 606 2469 sensibus
637 2427 786 2484 ponit:
818 2428 973 2483 quibus
1006 2428 1041 2469 si
1075 2427 1204 2469 semel
1232 2428 1392 2485 aliquid
1421 2430 1517 2472 falsi

113 2555 154 2580 34
170 2551 269 2592 itaque
284 2551 401 2590 attulit]
418 2552 498 2582 Haec
514 2553 675 2582 cohaerent
690 2562 767 2583 curn
811 2553 882 2583 libri
905 2563 964 2585 scr.
980 2553 1123 2594 quidam.
1138 2554 1187 2584 ed.
1203 2555 1253 2585 Jo.
1269 2555 1307 2584 de
1324 2554 1395 2585 Col.
1418 2556 1516 2587 habet

71 2592 126 2623 illo
155 2593 232 2623 homo
258 2602 369 2624 acutus.
397 2605 469 2634 ergo
499 2595 598 2636 itaque
624 2595 767 2626 alienum
811 2596 853 2627 id.

69 2642 127 2672 est,
143 2637 392 2677 delendumque.
410 2645 446 2668 ut
460 2644 491 2668 et
506 2638 558 2668 alii
574 2639 731 2669 viderunt.
855 2645 893 2674 37
920 2639 985 2669 sive
1010 2637 1093 2677 aliae]
1127 2638 1244 2669 Malim
1274 2648 1352 2669 cum
1382 2641 1515 2672 Davisio

113 2684 151 2710 :35
169 2691 256 2721 quum
278 2680 354 2710 nihil
374 2681 488 2721 turpius
506 2681 559 2720 ph.
580 2680 654 2721 &c.]
680 2692 768 2723 quum
812 2682 868 2712 sin.

69 2721 150 2751 edidi
174 2732 230 2762 pro
252 2736 317 2766 quo.
362 2724 414 2754 Sic
437 2724 557 2764 placuit
572 2732 602 2755 et
618 2725 716 2755 Bruto
738 2731 769 2755 et
854 2731 894 2755 38
926 2736 1046 2766 quorum
1076 2723 1248 2763 incursione]
1286 2725 1436 2756 Quorum
1472 2727 1511 2756 ad

70 2763 208 2796 Davisio.
811 2767 888 2797 idola
914 2768 1127 2807 referendum,
1155 2774 1211 2798 aut
1234 2767 1294 2808 leg.
1319 2780 1442 2809 quarum
1466 2779 1511 2800 sc.

114 2811 155 2836 36
177 2807 238 2837 haec
247 2808 399 2850 finxerat]
425 2810 533 2840 Immo
549 2810 599 2839 hoc
616 2811 654 2840 de
672 2809 769 2840 decli·
811 2811 1005 2850 imaginum.

69 2850 197 2880 natione
213 2857 394 2883 atomorum
411 2862 428 2883 a
446 2860 531 2883 recta
552 2854 647 2883 linea.
671 2860 702 2883 et
722 2854 768 2883 sic

807 2907 890 2945 <³4
